|join|ally451
|join|fzappa
|player|p1|ally451|50
|player|p2|fzappa|101
|gametype|singles
|gen|6
|tier|OU
|rated
|clearpoke
|poke|p1|Whimsicott, F
|poke|p1|Slowbro, M
|poke|p1|Chansey, F
|poke|p1|Ditto
|poke|p1|Gliscor, M
|poke|p1|Tentacruel, M
|poke|p2|Victini
|poke|p2|Altaria, F
|poke|p2|Diggersby, F
|poke|p2|Skarmory, M
|poke|p2|Greninja, M
|poke|p2|Rotom-Wash
|rule|Swagger Clause: Swagger is banned
|rule|Baton Pass Clause: Limit one PokÃ©mon knowing Baton Pass
|rule|Sleep Clause Mod: Limit one foe put to sleep
|rule|Species Clause: Limit one of each PokÃ©mon
|rule|OHKO Clause: OHKO moves are banned
|rule|Moody Clause: Moody is banned
|rule|Evasion Moves Clause: Evasion moves are banned
|rule|Endless Battle Clause: Forcing endless battles is banned
|rule|HP Percentage Mod: HP is shown in percentages
|teampreview
|
|start
|switch|p1a: Gliscor|Gliscor, M|353\/353
|switch|p2a: Greninja|Greninja, M|285\/285
|turn|1
|
|switch|p1a: Chansey|Chansey, F|704\/704
|move|p2a: Greninja|Spikes|p1a: Chansey
|-start|p2a: Greninja|typechange|Ground|[from] Protean
|-sidestart|p1: ally451|Spikes
|
|turn|2
|
|switch|p2a: Skarmory|Skarmory, M|334\/334
|move|p1a: Chansey|Wish|p1a: Chansey
|
|turn|3
|
|switch|p1a: Gliscor|Gliscor, M|353\/353
|move|p2a: Skarmory|Stealth Rock|p1a: Gliscor
|-sidestart|p1: ally451|move: Stealth Rock
|
|-status|p1a: Gliscor|tox|[from] item: Toxic Orb
|turn|4
|
|move|p1a: Gliscor|Stealth Rock|p2a: Skarmory
|-sidestart|p2: fzappa|move: Stealth Rock
|move|p2a: Skarmory|Roar|p1a: Gliscor
|drag|p1a: Slowbro|Slowbro, M|394\/394
|-damage|p1a: Slowbro|345\/394|[from] Stealth Rock
|-damage|p1a: Slowbro|296\/394|[from] Spikes
|
|turn|5
|
|switch|p2a: Rotom-Wash|Rotom-Wash|304\/304
|-damage|p2a: Rotom-Wash|266\/304|[from] Stealth Rock
|move|p1a: Slowbro|Flamethrower|p2a: Rotom-Wash
|-resisted|p2a: Rotom-Wash
|-damage|p2a: Rotom-Wash|234\/304
|
|-heal|p2a: Rotom-Wash|253\/304|[from] item: Leftovers
|turn|6
|
|switch|p1a: Gliscor|Gliscor, M|353\/353 tox
|-damage|p1a: Gliscor|309\/353 tox|[from] Stealth Rock
|move|p2a: Rotom-Wash|Hydro Pump|p1a: Gliscor
|-supereffective|p1a: Gliscor
|-damage|p1a: Gliscor|0 fnt
|faint|p1a: Gliscor
|
|-heal|p2a: Rotom-Wash|272\/304|[from] item: Leftovers
|
|switch|p1a: Whimsicott|Whimsicott, F|323\/323
|-damage|p1a: Whimsicott|283\/323|[from] Spikes
|-damage|p1a: Whimsicott|243\/323|[from] Stealth Rock
|turn|7
|
|move|p1a: Whimsicott|Substitute|p1a: Whimsicott
|-start|p1a: Whimsicott|Substitute
|-damage|p1a: Whimsicott|163\/323
|move|p2a: Rotom-Wash|Volt Switch|p1a: Whimsicott
|-resisted|p1a: Whimsicott
|-activate|p1a: Whimsicott|Substitute|[damage]
|
|switch|p2a: Altaria|Altaria, F|291\/291
|-damage|p2a: Altaria|219\/291|[from] Stealth Rock
|
|-heal|p1a: Whimsicott|183\/323|[from] item: Leftovers
|turn|8
|
|detailschange|p2a: Altaria|Altaria-Mega, F
|message|Altaria has Mega Evolved into Mega Altaria!
|move|p1a: Whimsicott|Moonblast|p2a: Altaria
|-supereffective|p2a: Altaria
|-damage|p2a: Altaria|33\/291
|-unboost|p2a: Altaria|spa|1
|move|p2a: Altaria|Hyper Voice|p1a: Whimsicott
|-damage|p1a: Whimsicott|24\/323
|
|-heal|p1a: Whimsicott|44\/323|[from] item: Leftovers
|turn|9
|
|move|p1a: Whimsicott|Moonblast|p2a: Altaria
|-supereffective|p2a: Altaria
|-damage|p2a: Altaria|0 fnt
|faint|p2a: Altaria
|
|-heal|p1a: Whimsicott|64\/323|[from] item: Leftovers
|
|switch|p2a: Skarmory|Skarmory, M|334\/334
|-damage|p2a: Skarmory|293\/334|[from] Stealth Rock
|turn|10
|
|move|p1a: Whimsicott|Leech Seed|p2a: Skarmory
|-start|p2a: Skarmory|move: Leech Seed
|move|p2a: Skarmory|Roost|p2a: Skarmory
|-heal|p2a: Skarmory|334\/334
|
|-heal|p1a: Whimsicott|84\/323|[from] item: Leftovers
|-damage|p2a: Skarmory|293\/334|[from] Leech Seed|[of] p1a: Whimsicott
|-heal|p1a: Whimsicott|125\/323|[silent]
|turn|11
|
|move|p1a: Whimsicott|Encore|p2a: Skarmory
|-start|p2a: Skarmory|Encore
|move|p2a: Skarmory|Roost|p2a: Skarmory
|-heal|p2a: Skarmory|334\/334
|
|-heal|p1a: Whimsicott|145\/323|[from] item: Leftovers
|-damage|p2a: Skarmory|293\/334|[from] Leech Seed|[of] p1a: Whimsicott
|-heal|p1a: Whimsicott|186\/323|[silent]
|turn|12
|c|âfzappa|misclick of peace
|
|switch|p2a: Rotom-Wash|Rotom-Wash|272\/304
|-damage|p2a: Rotom-Wash|234\/304|[from] Stealth Rock
|move|p1a: Whimsicott|Leech Seed|p2a: Rotom-Wash
|-start|p2a: Rotom-Wash|move: Leech Seed
|
|-heal|p1a: Whimsicott|206\/323|[from] item: Leftovers
|-heal|p2a: Rotom-Wash|253\/304|[from] item: Leftovers
|-damage|p2a: Rotom-Wash|215\/304|[from] Leech Seed|[of] p1a: Whimsicott
|-heal|p1a: Whimsicott|244\/323|[silent]
|turn|13
|
|move|p1a: Whimsicott|Moonblast|p2a: Rotom-Wash
|-damage|p2a: Rotom-Wash|130\/304
|-unboost|p2a: Rotom-Wash|spa|1
|move|p2a: Rotom-Wash|Volt Switch|p1a: Whimsicott
|-resisted|p1a: Whimsicott
|-end|p1a: Whimsicott|Substitute
|
|switch|p2a: Victini|Victini|404\/404
|-damage|p2a: Victini|303\/404|[from] Stealth Rock
|
|-heal|p1a: Whimsicott|264\/323|[from] item: Leftovers
|-heal|p2a: Victini|328\/404|[from] item: Leftovers
|turn|14
|
|move|p1a: Whimsicott|Substitute|p1a: Whimsicott
|-start|p1a: Whimsicott|Substitute
|-damage|p1a: Whimsicott|184\/323
|move|p2a: Victini|V-create|p1a: Whimsicott
|-supereffective|p1a: Whimsicott
|-end|p1a: Whimsicott|Substitute
|-unboost|p2a: Victini|def|1
|-unboost|p2a: Victini|spd|1
|-unboost|p2a: Victini|spe|1
|
|-heal|p1a: Whimsicott|204\/323|[from] item: Leftovers
|-heal|p2a: Victini|353\/404|[from] item: Leftovers
|turn|15
|
|switch|p1a: Slowbro|Slowbro, M|394\/394
|-damage|p1a: Slowbro|345\/394|[from] Stealth Rock
|-damage|p1a: Slowbro|296\/394|[from] Spikes
|move|p2a: Victini|V-create|p1a: Slowbro
|-resisted|p1a: Slowbro
|-damage|p1a: Slowbro|212\/394
|-unboost|p2a: Victini|def|1
|-unboost|p2a: Victini|spd|1
|-unboost|p2a: Victini|spe|1
|
|-heal|p2a: Victini|378\/404|[from] item: Leftovers
|turn|16
|
|detailschange|p1a: Slowbro|Slowbro-Mega, M
|message|Slowbro has Mega Evolved into Mega Slowbro!
|move|p2a: Victini|Substitute|p2a: Victini
|-start|p2a: Victini|Substitute
|-damage|p2a: Victini|277\/404
|move|p1a: Slowbro|Slack Off|p1a: Slowbro
|-heal|p1a: Slowbro|394\/394
|
|-heal|p2a: Victini|302\/404|[from] item: Leftovers
|turn|17
|
|move|p2a: Victini|Power-Up Punch|p1a: Slowbro
|-resisted|p1a: Slowbro
|-damage|p1a: Slowbro|385\/394
|-boost|p2a: Victini|atk|1
|move|p1a: Slowbro|Scald|p2a: Victini
|-supereffective|p2a: Victini
|-end|p2a: Victini|Substitute
|
|-heal|p2a: Victini|327\/404|[from] item: Leftovers
|turn|18
|
|switch|p2a: Rotom-Wash|Rotom-Wash|130\/304
|-damage|p2a: Rotom-Wash|92\/304|[from] Stealth Rock
|move|p1a: Slowbro|Scald|p2a: Rotom-Wash
|-resisted|p2a: Rotom-Wash
|-damage|p2a: Rotom-Wash|38\/304
|-status|p2a: Rotom-Wash|brn
|
|-heal|p2a: Rotom-Wash|57\/304 brn|[from] item: Leftovers
|-damage|p2a: Rotom-Wash|19\/304 brn|[from] brn
|turn|19
|
|switch|p1a: Ditto|Ditto|300\/300
|-damage|p1a: Ditto|263\/300|[from] Spikes
|-damage|p1a: Ditto|226\/300|[from] Stealth Rock
|-transform|p1a: Ditto|p2a: Rotom-Wash
|move|p2a: Rotom-Wash|Pain Split|p1a: Ditto
|-sethp|p1a: Ditto|122\/300|p2a: Rotom-Wash|122\/304 brn|[from] move: Pain Split
|
|-heal|p2a: Rotom-Wash|141\/304 brn|[from] item: Leftovers
|-damage|p2a: Rotom-Wash|103\/304 brn|[from] brn
|turn|20
|
|switch|p2a: Diggersby|Diggersby, F|311\/311
|-damage|p2a: Diggersby|292\/311|[from] Stealth Rock
|move|p1a: Ditto|Volt Switch|p2a: Diggersby
|-immune|p2a: Diggersby|[msg]
|
|turn|21
|
|switch|p1a: Slowbro|Slowbro-Mega, M|385\/394
|-damage|p1a: Slowbro|336\/394|[from] Spikes
|-damage|p1a: Slowbro|287\/394|[from] Stealth Rock
|move|p2a: Diggersby|Return|p1a: Slowbro
|-damage|p1a: Slowbro|178\/394
|
|turn|22
|
|switch|p2a: Rotom-Wash|Rotom-Wash|103\/304 brn
|-damage|p2a: Rotom-Wash|65\/304 brn|[from] Stealth Rock
|move|p1a: Slowbro|Slack Off|p1a: Slowbro
|-heal|p1a: Slowbro|375\/394
|
|-heal|p2a: Rotom-Wash|84\/304 brn|[from] item: Leftovers
|-damage|p2a: Rotom-Wash|46\/304 brn|[from] brn
|turn|23
|
|switch|p1a: Ditto|Ditto|122\/300
|-damage|p1a: Ditto|85\/300|[from] Spikes
|-damage|p1a: Ditto|48\/300|[from] Stealth Rock
|-transform|p1a: Ditto|p2a: Rotom-Wash
|move|p2a: Rotom-Wash|Volt Switch|p1a: Ditto
|-damage|p1a: Ditto|0 fnt
|faint|p1a: Ditto
|
|switch|p2a: Diggersby|Diggersby, F|292\/311
|-damage|p2a: Diggersby|273\/311|[from] Stealth Rock
|
|
|switch|p1a: Slowbro|Slowbro-Mega, M|375\/394
|-damage|p1a: Slowbro|326\/394|[from] Spikes
|-damage|p1a: Slowbro|277\/394|[from] Stealth Rock
|turn|24
|
|move|p2a: Diggersby|U-turn|p1a: Slowbro
|-supereffective|p1a: Slowbro
|-damage|p1a: Slowbro|181\/394
|
|switch|p2a: Greninja|Greninja, M|285\/285
|-damage|p2a: Greninja|250\/285|[from] Stealth Rock
|move|p1a: Slowbro|Scald|p2a: Greninja
|-resisted|p2a: Greninja
|-damage|p2a: Greninja|167\/285
|
|turn|25
|
|switch|p1a: Chansey|Chansey, F|704\/704
|-damage|p1a: Chansey|616\/704|[from] Stealth Rock
|-damage|p1a: Chansey|528\/704|[from] Spikes
|move|p2a: Greninja|Spikes|p1a: Chansey
|-start|p2a: Greninja|typechange|Ground|[from] Protean
|-sidestart|p1: ally451|Spikes
|
|turn|26
|
|switch|p2a: Rotom-Wash|Rotom-Wash|46\/304 brn
|-damage|p2a: Rotom-Wash|8\/304 brn|[from] Stealth Rock
|move|p1a: Chansey|Wish|p1a: Chansey
|
|-heal|p2a: Rotom-Wash|27\/304 brn|[from] item: Leftovers
|-damage|p2a: Rotom-Wash|0 fnt|[from] brn
|faint|p2a: Rotom-Wash
|
|switch|p2a: Victini|Victini|327\/404
|-damage|p2a: Victini|226\/404|[from] Stealth Rock
|turn|27
|
|switch|p1a: Tentacruel|Tentacruel, M|364\/364
|-damage|p1a: Tentacruel|319\/364|[from] Stealth Rock
|-damage|p1a: Tentacruel|259\/364|[from] Spikes
|move|p2a: Victini|Power-Up Punch|p1a: Tentacruel
|-resisted|p1a: Tentacruel
|-damage|p1a: Tentacruel|242\/364
|-boost|p2a: Victini|atk|1
|
|-heal|p1a: Tentacruel|364\/364|[from] move: Wish|[wisher] Chansey
|-heal|p2a: Victini|251\/404|[from] item: Leftovers
|turn|28
|
|move|p2a: Victini|Power-Up Punch|p1a: Tentacruel
|-resisted|p1a: Tentacruel
|-damage|p1a: Tentacruel|337\/364
|-boost|p2a: Victini|atk|1
|move|p1a: Tentacruel|Rapid Spin|p2a: Victini
|-damage|p2a: Victini|240\/404
|-sideend|p1: ally451|Spikes|[from] move: Rapid Spin|[of] p1a: Tentacruel
|-sideend|p1: ally451|Stealth Rock|[from] move: Rapid Spin|[of] p1a: Tentacruel
|
|-heal|p2a: Victini|265\/404|[from] item: Leftovers
|-heal|p1a: Tentacruel|359\/364|[from] item: Black Sludge
|turn|29
|
|move|p2a: Victini|Fusion Bolt|p1a: Tentacruel
|-supereffective|p1a: Tentacruel
|-damage|p1a: Tentacruel|37\/364
|move|p1a: Tentacruel|Scald|p2a: Victini
|-supereffective|p2a: Victini
|-damage|p2a: Victini|97\/404
|
|-heal|p2a: Victini|122\/404|[from] item: Leftovers
|-heal|p1a: Tentacruel|59\/364|[from] item: Black Sludge
|turn|30
|
|move|p2a: Victini|Fusion Bolt|p1a: Tentacruel
|-supereffective|p1a: Tentacruel
|-damage|p1a: Tentacruel|0 fnt
|faint|p1a: Tentacruel
|
|-heal|p2a: Victini|147\/404|[from] item: Leftovers
|
|switch|p1a: Chansey|Chansey, F|528\/704
|turn|31
|
|move|p2a: Victini|Substitute|p2a: Victini
|-start|p2a: Victini|Substitute
|-damage|p2a: Victini|46\/404
|move|p1a: Chansey|Seismic Toss|p2a: Victini
|-activate|p2a: Victini|Substitute|[damage]
|
|-heal|p2a: Victini|71\/404|[from] item: Leftovers
|turn|32
|
|move|p2a: Victini|V-create|p1a: Chansey
|-damage|p1a: Chansey|0 fnt
|-unboost|p2a: Victini|def|1
|-unboost|p2a: Victini|spd|1
|-unboost|p2a: Victini|spe|1
|faint|p1a: Chansey
|
|-heal|p2a: Victini|96\/404|[from] item: Leftovers
|c|âally451|tricky tricky
|
|switch|p1a: Slowbro|Slowbro-Mega, M|181\/394
|turn|33
|
|move|p2a: Victini|Fusion Bolt|p1a: Slowbro
|-supereffective|p1a: Slowbro
|-damage|p1a: Slowbro|15\/394
|move|p1a: Slowbro|Slack Off|p1a: Slowbro
|-heal|p1a: Slowbro|212\/394
|
|-heal|p2a: Victini|121\/404|[from] item: Leftovers
|turn|34
|
|move|p2a: Victini|Power-Up Punch|p1a: Slowbro
|-resisted|p1a: Slowbro
|-damage|p1a: Slowbro|195\/394
|-boost|p2a: Victini|atk|1
|move|p1a: Slowbro|Slack Off|p1a: Slowbro
|-heal|p1a: Slowbro|392\/394
|
|-heal|p2a: Victini|146\/404|[from] item: Leftovers
|turn|35
|
|move|p2a: Victini|Fusion Bolt|p1a: Slowbro
|-supereffective|p1a: Slowbro
|-damage|p1a: Slowbro|192\/394
|move|p1a: Slowbro|Scald|p2a: Victini
|-supereffective|p2a: Victini
|-end|p2a: Victini|Substitute
|
|-heal|p2a: Victini|171\/404|[from] item: Leftovers
|turn|36
|
|move|p2a: Victini|Fusion Bolt|p1a: Slowbro
|-supereffective|p1a: Slowbro
|-damage|p1a: Slowbro|0 fnt
|faint|p1a: Slowbro
|
|-heal|p2a: Victini|196\/404|[from] item: Leftovers
|
|switch|p1a: Whimsicott|Whimsicott, F|204\/323
|turn|37
|
|move|p1a: Whimsicott|Substitute|p1a: Whimsicott
|-start|p1a: Whimsicott|Substitute
|-damage|p1a: Whimsicott|124\/323
|move|p2a: Victini|Fusion Bolt|p1a: Whimsicott
|-resisted|p1a: Whimsicott
|-end|p1a: Whimsicott|Substitute
|
|-heal|p1a: Whimsicott|144\/323|[from] item: Leftovers
|-heal|p2a: Victini|221\/404|[from] item: Leftovers
|turn|38
|
|move|p1a: Whimsicott|Moonblast|p2a: Victini
|-resisted|p2a: Victini
|-damage|p2a: Victini|158\/404
|move|p2a: Victini|V-create|p1a: Whimsicott
|-supereffective|p1a: Whimsicott
|-damage|p1a: Whimsicott|0 fnt
|-unboost|p2a: Victini|def|1
|-unboost|p2a: Victini|spd|1
|-unboost|p2a: Victini|spe|1
|faint|p1a: Whimsicott
|
|win|fzappa
|raw|Ladder updating...
|c|âfzappa|gg
|raw|ally451's rating: 1552 &rarr; <strong>1537<\/strong><br \/>(-15 for losing)
|raw|fzappa's rating: 1630 &rarr; <strong>1646<\/strong><br \/>(+16 for winning)
|c|âally451|gg