|join|fzappa
|join|Trumaerd
|player|p1|fzappa|1
|player|p2|Trumaerd|170
|gametype|singles
|gen|6
|tier|OU
|rated
|clearpoke
|poke|p1|Azumarill, M
|poke|p1|Charizard, F
|poke|p1|Celebi
|poke|p1|Crawdaunt, F
|poke|p1|Latios, M
|poke|p1|Skarmory, M
|poke|p2|Infernape, F
|poke|p2|Bisharp, F
|poke|p2|Metagross
|poke|p2|Keldeo
|poke|p2|Dragonite, M
|poke|p2|Thundurus, M
|rule|Swagger Clause: Swagger is banned
|rule|Baton Pass Clause: Limit one PokÃ©mon knowing Baton Pass
|rule|Sleep Clause Mod: Limit one foe put to sleep
|rule|Species Clause: Limit one of each PokÃ©mon
|rule|OHKO Clause: OHKO moves are banned
|rule|Moody Clause: Moody is banned
|rule|Evasion Moves Clause: Evasion moves are banned
|rule|Endless Battle Clause: Forcing endless battles is banned
|rule|HP Percentage Mod: HP is shown in percentages
|teampreview
|
|start
|switch|p1a: Charizard|Charizard, F|333\/333
|switch|p2a: Infernape|Infernape, F|293\/293
|turn|1
|
|move|p2a: Infernape|Stealth Rock|p1a: Charizard
|-sidestart|p1: fzappa|move: Stealth Rock
|move|p1a: Charizard|Dragon Dance|p1a: Charizard
|-boost|p1a: Charizard|atk|1
|-boost|p1a: Charizard|spe|1
|
|turn|2
|
|move|p1a: Charizard|Flare Blitz|p2a: Infernape
|-resisted|p2a: Infernape
|-damage|p2a: Infernape|131\/293
|-damage|p1a: Charizard|280\/333|[from] recoil|[of] p2a: Infernape
|move|p2a: Infernape|Fire Blast|p1a: Charizard
|-crit|p1a: Charizard
|-resisted|p1a: Charizard
|-damage|p1a: Charizard|148\/333
|
|turn|3
|
|move|p2a: Infernape|Vacuum Wave|p1a: Charizard
|-resisted|p1a: Charizard
|-damage|p1a: Charizard|112\/333
|move|p1a: Charizard|Dragon Dance|p1a: Charizard
|-boost|p1a: Charizard|atk|1
|-boost|p1a: Charizard|spe|1
|
|turn|4
|
|move|p1a: Charizard|Roost|p1a: Charizard
|-heal|p1a: Charizard|279\/333
|move|p2a: Infernape|Endeavor|p1a: Charizard
|-damage|p1a: Charizard|131\/333
|
|turn|5
|
|move|p1a: Charizard|Roost|p1a: Charizard
|-heal|p1a: Charizard|298\/333
|move|p2a: Infernape|Endeavor|p1a: Charizard
|-damage|p1a: Charizard|131\/333
|
|turn|6
|
|detailschange|p1a: Charizard|Charizard-Mega-X, F
|-mega|p1a: Charizard|Charizard|Charizardite X
|move|p1a: Charizard|Earthquake|p2a: Infernape
|-supereffective|p2a: Infernape
|-damage|p2a: Infernape|0 fnt
|faint|p2a: Infernape
|
|
|switch|p2a: Dragonite|Dragonite, M|323\/323
|turn|7
|
|move|p2a: Dragonite|Extreme Speed|p1a: Charizard
|-damage|p1a: Charizard|0 fnt
|faint|p1a: Charizard
|
|
|switch|p1a: Skarmory|Skarmory, M|334\/334
|-damage|p1a: Skarmory|293\/334|[from] Stealth Rock
|turn|8
|
|switch|p2a: Thundurus|Thundurus, M|299\/299
|move|p1a: Skarmory|Stealth Rock|p2a: Thundurus
|-sidestart|p2: Trumaerd|move: Stealth Rock
|
|turn|9
|
|switch|p2a: Bisharp|Bisharp, F|291\/291
|-damage|p2a: Bisharp|273\/291|[from] Stealth Rock
|move|p1a: Skarmory|Toxic|p2a: Bisharp
|-fail|p2a: Bisharp
|
|turn|10
|
|move|p2a: Bisharp|Knock Off|p1a: Skarmory
|-damage|p1a: Skarmory|145\/334
|-enditem|p1a: Skarmory|Shed Shell|[from] move: Knock Off|[of] p2a: Bisharp
|-damage|p2a: Bisharp|244\/291|[from] item: Life Orb
|move|p1a: Skarmory|Taunt|p2a: Bisharp
|-start|p2a: Bisharp|move: Taunt
|
|turn|11
|
|move|p2a: Bisharp|Iron Head|p1a: Skarmory
|-resisted|p1a: Skarmory
|-damage|p1a: Skarmory|83\/334
|-damage|p2a: Bisharp|215\/291|[from] item: Life Orb
|cant|p1a: Skarmory|flinch
|
|turn|12
|
|move|p2a: Bisharp|Knock Off|p1a: Skarmory
|-damage|p1a: Skarmory|0 fnt
|-damage|p2a: Bisharp|186\/291|[from] item: Life Orb
|faint|p1a: Skarmory
|
|
|switch|p1a: Crawdaunt|Crawdaunt, F|268\/268
|-damage|p1a: Crawdaunt|235\/268|[from] Stealth Rock
|turn|13
|
|switch|p2a: Keldeo|Keldeo|323\/323
|-damage|p2a: Keldeo|303\/323|[from] Stealth Rock
|move|p1a: Crawdaunt|Aqua Jet|p2a: Keldeo
|-resisted|p2a: Keldeo
|-damage|p2a: Keldeo|226\/323
|-damage|p1a: Crawdaunt|209\/268|[from] item: Life Orb
|
|turn|14
|
|switch|p2a: Bisharp|Bisharp, F|186\/291
|-damage|p2a: Bisharp|168\/291|[from] Stealth Rock
|switch|p1a: Celebi|Celebi|404\/404
|-damage|p1a: Celebi|354\/404|[from] Stealth Rock
|
|-heal|p1a: Celebi|379\/404|[from] item: Leftovers
|turn|15
|
|switch|p1a: Crawdaunt|Crawdaunt, F|209\/268
|-damage|p1a: Crawdaunt|176\/268|[from] Stealth Rock
|move|p2a: Bisharp|Knock Off|p1a: Crawdaunt
|-resisted|p1a: Crawdaunt
|-damage|p1a: Crawdaunt|41\/268
|-enditem|p1a: Crawdaunt|Life Orb|[from] move: Knock Off|[of] p2a: Bisharp
|-damage|p2a: Bisharp|139\/291|[from] item: Life Orb
|
|turn|16
|
|move|p2a: Bisharp|Sucker Punch|p1a: Crawdaunt
|-fail|p1a: Crawdaunt
|move|p1a: Crawdaunt|Swords Dance|p1a: Crawdaunt
|-boost|p1a: Crawdaunt|atk|2
|
|turn|17
|
|move|p2a: Bisharp|Sucker Punch|p1a: Crawdaunt
|-fail|p1a: Crawdaunt
|move|p1a: Crawdaunt|Swords Dance|p1a: Crawdaunt
|-boost|p1a: Crawdaunt|atk|2
|
|turn|18
|
|move|p2a: Bisharp|Sucker Punch|p1a: Crawdaunt
|-fail|p1a: Crawdaunt
|move|p1a: Crawdaunt|Swords Dance|p1a: Crawdaunt
|-boost|p1a: Crawdaunt|atk|2
|
|turn|19
|
|move|p2a: Bisharp|Sucker Punch|p1a: Crawdaunt
|-fail|p1a: Crawdaunt
|move|p1a: Crawdaunt|Swords Dance|p1a: Crawdaunt
|-fail|p1a: Crawdaunt
|
|turn|20
|
|move|p2a: Bisharp|Sucker Punch|p1a: Crawdaunt
|-fail|p1a: Crawdaunt
|move|p1a: Crawdaunt|Swords Dance|p1a: Crawdaunt
|-fail|p1a: Crawdaunt
|
|turn|21
|
|move|p2a: Bisharp|Sucker Punch|p1a: Crawdaunt
|-fail|p1a: Crawdaunt
|move|p1a: Crawdaunt|Swords Dance|p1a: Crawdaunt
|-fail|p1a: Crawdaunt
|
|turn|22
|
|move|p2a: Bisharp|Sucker Punch|p1a: Crawdaunt
|-fail|p1a: Crawdaunt
|move|p1a: Crawdaunt|Swords Dance|p1a: Crawdaunt
|-fail|p1a: Crawdaunt
|
|turn|23
|
|move|p2a: Bisharp|Sucker Punch|p1a: Crawdaunt
|-fail|p1a: Crawdaunt
|move|p1a: Crawdaunt|Swords Dance|p1a: Crawdaunt
|-fail|p1a: Crawdaunt
|
|turn|24
|
|move|p1a: Crawdaunt|Aqua Jet|p2a: Bisharp
|-crit|p2a: Bisharp
|-damage|p2a: Bisharp|0 fnt
|faint|p2a: Bisharp
|
|
|switch|p2a: Dragonite|Dragonite, M|323\/323
|-damage|p2a: Dragonite|243\/323|[from] Stealth Rock
|turn|25
|
|move|p2a: Dragonite|Extreme Speed|p1a: Crawdaunt
|-damage|p1a: Crawdaunt|0 fnt
|faint|p1a: Crawdaunt
|
|
|switch|p1a: Latios|Latios, M|302\/302
|-damage|p1a: Latios|265\/302|[from] Stealth Rock
|turn|26
|
|move|p2a: Dragonite|Extreme Speed|p1a: Latios
|-damage|p1a: Latios|59\/302
|move|p1a: Latios|Draco Meteor|p2a: Dragonite
|-supereffective|p2a: Dragonite
|-damage|p2a: Dragonite|0 fnt
|-unboost|p1a: Latios|spa|2
|-damage|p1a: Latios|29\/302|[from] item: Life Orb
|faint|p2a: Dragonite
|
|
|switch|p2a: Metagross|Metagross|301\/301
|-damage|p2a: Metagross|283\/301|[from] Stealth Rock
|turn|27
|
|detailschange|p2a: Metagross|Metagross-Mega
|-mega|p2a: Metagross|Metagross|Metagrossite
|move|p2a: Metagross|Bullet Punch|p1a: Latios
|-damage|p1a: Latios|0 fnt
|faint|p1a: Latios
|
|
|switch|p1a: Azumarill|Azumarill, M|404\/404
|-damage|p1a: Azumarill|354\/404|[from] Stealth Rock
|turn|28
|
|move|p2a: Metagross|Thunder Punch|p1a: Azumarill
|-supereffective|p1a: Azumarill
|-damage|p1a: Azumarill|70\/404
|move|p1a: Azumarill|Waterfall|p2a: Metagross
|-damage|p2a: Metagross|114\/301
|
|turn|29
|
|move|p2a: Metagross|Bullet Punch|p1a: Azumarill
|-damage|p1a: Azumarill|0 fnt
|faint|p1a: Azumarill
|
|
|switch|p1a: Celebi|Celebi|379\/404
|-damage|p1a: Celebi|329\/404|[from] Stealth Rock
|turn|30
|
|move|p2a: Metagross|Meteor Mash|p1a: Celebi
|-damage|p1a: Celebi|128\/404
|move|p1a: Celebi|Recover|p1a: Celebi
|-heal|p1a: Celebi|330\/404
|
|-heal|p1a: Celebi|355\/404|[from] item: Leftovers
|turn|31
|
|move|p2a: Metagross|Meteor Mash|p1a: Celebi|[miss]
|-miss|p2a: Metagross|p1a: Celebi
|move|p1a: Celebi|Recover|p1a: Celebi
|-heal|p1a: Celebi|404\/404
|
|turn|32
|
|move|p2a: Metagross|Meteor Mash|p1a: Celebi
|-damage|p1a: Celebi|208\/404
|move|p1a: Celebi|Swords Dance|p1a: Celebi
|-boost|p1a: Celebi|atk|2
|
|-heal|p1a: Celebi|233\/404|[from] item: Leftovers
|turn|33
|
|move|p2a: Metagross|Meteor Mash|p1a: Celebi
|-damage|p1a: Celebi|29\/404
|move|p1a: Celebi|Recover|p1a: Celebi
|-heal|p1a: Celebi|231\/404
|
|-heal|p1a: Celebi|256\/404|[from] item: Leftovers
|turn|34
|
|move|p2a: Metagross|Meteor Mash|p1a: Celebi
|-damage|p1a: Celebi|60\/404
|move|p1a: Celebi|Recover|p1a: Celebi
|-heal|p1a: Celebi|262\/404
|
|-heal|p1a: Celebi|287\/404|[from] item: Leftovers
|turn|35
|
|move|p2a: Metagross|Meteor Mash|p1a: Celebi
|-damage|p1a: Celebi|97\/404
|-boost|p2a: Metagross|atk|1
|move|p1a: Celebi|Recover|p1a: Celebi
|-heal|p1a: Celebi|299\/404
|
|-heal|p1a: Celebi|324\/404|[from] item: Leftovers
|turn|36
|
|move|p2a: Metagross|Meteor Mash|p1a: Celebi
|-damage|p1a: Celebi|20\/404
|move|p1a: Celebi|Seed Bomb|p2a: Metagross
|-resisted|p2a: Metagross
|-damage|p2a: Metagross|48\/301
|
|-heal|p1a: Celebi|45\/404|[from] item: Leftovers
|turn|37
|
|move|p2a: Metagross|Bullet Punch|p1a: Celebi
|-damage|p1a: Celebi|0 fnt
|faint|p1a: Celebi
|
|win|Trumaerd
|raw|Ladder updating...
|raw|fzappa's rating: 1772 &rarr; <strong>1747<\/strong><br \/>(-25 for losing)
|raw|Trumaerd's rating: 1685 &rarr; <strong>1710<\/strong><br \/>(+25 for winning)