|join|happycakeoven
|join|fzappa
|player|p1|happycakeoven|141
|player|p2|fzappa|1
|gametype|singles
|gen|6
|tier|OU
|rated
|clearpoke
|poke|p1|Mandibuzz, F
|poke|p1|Venusaur, M
|poke|p1|Latios, M
|poke|p1|Gengar, M
|poke|p1|Excadrill, F
|poke|p1|Azumarill, M
|poke|p2|Charizard, M
|poke|p2|Manaphy
|poke|p2|Weavile, F
|poke|p2|Gliscor, M
|poke|p2|Latios, M
|poke|p2|Excadrill, F
|rule|Swagger Clause: Swagger is banned
|rule|Baton Pass Clause: Limit one PokÃ©mon knowing Baton Pass
|rule|Sleep Clause Mod: Limit one foe put to sleep
|rule|Species Clause: Limit one of each PokÃ©mon
|rule|OHKO Clause: OHKO moves are banned
|rule|Moody Clause: Moody is banned
|rule|Evasion Moves Clause: Evasion moves are banned
|rule|Endless Battle Clause: Forcing endless battles is banned
|rule|HP Percentage Mod: HP is shown in percentages
|teampreview
|
|start
|switch|p1a: Azumarill|Azumarill, M|404\/404
|switch|p2a: Excadrill|Excadrill, F|361\/361
|-ability|p2a: Excadrill|Mold Breaker
|turn|1
|
|move|p1a: Azumarill|Aqua Jet|p2a: Excadrill
|-supereffective|p2a: Excadrill
|-enditem|p2a: Excadrill|Focus Sash
|-damage|p2a: Excadrill|1\/361
|move|p2a: Excadrill|Earthquake|p1a: Azumarill
|-damage|p1a: Azumarill|182\/404
|
|turn|2
|
|switch|p1a: Mandibuzz|Mandibuzz, F|424\/424
|move|p2a: Excadrill|Stealth Rock|p1a: Mandibuzz
|-sidestart|p1: happycakeoven|move: Stealth Rock
|
|turn|3
|
|switch|p2a: Gliscor|Gliscor, M|354\/354
|move|p1a: Mandibuzz|Knock Off|p2a: Gliscor
|-damage|p2a: Gliscor|302\/354
|-enditem|p2a: Gliscor|Toxic Orb|[from] move: Knock Off|[of] p1a: Mandibuzz
|
|turn|4
|
|move|p2a: Gliscor|Toxic|p1a: Mandibuzz
|-status|p1a: Mandibuzz|tox
|move|p1a: Mandibuzz|Defog|p2a: Gliscor
|-unboost|p2a: Gliscor|evasion|1
|-sideend|p1: happycakeoven|Stealth Rock|[from] move: Defog|[of] p1a: Mandibuzz
|
|-damage|p1a: Mandibuzz|398\/424 tox|[from] psn
|turn|5
|
|switch|p1a: Venusaur|Venusaur, M|364\/364
|move|p2a: Gliscor|Toxic|p1a: Venusaur
|-fail|p1a: Venusaur
|
|turn|6
|
|switch|p2a: Charizard|Charizard, M|298\/298
|detailschange|p1a: Venusaur|Venusaur-Mega, M
|message|Venusaur has Mega Evolved into Mega Venusaur!
|move|p1a: Venusaur|Sleep Powder|p2a: Charizard|[miss]
|-miss|p1a: Venusaur|p2a: Charizard
|
|turn|7
|
|detailschange|p2a: Charizard|Charizard-Mega-X, M
|message|Charizard has Mega Evolved into Mega Charizard!
|move|p2a: Charizard|Flare Blitz|p1a: Venusaur
|-supereffective|p1a: Venusaur
|-damage|p1a: Venusaur|124\/364
|-damage|p2a: Charizard|219\/298|[from] recoil|[of] p1a: Venusaur
|move|p1a: Venusaur|Sleep Powder|p2a: Charizard
|-status|p2a: Charizard|slp
|
|turn|8
|
|switch|p2a: Excadrill|Excadrill, F|1\/361
|-ability|p2a: Excadrill|Mold Breaker
|move|p1a: Venusaur|Synthesis|p1a: Venusaur
|-heal|p1a: Venusaur|306\/364
|
|turn|9
|
|move|p2a: Excadrill|Stealth Rock|p1a: Venusaur
|-sidestart|p1: happycakeoven|move: Stealth Rock
|move|p1a: Venusaur|Giga Drain|p2a: Excadrill
|-damage|p2a: Excadrill|0 fnt
|-heal|p1a: Venusaur|307\/364|[from] drain|[of] p2a: Excadrill
|faint|p2a: Excadrill
|
|
|switch|p2a: Latios|Latios, M|301\/301
|turn|10
|
|switch|p2a: Weavile|Weavile, F|282\/282
|-ability|p2a: Weavile|Pressure
|switch|p1a: Mandibuzz|Mandibuzz, F|398\/424 tox
|-damage|p1a: Mandibuzz|292\/424 tox|[from] Stealth Rock
|
|-heal|p1a: Mandibuzz|318\/424 tox|[from] item: Leftovers
|-damage|p1a: Mandibuzz|292\/424 tox|[from] psn
|turn|11
|
|move|p2a: Weavile|Ice Punch|p1a: Mandibuzz
|-supereffective|p1a: Mandibuzz
|-damage|p1a: Mandibuzz|74\/424 tox
|-damage|p2a: Weavile|254\/282|[from] item: Life Orb
|move|p1a: Mandibuzz|Defog|p2a: Weavile
|-unboost|p2a: Weavile|evasion|1
|-sideend|p1: happycakeoven|Stealth Rock|[from] move: Defog|[of] p1a: Mandibuzz
|
|-heal|p1a: Mandibuzz|100\/424 tox|[from] item: Leftovers
|-damage|p1a: Mandibuzz|48\/424 tox|[from] psn
|turn|12
|
|switch|p1a: Azumarill|Azumarill, M|182\/404
|move|p2a: Weavile|Ice Punch|p1a: Azumarill
|-resisted|p1a: Azumarill
|-damage|p1a: Azumarill|86\/404
|-status|p1a: Azumarill|frz
|-damage|p2a: Weavile|226\/282|[from] item: Life Orb
|
|turn|13
|
|cant|p1a: Azumarill|frz
|move|p2a: Weavile|Knock Off|p1a: Azumarill
|-resisted|p1a: Azumarill
|-damage|p1a: Azumarill|0 fnt
|-enditem|p1a: Azumarill|Choice Band|[from] move: Knock Off|[of] p2a: Weavile
|-damage|p2a: Weavile|198\/282|[from] item: Life Orb
|faint|p1a: Azumarill
|
|
|switch|p1a: Gengar|Gengar, M|262\/262
|turn|14
|
|move|p1a: Gengar|Sludge Wave|p2a: Weavile
|-damage|p2a: Weavile|0 fnt
|faint|p2a: Weavile
|
|
|switch|p2a: Manaphy|Manaphy|404\/404
|turn|15
|
|switch|p1a: Venusaur|Venusaur-Mega, M|307\/364
|move|p2a: Manaphy|Calm Mind|p2a: Manaphy
|-boost|p2a: Manaphy|spa|1
|-boost|p2a: Manaphy|spd|1
|
|turn|16
|
|move|p2a: Manaphy|Calm Mind|p2a: Manaphy
|-boost|p2a: Manaphy|spa|1
|-boost|p2a: Manaphy|spd|1
|move|p1a: Venusaur|Giga Drain|p2a: Manaphy
|-supereffective|p2a: Manaphy
|-damage|p2a: Manaphy|258\/404
|-heal|p1a: Venusaur|364\/364|[from] drain|[of] p2a: Manaphy
|
|-heal|p2a: Manaphy|283\/404|[from] item: Leftovers
|turn|17
|
|switch|p1a: Mandibuzz|Mandibuzz, F|48\/424 tox
|move|p2a: Manaphy|Calm Mind|p2a: Manaphy
|-boost|p2a: Manaphy|spa|1
|-boost|p2a: Manaphy|spd|1
|
|-heal|p2a: Manaphy|308\/404|[from] item: Leftovers
|-heal|p1a: Mandibuzz|74\/424 tox|[from] item: Leftovers
|-damage|p1a: Mandibuzz|48\/424 tox|[from] psn
|turn|18
|
|move|p2a: Manaphy|Rain Dance|p2a: Manaphy
|-weather|RainDance
|move|p1a: Mandibuzz|Whirlwind|p2a: Manaphy
|drag|p2a: Latios|Latios, M|301\/301
|
|-weather|RainDance|[upkeep]
|-heal|p1a: Mandibuzz|74\/424 tox|[from] item: Leftovers
|-damage|p1a: Mandibuzz|22\/424 tox|[from] psn
|turn|19
|
|move|p2a: Latios|Draco Meteor|p1a: Mandibuzz
|-crit|p1a: Mandibuzz
|-damage|p1a: Mandibuzz|0 fnt
|-unboost|p2a: Latios|spa|2
|-damage|p2a: Latios|271\/301|[from] item: Life Orb
|faint|p1a: Mandibuzz
|
|-weather|RainDance|[upkeep]
|
|switch|p1a: Gengar|Gengar, M|262\/262
|turn|20
|
|switch|p2a: Gliscor|Gliscor, M|302\/354
|move|p1a: Gengar|Shadow Ball|p2a: Gliscor
|-damage|p2a: Gliscor|115\/354
|
|-weather|RainDance|[upkeep]
|turn|21
|
|move|p2a: Gliscor|Protect|p2a: Gliscor
|-singleturn|p2a: Gliscor|Protect
|move|p1a: Gengar|Shadow Ball|p2a: Gliscor
|-activate|p2a: Gliscor|Protect
|
|-weather|RainDance|[upkeep]
|turn|22
|
|move|p1a: Gengar|Shadow Ball|p2a: Gliscor
|-damage|p2a: Gliscor|0 fnt
|faint|p2a: Gliscor
|
|-weather|none
|
|switch|p2a: Manaphy|Manaphy|308\/404
|turn|23
|
|move|p1a: Gengar|Shadow Ball|p2a: Manaphy
|-damage|p2a: Manaphy|143\/404
|move|p2a: Manaphy|Calm Mind|p2a: Manaphy
|-boost|p2a: Manaphy|spa|1
|-boost|p2a: Manaphy|spd|1
|
|-heal|p2a: Manaphy|168\/404|[from] item: Leftovers
|turn|24
|
|move|p1a: Gengar|Shadow Ball|p2a: Manaphy
|-damage|p2a: Manaphy|71\/404
|-unboost|p2a: Manaphy|spd|1
|move|p2a: Manaphy|Rest|p2a: Manaphy
|-status|p2a: Manaphy|slp
|-heal|p2a: Manaphy|404\/404 slp|[silent]
|-status|p2a: Manaphy|slp|[from] move: Rest
|
|turn|25
|
|switch|p1a: Venusaur|Venusaur-Mega, M|364\/364
|cant|p2a: Manaphy|slp
|
|turn|26
|
|switch|p2a: Latios|Latios, M|271\/301
|move|p1a: Venusaur|Giga Drain|p2a: Latios
|-resisted|p2a: Latios
|-damage|p2a: Latios|202\/301
|
|turn|27
|
|switch|p1a: Excadrill|Excadrill, F|362\/362
|-ability|p1a: Excadrill|Mold Breaker
|move|p2a: Latios|Psyshock|p1a: Excadrill
|-resisted|p1a: Excadrill
|-damage|p1a: Excadrill|218\/362
|-damage|p2a: Latios|172\/301|[from] item: Life Orb
|
|turn|28
|
|move|p1a: Excadrill|Earthquake|p2a: Latios
|-damage|p2a: Latios|0 fnt
|faint|p2a: Latios
|
|
|switch|p2a: Manaphy|Manaphy|404\/404 slp
|turn|29
|
|move|p1a: Excadrill|Earthquake|p2a: Manaphy
|-damage|p2a: Manaphy|268\/404 slp
|cant|p2a: Manaphy|slp
|
|-heal|p2a: Manaphy|293\/404 slp|[from] item: Leftovers
|turn|30
|
|move|p1a: Excadrill|Earthquake|p2a: Manaphy
|-damage|p2a: Manaphy|145\/404 slp
|-curestatus|p2a: Manaphy|slp
|move|p2a: Manaphy|Calm Mind|p2a: Manaphy
|-boost|p2a: Manaphy|spa|1
|-boost|p2a: Manaphy|spd|1
|
|-heal|p2a: Manaphy|170\/404|[from] item: Leftovers
|turn|31
|
|move|p1a: Excadrill|Earthquake|p2a: Manaphy
|-crit|p2a: Manaphy
|-damage|p2a: Manaphy|0 fnt
|faint|p2a: Manaphy
|
|c|âhappycakeoven|lolz
|-message|fzappa forfeited.
|
|win|happycakeoven
|raw|Ladder updating...
|leave|fzappa
|player|p2
|raw|happycakeoven's rating: 1727 &rarr; <strong>1739<\/strong><br \/>(+12 for winning)
|raw|fzappa's rating: 1591 &rarr; <strong>1578<\/strong><br \/>(-13 for losing)