|join|fzappa
|join|Bulbasawr
|player|p1|fzappa|169
|player|p2|Bulbasawr|155
|gametype|singles
|gen|6
|tier|OU
|rated
|clearpoke
|poke|p1|Sylveon, F
|poke|p1|Gyarados, F
|poke|p1|Hippowdon, F
|poke|p1|Tyranitar, M
|poke|p1|Keldeo
|poke|p1|Roserade, M
|poke|p2|Landorus-Therian, M
|poke|p2|Pinsir, M
|poke|p2|Starmie
|poke|p2|Talonflame, F
|poke|p2|Keldeo-Resolute
|poke|p2|Azelf
|rule|Swagger Clause: Swagger is banned
|rule|Baton Pass Clause: Limit one PokÃ©mon knowing Baton Pass
|rule|Sleep Clause Mod: Limit one foe put to sleep
|rule|Species Clause: Limit one of each PokÃ©mon
|rule|OHKO Clause: OHKO moves are banned
|rule|Moody Clause: Moody is banned
|rule|Evasion Moves Clause: Evasion moves are banned
|rule|Endless Battle Clause: Forcing endless battles is banned
|rule|HP Percentage Mod: HP is shown in percentages
|teampreview
|
|start
|switch|p1a: Tyranitar|Tyranitar, M|341\/341
|switch|p2a: Keldeo-Resolute|Keldeo-Resolute|323\/323
|-weather|Sandstorm
|turn|1
|
|switch|p1a: Roserade|Roserade, M|261\/261
|move|p2a: Keldeo-Resolute|Substitute|p2a: Keldeo-Resolute
|-start|p2a: Keldeo-Resolute|Substitute
|-damage|p2a: Keldeo-Resolute|243\/323
|
|-weather|Sandstorm|[upkeep]
|-damage|p2a: Keldeo-Resolute|223\/323|[from] sandstorm
|-damage|p1a: Roserade|245\/261|[from] sandstorm
|-heal|p2a: Keldeo-Resolute|243\/323|[from] item: Leftovers
|turn|2
|
|move|p2a: Keldeo-Resolute|Icy Wind|p1a: Roserade
|-crit|p1a: Roserade
|-supereffective|p1a: Roserade
|-damage|p1a: Roserade|57\/261
|-unboost|p1a: Roserade|spe|1
|move|p1a: Roserade|Leaf Storm|p2a: Keldeo-Resolute
|-supereffective|p2a: Keldeo-Resolute
|-end|p2a: Keldeo-Resolute|Substitute
|-unboost|p1a: Roserade|spa|2
|-damage|p1a: Roserade|31\/261|[from] item: Life Orb
|
|-weather|Sandstorm|[upkeep]
|-damage|p2a: Keldeo-Resolute|223\/323|[from] sandstorm
|-damage|p1a: Roserade|15\/261|[from] sandstorm
|-heal|p2a: Keldeo-Resolute|243\/323|[from] item: Leftovers
|turn|3
|c|âBulbasawr|amen.
|
|move|p2a: Keldeo-Resolute|Scald|p1a: Roserade
|-resisted|p1a: Roserade
|-damage|p1a: Roserade|0 fnt
|faint|p1a: Roserade
|
|-weather|Sandstorm|[upkeep]
|-damage|p2a: Keldeo-Resolute|223\/323|[from] sandstorm
|-heal|p2a: Keldeo-Resolute|243\/323|[from] item: Leftovers
|
|switch|p1a: Sylveon|Sylveon, F|388\/388
|turn|4
|
|switch|p2a: Landorus-Therian|Landorus-Therian, M|329\/329
|-ability|p2a: Landorus-Therian|Intimidate|[of] p1a: Sylveon
|-unboost|p1a: Sylveon|atk|1
|move|p1a: Sylveon|Hyper Voice|p2a: Landorus-Therian
|-damage|p2a: Landorus-Therian|0 fnt
|faint|p2a: Landorus-Therian
|
|-weather|Sandstorm|[upkeep]
|-damage|p1a: Sylveon|364\/388|[from] sandstorm
|
|switch|p2a: Azelf|Azelf|291\/291
|turn|5
|
|move|p2a: Azelf|Stealth Rock|p1a: Sylveon
|-sidestart|p1: fzappa|move: Stealth Rock
|move|p1a: Sylveon|Hyper Voice|p2a: Azelf
|-enditem|p2a: Azelf|Focus Sash
|-damage|p2a: Azelf|1\/291
|
|-weather|none
|turn|6
|
|switch|p1a: Hippowdon|Hippowdon, F|420\/420
|-damage|p1a: Hippowdon|394\/420|[from] Stealth Rock
|-weather|Sandstorm
|move|p2a: Azelf|Dazzling Gleam|p1a: Hippowdon
|-crit|p1a: Hippowdon
|-damage|p1a: Hippowdon|221\/420
|
|-weather|Sandstorm|[upkeep]
|-damage|p2a: Azelf|0 fnt|[from] sandstorm
|faint|p2a: Azelf
|
|switch|p2a: Keldeo-Resolute|Keldeo-Resolute|243\/323
|turn|7
|c|âBulbasawr|Whats with the sand?
|
|switch|p1a: Keldeo|Keldeo|323\/323
|-damage|p1a: Keldeo|303\/323|[from] Stealth Rock
|move|p2a: Keldeo-Resolute|Scald|p1a: Keldeo
|-resisted|p1a: Keldeo
|-damage|p1a: Keldeo|229\/323
|-status|p1a: Keldeo|brn
|
|-weather|Sandstorm|[upkeep]
|-damage|p2a: Keldeo-Resolute|223\/323|[from] sandstorm
|-damage|p1a: Keldeo|209\/323 brn|[from] sandstorm
|-heal|p2a: Keldeo-Resolute|243\/323|[from] item: Leftovers
|-heal|p1a: Keldeo|229\/323 brn|[from] item: Leftovers
|-damage|p1a: Keldeo|189\/323 brn|[from] brn
|turn|8
|
|switch|p2a: Starmie|Starmie|324\/324
|switch|p1a: Tyranitar|Tyranitar, M|341\/341
|-damage|p1a: Tyranitar|299\/341|[from] Stealth Rock
|
|-weather|Sandstorm|[upkeep]
|-damage|p2a: Starmie|304\/324|[from] sandstorm
|-heal|p2a: Starmie|324\/324|[from] item: Leftovers
|turn|9
|
|move|p1a: Tyranitar|Crunch|p2a: Starmie
|-supereffective|p2a: Starmie
|-damage|p2a: Starmie|76\/324
|-unboost|p2a: Starmie|def|1
|move|p2a: Starmie|Scald|p1a: Tyranitar
|-supereffective|p1a: Tyranitar
|-damage|p1a: Tyranitar|167\/341
|
|-weather|Sandstorm|[upkeep]
|-damage|p2a: Starmie|56\/324|[from] sandstorm
|-heal|p2a: Starmie|76\/324|[from] item: Leftovers
|turn|10
|
|move|p1a: Tyranitar|Crunch|p2a: Starmie
|-supereffective|p2a: Starmie
|-damage|p2a: Starmie|0 fnt
|faint|p2a: Starmie
|
|-weather|none
|
|switch|p2a: Keldeo-Resolute|Keldeo-Resolute|243\/323
|turn|11
|
|switch|p1a: Keldeo|Keldeo|189\/323 brn
|-damage|p1a: Keldeo|169\/323 brn|[from] Stealth Rock
|move|p2a: Keldeo-Resolute|Scald|p1a: Keldeo
|-resisted|p1a: Keldeo
|-damage|p1a: Keldeo|92\/323 brn
|
|-heal|p2a: Keldeo-Resolute|263\/323|[from] item: Leftovers
|-heal|p1a: Keldeo|112\/323 brn|[from] item: Leftovers
|-damage|p1a: Keldeo|72\/323 brn|[from] brn
|turn|12
|
|move|p1a: Keldeo|Secret Sword|p2a: Keldeo-Resolute
|-damage|p2a: Keldeo-Resolute|91\/323
|move|p2a: Keldeo-Resolute|Secret Sword|p1a: Keldeo
|-damage|p1a: Keldeo|0 fnt
|faint|p1a: Keldeo
|
|-heal|p2a: Keldeo-Resolute|111\/323|[from] item: Leftovers
|
|switch|p1a: Sylveon|Sylveon, F|364\/388
|-damage|p1a: Sylveon|316\/388|[from] Stealth Rock
|turn|13
|
|switch|p2a: Talonflame|Talonflame, F|297\/297
|move|p1a: Sylveon|Hyper Voice|p2a: Talonflame
|-resisted|p2a: Talonflame
|-damage|p2a: Talonflame|110\/297
|
|turn|14
|
|switch|p1a: Hippowdon|Hippowdon, F|221\/420
|-damage|p1a: Hippowdon|195\/420|[from] Stealth Rock
|-weather|Sandstorm
|move|p2a: Talonflame|U-turn|p1a: Hippowdon
|-damage|p1a: Hippowdon|139\/420
|-damage|p2a: Talonflame|61\/297|[from] item: Rocky Helmet|[of] p1a: Hippowdon
|
|switch|p2a: Keldeo-Resolute|Keldeo-Resolute|111\/323
|
|-weather|Sandstorm|[upkeep]
|-damage|p2a: Keldeo-Resolute|91\/323|[from] sandstorm
|-heal|p2a: Keldeo-Resolute|111\/323|[from] item: Leftovers
|turn|15
|
|move|p2a: Keldeo-Resolute|Icy Wind|p1a: Hippowdon
|-supereffective|p1a: Hippowdon
|-damage|p1a: Hippowdon|0 fnt
|faint|p1a: Hippowdon
|
|-weather|Sandstorm|[upkeep]
|-damage|p2a: Keldeo-Resolute|91\/323|[from] sandstorm
|-heal|p2a: Keldeo-Resolute|111\/323|[from] item: Leftovers
|
|switch|p1a: Sylveon|Sylveon, F|316\/388
|-damage|p1a: Sylveon|268\/388|[from] Stealth Rock
|turn|16
|
|move|p2a: Keldeo-Resolute|Scald|p1a: Sylveon
|-damage|p1a: Sylveon|157\/388
|move|p1a: Sylveon|Hyper Voice|p2a: Keldeo-Resolute
|-supereffective|p2a: Keldeo-Resolute
|-damage|p2a: Keldeo-Resolute|0 fnt
|faint|p2a: Keldeo-Resolute
|
|-weather|Sandstorm|[upkeep]
|-damage|p1a: Sylveon|133\/388|[from] sandstorm
|
|switch|p2a: Pinsir|Pinsir, M|277\/277
|turn|17
|
|detailschange|p2a: Pinsir|Pinsir-Mega, M
|-mega|p2a: Pinsir|Pinsir|Pinsirite
|move|p2a: Pinsir|Frustration|p1a: Sylveon
|-damage|p1a: Sylveon|0 fnt
|faint|p1a: Sylveon
|
|-weather|Sandstorm|[upkeep]
|-damage|p2a: Pinsir|260\/277|[from] sandstorm
|
|switch|p1a: Tyranitar|Tyranitar, M|167\/341
|-damage|p1a: Tyranitar|125\/341|[from] Stealth Rock
|turn|18
|
|move|p1a: Tyranitar|Stone Edge|p2a: Pinsir
|-supereffective|p2a: Pinsir
|-damage|p2a: Pinsir|0 fnt
|faint|p2a: Pinsir
|
|-weather|none
|c|âBulbasawr|gg
|
|switch|p2a: Talonflame|Talonflame, F|61\/297
|turn|19
|
|move|p2a: Talonflame|Brave Bird|p1a: Tyranitar
|-resisted|p1a: Tyranitar
|-damage|p1a: Tyranitar|12\/341
|-damage|p2a: Talonflame|24\/297|[from] recoil|[of] p1a: Tyranitar
|move|p1a: Tyranitar|Stone Edge|p2a: Talonflame|[miss]
|-miss|p1a: Tyranitar|p2a: Talonflame
|
|turn|20
|
|move|p2a: Talonflame|Brave Bird|p1a: Tyranitar
|-resisted|p1a: Tyranitar
|-damage|p1a: Tyranitar|0 fnt
|-damage|p2a: Talonflame|20\/297|[from] recoil|[of] p1a: Tyranitar
|faint|p1a: Tyranitar
|
|c|âBulbasawr|unless crit on gyra
|
|switch|p1a: Gyarados|Gyarados, F|346\/346
|-damage|p1a: Gyarados|260\/346|[from] Stealth Rock
|-ability|p1a: Gyarados|Intimidate|[of] p2a: Talonflame
|-unboost|p2a: Talonflame|atk|1
|turn|21
|
|detailschange|p1a: Gyarados|Gyarados-Mega, F
|-mega|p1a: Gyarados|Gyarados|Gyaradosite
|-ability|p1a: Gyarados|Mold Breaker
|move|p2a: Talonflame|Brave Bird|p1a: Gyarados
|-damage|p1a: Gyarados|110\/346
|-damage|p2a: Talonflame|0 fnt|[from] recoil|[of] p1a: Gyarados
|faint|p2a: Talonflame
|
|win|fzappa
|raw|Ladder updating...
|raw|fzappa's rating: 1667 &rarr; <strong>1689<\/strong><br \/>(+22 for winning)
|raw|Bulbasawr's rating: 1701 &rarr; <strong>1679<\/strong><br \/>(-22 for losing)
|leave|Bulbasawr
|player|p2