|join|fzappa
|join|IDM4
|player|p1|fzappa|265
|player|p2|IDM4|3
|gametype|singles
|gen|6
|tier|OU
|rated
|clearpoke
|poke|p1|Entei, shiny
|poke|p1|Breloom, M
|poke|p1|Starmie
|poke|p1|Honchkrow, M
|poke|p1|Mew
|poke|p1|Cloyster, M
|poke|p2|Mandibuzz, F
|poke|p2|Landorus-Therian, M
|poke|p2|Manectric, M
|poke|p2|Latias, F
|poke|p2|Excadrill, M
|poke|p2|Sylveon, F
|rule|Swagger Clause: Swagger is banned
|rule|Baton Pass Clause: Limit one PokÃ©mon knowing Baton Pass
|rule|Sleep Clause Mod: Limit one foe put to sleep
|rule|Species Clause: Limit one of each PokÃ©mon
|rule|OHKO Clause: OHKO moves are banned
|rule|Moody Clause: Moody is banned
|rule|Evasion Moves Clause: Evasion moves are banned
|rule|Endless Battle Clause: Forcing endless battles is banned
|rule|HP Percentage Mod: HP is shown in percentages
|teampreview
|
|start
|switch|p1a: Breloom|Breloom, M|261\/261
|switch|p2a: Gums|Manectric, M|281\/281
|turn|1
|
|detailschange|p2a: Gums|Manectric-Mega, M
|-mega|p2a: Gums|Manectric|Manectite
|-ability|p2a: Gums|Intimidate|[of] p1a: Breloom
|-unboost|p1a: Breloom|atk|1
|move|p1a: Breloom|Spore|p2a: Gums
|-status|p2a: Gums|slp
|cant|p2a: Gums|slp
|
|turn|2
|
|switch|p2a: Oddye|Sylveon, F|394\/394
|switch|p1a: Entei|Entei, shiny|387\/387
|-ability|p1a: Entei|Pressure
|
|turn|3
|
|switch|p2a: Zeph|Landorus-Therian, M|365\/365
|-ability|p2a: Zeph|Intimidate|[of] p1a: Entei
|-unboost|p1a: Entei|atk|1
|move|p1a: Entei|Sacred Fire|p2a: Zeph
|-damage|p2a: Zeph|244\/365
|-status|p2a: Zeph|brn
|
|-heal|p2a: Zeph|266\/365 brn|[from] item: Leftovers
|-damage|p2a: Zeph|221\/365 brn|[from] brn
|turn|4
|
|switch|p1a: Starmie|Starmie|261\/261
|move|p2a: Zeph|Knock Off|p1a: Starmie
|-supereffective|p1a: Starmie
|-damage|p1a: Starmie|139\/261
|-enditem|p1a: Starmie|Life Orb|[from] move: Knock Off|[of] p2a: Zeph
|
|-heal|p2a: Zeph|243\/365 brn|[from] item: Leftovers
|-damage|p2a: Zeph|198\/365 brn|[from] brn
|turn|5
|
|switch|p2a: Mara|Latias, F|364\/364
|move|p1a: Starmie|Ice Beam|p2a: Mara
|-supereffective|p2a: Mara
|-damage|p2a: Mara|190\/364
|
|turn|6
|
|move|p1a: Starmie|Ice Beam|p2a: Mara
|-supereffective|p2a: Mara
|-damage|p2a: Mara|36\/364
|move|p2a: Mara|Light Screen|p2a: Mara
|-sidestart|p2: IDM4|move: Light Screen
|
|turn|7
|
|switch|p2a: Iko|Mandibuzz, F|400\/400
|move|p1a: Starmie|Ice Beam|p2a: Iko
|-supereffective|p2a: Iko
|-damage|p2a: Iko|300\/400
|
|-heal|p2a: Iko|325\/400|[from] item: Leftovers
|turn|8
|
|switch|p1a: Mew|Mew|404\/404
|move|p2a: Iko|Foul Play|p1a: Mew
|-supereffective|p1a: Mew
|-damage|p1a: Mew|174\/404
|
|-heal|p2a: Iko|350\/400|[from] item: Leftovers
|turn|9
|
|move|p1a: Mew|Stealth Rock|p2a: Iko
|-sidestart|p2: IDM4|move: Stealth Rock
|move|p2a: Iko|Foul Play|p1a: Mew
|-supereffective|p1a: Mew
|-damage|p1a: Mew|0 fnt
|faint|p1a: Mew
|
|-heal|p2a: Iko|375\/400|[from] item: Leftovers
|
|switch|p1a: Cloyster|Cloyster, M|263\/263
|turn|10
|
|move|p1a: Cloyster|Icicle Spear|p2a: Iko
|-supereffective|p2a: Iko
|-damage|p2a: Iko|321\/400
|-supereffective|p2a: Iko
|-damage|p2a: Iko|267\/400
|-supereffective|p2a: Iko
|-damage|p2a: Iko|211\/400
|-supereffective|p2a: Iko
|-damage|p2a: Iko|155\/400
|-supereffective|p2a: Iko
|-damage|p2a: Iko|101\/400
|-hitcount|p2a: Iko|5
|move|p2a: Iko|Foul Play|p1a: Cloyster
|-damage|p1a: Cloyster|175\/263
|
|-heal|p2a: Iko|126\/400|[from] item: Leftovers
|turn|11
|
|switch|p2a: Mara|Latias, F|36\/364
|-damage|p2a: Mara|0 fnt|[from] Stealth Rock
|faint|p2a: Mara
|move|p1a: Cloyster|Shell Smash|p1a: Cloyster
|-boost|p1a: Cloyster|atk|2
|-boost|p1a: Cloyster|spa|2
|-boost|p1a: Cloyster|spe|2
|-unboost|p1a: Cloyster|def|1
|-unboost|p1a: Cloyster|spd|1
|
|
|switch|p2a: Tirek|Excadrill, M|403\/403
|-damage|p2a: Tirek|391\/403|[from] Stealth Rock
|-ability|p2a: Tirek|Mold Breaker
|-item|p2a: Tirek|Air Balloon
|turn|12
|
|move|p1a: Cloyster|Icicle Spear|p2a: Tirek
|-damage|p2a: Tirek|282\/403
|-enditem|p2a: Tirek|Air Balloon
|-damage|p2a: Tirek|170\/403
|-damage|p2a: Tirek|52\/403
|-damage|p2a: Tirek|0 fnt
|-hitcount|p2a: Tirek|4
|faint|p2a: Tirek
|
|c|âIDM4|welp gg
|c|âfzappa|gg
|c|âfzappa|not over yet
|c|âIDM4|first time i'm seeing a Breloom scrfed with spore ._.
|c|âfzappa|lol
|c|âfzappa|it always messes with people
|
|switch|p2a: Zeph|Landorus-Therian, M|198\/365 brn
|-damage|p2a: Zeph|153\/365 brn|[from] Stealth Rock
|-ability|p2a: Zeph|Intimidate|[of] p1a: Cloyster
|-unboost|p1a: Cloyster|atk|1
|turn|13
|c|âfzappa|unpredictability wins a lot
|c|âIDM4|I honestly was expecting a focus sash and wanted to volt switch to Mandibuzz
|
|move|p1a: Cloyster|Icicle Spear|p2a: Zeph
|-crit|p2a: Zeph
|-supereffective|p2a: Zeph
|-damage|p2a: Zeph|0 fnt
|-hitcount|p2a: Zeph|1
|faint|p2a: Zeph
|
|-sideend|p2: IDM4|move: Light Screen
|
|switch|p2a: Gums|Manectric-Mega, M|281\/281 slp
|-damage|p2a: Gums|246\/281 slp|[from] Stealth Rock
|-ability|p2a: Gums|Intimidate|[of] p1a: Cloyster
|-unboost|p1a: Cloyster|atk|1
|turn|14
|
|move|p1a: Cloyster|Shell Smash|p1a: Cloyster
|-boost|p1a: Cloyster|atk|2
|-boost|p1a: Cloyster|spa|2
|-boost|p1a: Cloyster|spe|2
|-unboost|p1a: Cloyster|def|1
|-unboost|p1a: Cloyster|spd|1
|-curestatus|p2a: Gums|slp
|move|p2a: Gums|Volt Switch|p1a: Cloyster
|-supereffective|p1a: Cloyster
|-damage|p1a: Cloyster|0 fnt
|faint|p1a: Cloyster
|
|switch|p2a: Oddye|Sylveon, F|394\/394
|-damage|p2a: Oddye|345\/394|[from] Stealth Rock
|
|
|switch|p1a: Entei|Entei, shiny|387\/387
|-ability|p1a: Entei|Pressure
|turn|15
|
|move|p1a: Entei|Substitute|p1a: Entei
|-start|p1a: Entei|Substitute
|-damage|p1a: Entei|291\/387
|move|p2a: Oddye|Yawn|p1a: Entei
|
|turn|16
|
|move|p1a: Entei|Sacred Fire|p2a: Oddye
|-damage|p2a: Oddye|59\/394
|-status|p2a: Oddye|brn
|-enditem|p2a: Oddye|Red Card|[of] p1a: Entei
|drag|p1a: Honchkrow|Honchkrow, M|341\/341
|move|p2a: Oddye|Hyper Voice|p1a: Honchkrow
|-supereffective|p1a: Honchkrow
|-damage|p1a: Honchkrow|0 fnt
|faint|p1a: Honchkrow
|
|-damage|p2a: Oddye|10\/394 brn|[from] brn
|
|switch|p1a: Entei|Entei, shiny|291\/387
|-ability|p1a: Entei|Pressure
|turn|17
|
|move|p1a: Entei|Extreme Speed|p2a: Oddye
|-damage|p2a: Oddye|0 fnt
|faint|p2a: Oddye
|
|
|switch|p2a: Gums|Manectric-Mega, M|246\/281
|-damage|p2a: Gums|211\/281|[from] Stealth Rock
|-ability|p2a: Gums|Intimidate|[of] p1a: Entei
|-unboost|p1a: Entei|atk|1
|turn|18
|
|move|p2a: Gums|Volt Switch|p1a: Entei
|-damage|p1a: Entei|131\/387
|
|switch|p2a: Iko|Mandibuzz, F|126\/400
|-damage|p2a: Iko|26\/400|[from] Stealth Rock
|move|p1a: Entei|Sacred Fire|p2a: Iko
|-damage|p2a: Iko|0 fnt
|faint|p2a: Iko
|
|
|switch|p2a: Gums|Manectric-Mega, M|211\/281
|-damage|p2a: Gums|176\/281|[from] Stealth Rock
|-ability|p2a: Gums|Intimidate|[of] p1a: Entei
|-unboost|p1a: Entei|atk|1
|turn|19
|
|switch|p1a: Starmie|Starmie|139\/261
|move|p2a: Gums|Volt Switch|p1a: Starmie
|-crit|p1a: Starmie
|-supereffective|p1a: Starmie
|-damage|p1a: Starmie|0 fnt
|faint|p1a: Starmie
|
|
|switch|p1a: Entei|Entei, shiny|131\/387
|-ability|p1a: Entei|Pressure
|turn|20
|
|move|p1a: Entei|Extreme Speed|p2a: Gums
|-damage|p2a: Gums|53\/281
|move|p2a: Gums|Volt Switch|p1a: Entei
|-crit|p1a: Entei
|-damage|p1a: Entei|0 fnt
|faint|p1a: Entei
|
|
|switch|p1a: Breloom|Breloom, M|261\/261
|turn|21
|
|move|p2a: Gums|Flamethrower|p1a: Breloom
|-supereffective|p1a: Breloom
|-damage|p1a: Breloom|0 fnt
|faint|p1a: Breloom
|
|win|IDM4
|raw|Ladder updating...
|raw|fzappa's rating: 1638 &rarr; <strong>1608<\/strong><br \/>(-30 for losing)
|raw|IDM4's rating: 1443 &rarr; <strong>1473<\/strong><br \/>(+30 for winning)
|c|âIDM4|no mach punch ? O_O
|c|âIDM4|gg
|c|âfzappa|i was foolish on the second ss
|c|âIDM4|yeah I failed to understand why you didn't attack...