|join|fzappa
|join|SunnySuspect
|player|p1|fzappa|167
|player|p2|SunnySuspect|266
|gametype|singles
|gen|6
|tier|OU (suspect test)
|rated
|clearpoke
|poke|p1|Gardevoir, F, shiny
|poke|p1|Chesnaught, F
|poke|p1|Talonflame, F
|poke|p1|Bisharp, F
|poke|p1|Excadrill, M
|poke|p1|Seismitoad, M
|poke|p2|Celebi
|poke|p2|Latios, M
|poke|p2|Jirachi
|poke|p2|Altaria, M
|poke|p2|Keldeo-Resolute
|poke|p2|Landorus-Therian, M
|rule|Swagger Clause: Swagger is banned
|rule|Baton Pass Clause: Limit one PokÃ©mon knowing Baton Pass
|rule|Sleep Clause Mod: Limit one foe put to sleep
|rule|Species Clause: Limit one of each PokÃ©mon
|rule|OHKO Clause: OHKO moves are banned
|rule|Moody Clause: Moody is banned
|rule|Evasion Moves Clause: Evasion moves are banned
|rule|Endless Battle Clause: Forcing endless battles is banned
|rule|HP Percentage Mod: HP is shown in percentages
|teampreview
|
|start
|switch|p1a: Gardevoir|Gardevoir, F, shiny|277\/277
|switch|p2a: Landorus-Therian|Landorus-Therian, M|369\/369
|-ability|p1a: Gardevoir|Intimidate|[from] ability: Trace|[of] p2a: Landorus-Therian
|-ability|p1a: Gardevoir|Intimidate|[of] p2a: Landorus-Therian
|-unboost|p2a: Landorus-Therian|atk|1
|-ability|p2a: Landorus-Therian|Intimidate|[of] p1a: Gardevoir
|-unboost|p1a: Gardevoir|atk|1
|turn|1
|
|switch|p2a: Jirachi|Jirachi|404\/404
|detailschange|p1a: Gardevoir|Gardevoir-Mega, F, shiny
|-mega|p1a: Gardevoir|Gardevoir|Gardevoirite
|move|p1a: Gardevoir|Hyper Voice|p2a: Jirachi
|-resisted|p2a: Jirachi
|-damage|p2a: Jirachi|295\/404
|
|-heal|p2a: Jirachi|320\/404|[from] item: Leftovers
|turn|2
|
|switch|p1a: Seismitoad|Seismitoad, M|414\/414
|switch|p2a: Landorus-Therian|Landorus-Therian, M|369\/369
|-ability|p2a: Landorus-Therian|Intimidate|[of] p1a: Seismitoad
|-unboost|p1a: Seismitoad|atk|1
|
|turn|3
|
|move|p2a: Landorus-Therian|Stealth Rock|p1a: Seismitoad
|-sidestart|p1: fzappa|move: Stealth Rock
|move|p1a: Seismitoad|Stealth Rock|p2a: Landorus-Therian
|-sidestart|p2: SunnySuspect|move: Stealth Rock
|
|turn|4
|
|move|p2a: Landorus-Therian|U-turn|p1a: Seismitoad
|-damage|p1a: Seismitoad|309\/414
|
|switch|p2a: Celebi|Celebi|404\/404
|-damage|p2a: Celebi|354\/404|[from] Stealth Rock
|move|p1a: Seismitoad|Knock Off|p2a: Celebi
|-supereffective|p2a: Celebi
|-damage|p2a: Celebi|250\/404
|-enditem|p2a: Celebi|Leftovers|[from] move: Knock Off|[of] p1a: Seismitoad
|
|-heal|p1a: Seismitoad|334\/414|[from] item: Leftovers
|turn|5
|
|switch|p1a: Talonflame|Talonflame, F|359\/359
|-damage|p1a: Talonflame|180\/359|[from] Stealth Rock
|move|p2a: Celebi|Baton Pass|p2a: Celebi
|
|switch|p2a: Landorus-Therian|Landorus-Therian, M|369\/369
|-damage|p2a: Landorus-Therian|323\/369|[from] Stealth Rock
|-ability|p2a: Landorus-Therian|Intimidate|[of] p1a: Talonflame
|-unboost|p1a: Talonflame|atk|1
|
|-heal|p1a: Talonflame|202\/359|[from] item: Leftovers
|turn|6
|
|move|p1a: Talonflame|Will-O-Wisp|p2a: Landorus-Therian
|-status|p2a: Landorus-Therian|brn
|move|p2a: Landorus-Therian|Knock Off|p1a: Talonflame
|-damage|p1a: Talonflame|123\/359
|-enditem|p1a: Talonflame|Leftovers|[from] move: Knock Off|[of] p2a: Landorus-Therian
|
|-damage|p2a: Landorus-Therian|277\/369 brn|[from] brn
|turn|7
|
|switch|p1a: Chesnaught|Chesnaught, F|380\/380
|-damage|p1a: Chesnaught|357\/380|[from] Stealth Rock
|move|p2a: Landorus-Therian|Earthquake|p1a: Chesnaught
|-resisted|p1a: Chesnaught
|-damage|p1a: Chesnaught|332\/380
|
|-heal|p1a: Chesnaught|355\/380|[from] item: Leftovers
|-damage|p2a: Landorus-Therian|231\/369 brn|[from] brn
|turn|8
|
|switch|p2a: Altaria|Altaria, M|353\/353
|-damage|p2a: Altaria|265\/353|[from] Stealth Rock
|move|p1a: Chesnaught|Spikes|p2a: Altaria
|-sidestart|p2: SunnySuspect|Spikes
|
|-heal|p1a: Chesnaught|378\/380|[from] item: Leftovers
|turn|9
|
|switch|p1a: Seismitoad|Seismitoad, M|334\/414
|-damage|p1a: Seismitoad|309\/414|[from] Stealth Rock
|detailschange|p2a: Altaria|Altaria-Mega, M
|-mega|p2a: Altaria|Altaria|Altarianite
|move|p2a: Altaria|Dragon Dance|p2a: Altaria
|-boost|p2a: Altaria|atk|1
|-boost|p2a: Altaria|spe|1
|
|-heal|p1a: Seismitoad|334\/414|[from] item: Leftovers
|turn|10
|
|move|p2a: Altaria|Dragon Dance|p2a: Altaria
|-boost|p2a: Altaria|atk|1
|-boost|p2a: Altaria|spe|1
|move|p1a: Seismitoad|Scald|p2a: Altaria
|-resisted|p2a: Altaria
|-damage|p2a: Altaria|231\/353
|
|-heal|p1a: Seismitoad|359\/414|[from] item: Leftovers
|turn|11
|
|move|p2a: Altaria|Dragon Dance|p2a: Altaria
|-boost|p2a: Altaria|atk|1
|-boost|p2a: Altaria|spe|1
|move|p1a: Seismitoad|Scald|p2a: Altaria
|-resisted|p2a: Altaria
|-damage|p2a: Altaria|195\/353
|
|-heal|p1a: Seismitoad|384\/414|[from] item: Leftovers
|turn|12
|
|move|p2a: Altaria|Dragon Dance|p2a: Altaria
|-boost|p2a: Altaria|atk|1
|-boost|p2a: Altaria|spe|1
|move|p1a: Seismitoad|Scald|p2a: Altaria
|-resisted|p2a: Altaria
|-damage|p2a: Altaria|160\/353
|
|-heal|p1a: Seismitoad|409\/414|[from] item: Leftovers
|turn|13
|
|move|p2a: Altaria|Roost|p2a: Altaria
|-heal|p2a: Altaria|337\/353
|move|p1a: Seismitoad|Scald|p2a: Altaria
|-resisted|p2a: Altaria
|-damage|p2a: Altaria|303\/353
|
|-heal|p1a: Seismitoad|414\/414|[from] item: Leftovers
|turn|14
|
|move|p2a: Altaria|Dragon Dance|p2a: Altaria
|-boost|p2a: Altaria|atk|1
|-boost|p2a: Altaria|spe|1
|move|p1a: Seismitoad|Scald|p2a: Altaria
|-resisted|p2a: Altaria
|-damage|p2a: Altaria|268\/353
|
|turn|15
|c|âSunnySuspect|lol
|c|âfzappa|wot
|
|move|p2a: Altaria|Return|p1a: Seismitoad
|-damage|p1a: Seismitoad|0 fnt
|faint|p1a: Seismitoad
|
|c|âSunnySuspect|I have Heal Bell lol
|c|âSunnySuspect|;-;
|
|switch|p1a: Bisharp|Bisharp, F|318\/318
|-damage|p1a: Bisharp|299\/318|[from] Stealth Rock
|turn|16
|
|move|p2a: Altaria|Return|p1a: Bisharp
|-damage|p1a: Bisharp|0 fnt
|faint|p1a: Bisharp
|
|c|âSunnySuspect|have a nice day lol
|-message|fzappa forfeited.
|
|win|SunnySuspect
|raw|Ladder updating...
|leave|fzappa
|player|p1
|raw|fzappa's rating: 1518 &rarr; <strong>1497<\/strong><br \/>(-21 for losing)
|raw|SunnySuspect's rating: 1502 &rarr; <strong>1523<\/strong><br \/>(+21 for winning)