|join|Jukain
|join|fzappa
|player|p1|Jukain|291
|player|p2|fzappa|101
|gametype|singles
|gen|6
|tier|OU (suspect test)
|rated
|clearpoke
|poke|p1|Sableye, M
|poke|p1|Talonflame, M
|poke|p1|Starmie
|poke|p1|Ferrothorn, M
|poke|p1|Landorus-Therian, M
|poke|p1|Tyranitar, M
|poke|p2|Politoed, M
|poke|p2|Swampert, M
|poke|p2|Kingdra, F
|poke|p2|Roserade, F
|poke|p2|Excadrill, F
|poke|p2|Gothitelle, F
|rule|Swagger Clause: Swagger is banned
|rule|Baton Pass Clause: Limit one PokÃ©mon knowing Baton Pass
|rule|Sleep Clause Mod: Limit one foe put to sleep
|rule|Species Clause: Limit one of each PokÃ©mon
|rule|OHKO Clause: OHKO moves are banned
|rule|Moody Clause: Moody is banned
|rule|Evasion Moves Clause: Evasion moves are banned
|rule|Endless Battle Clause: Forcing endless battles is banned
|rule|HP Percentage Mod: HP is shown in percentages
|teampreview
|join|TCBB
|leave|TCBB
|join|I am Javert
|join|TRC
|c|âfzappa|this team is rubbish so dont worry
|
|start
|switch|p1a: Starmie|Starmie|323\/323
|switch|p2a: Kingdra|Kingdra, F|298\/298
|turn|1
|
|move|p1a: Starmie|Scald|p2a: Kingdra
|-resisted|p2a: Kingdra
|-damage|p2a: Kingdra|276\/298
|move|p2a: Kingdra|Draco Meteor|p1a: Starmie
|-damage|p1a: Starmie|0 fnt
|-unboost|p2a: Kingdra|spa|2
|faint|p1a: Starmie
|
|
|switch|p1a: Tyranitar|Tyranitar, M|341\/341
|-weather|Sandstorm
|turn|2
|c|+TRC|r-rekt
|
|move|p1a: Tyranitar|Pursuit|p2a: Kingdra|[from]Pursuit
|-damage|p2a: Kingdra|120\/298
|switch|p2a: Excadrill|Excadrill, F|424\/424
|-ability|p2a: Excadrill|Mold Breaker
|
|-weather|Sandstorm|[upkeep]
|turn|3
|c|âJukain|lol
|c|âJukain|it was the cancel button
|c|âJukain|:[
|c|âJukain|fuk the cancel button.
|
|switch|p1a: Landorus-Therian|Landorus-Therian, M|381\/381
|-ability|p1a: Landorus-Therian|Intimidate|[of] p2a: Excadrill
|-unboost|p2a: Excadrill|atk|1
|move|p2a: Excadrill|Stealth Rock|p1a: Landorus-Therian
|-sidestart|p1: Jukain|move: Stealth Rock
|
|-weather|Sandstorm|[upkeep]
|turn|4
|c|+TRC|why does he have
|c|+TRC|no ground resists
|c|+TRC|and he isnt even full rain
|c|âfzappa|because this team is rubbish
|c|âJukain|idk but it doesnt help me
|c|âfzappa|like i said
|c|âJukain|i still have to deal with
|c|âJukain|these swift swimmers
|
|switch|p2a: Gothitelle|Gothitelle, F|281\/281
|move|p1a: Landorus-Therian|Earthquake|p2a: Gothitelle
|-damage|p2a: Gothitelle|101\/281
|
|-weather|Sandstorm|[upkeep]
|-damage|p2a: Gothitelle|84\/281|[from] sandstorm
|turn|5
|
|move|p2a: Gothitelle|Psychic|p1a: Landorus-Therian
|-damage|p1a: Landorus-Therian|146\/381
|move|p1a: Landorus-Therian|Earthquake|p2a: Gothitelle
|-damage|p2a: Gothitelle|0 fnt
|faint|p2a: Gothitelle
|
|-weather|Sandstorm|[upkeep]
|-heal|p1a: Landorus-Therian|169\/381|[from] item: Leftovers
|c|+TRC|o
|c|+TRC|u arent scarf
|c|+TRC|jk
|
|switch|p2a: Politoed|Politoed, M|383\/383
|-weather|RainDance
|turn|6
|
|move|p1a: Landorus-Therian|U-turn|p2a: Politoed
|-damage|p2a: Politoed|319\/383
|
|switch|p1a: Ferrothorn|Ferrothorn, M|352\/352
|-damage|p1a: Ferrothorn|330\/352|[from] Stealth Rock
|move|p2a: Politoed|Scald|p1a: Ferrothorn
|-resisted|p1a: Ferrothorn
|-damage|p1a: Ferrothorn|281\/352
|
|-weather|RainDance|[upkeep]
|-heal|p1a: Ferrothorn|303\/352|[from] item: Leftovers
|turn|7
|
|switch|p2a: Roserade|Roserade, F|261\/261
|move|p1a: Ferrothorn|Spikes|p2a: Roserade
|-sidestart|p2: fzappa|Spikes
|
|-weather|RainDance|[upkeep]
|-heal|p1a: Ferrothorn|325\/352|[from] item: Leftovers
|turn|8
|
|switch|p1a: Sableye|Sableye, M|304\/304
|-damage|p1a: Sableye|266\/304|[from] Stealth Rock
|move|p2a: Roserade|Toxic Spikes|p1a: Sableye
|-sidestart|p1: Jukain|move: Toxic Spikes
|
|-weather|RainDance|[upkeep]
|turn|9
|
|move|p1a: Sableye|Calm Mind|p1a: Sableye
|-boost|p1a: Sableye|spa|1
|-boost|p1a: Sableye|spd|1
|move|p2a: Roserade|Weather Ball|p1a: Sableye
|-damage|p1a: Sableye|128\/304
|
|-weather|RainDance|[upkeep]
|turn|10
|
|switch|p2a: Kingdra|Kingdra, F|120\/298
|-damage|p2a: Kingdra|83\/298|[from] Spikes
|move|p1a: Sableye|Recover|p1a: Sableye
|-heal|p1a: Sableye|280\/304
|
|-weather|RainDance|[upkeep]
|turn|11
|
|detailschange|p1a: Sableye|Sableye-Mega, M
|-mega|p1a: Sableye|Sableye|Sablenite
|move|p2a: Kingdra|Hydro Pump|p1a: Sableye|[miss]
|-miss|p2a: Kingdra|p1a: Sableye
|move|p1a: Sableye|Shadow Ball|p2a: Kingdra
|-damage|p2a: Kingdra|0 fnt
|faint|p2a: Kingdra
|
|-weather|RainDance|[upkeep]
|c|âJukain|ouch sorry
|c|+TRC|lol
|
|switch|p2a: Swampert|Swampert, M|391\/391
|-damage|p2a: Swampert|343\/391|[from] Spikes
|turn|12
|c|âJukain|that doesn't ohko
|c|âJukain|for whatever it's worth
|c|âfzappa|was just a specs hydro in the rain y'know
|c|+TRC|âJukain: that doesn't ohko
|c|+TRC|âJukain: for whatever it's worth
|
|detailschange|p2a: Swampert|Swampert-Mega, M
|-mega|p2a: Swampert|Swampert|Swampertite
|move|p2a: Swampert|Substitute|p2a: Swampert
|-start|p2a: Swampert|Substitute
|-damage|p2a: Swampert|246\/391
|move|p1a: Sableye|Will-O-Wisp|p2a: Swampert
|
|-weather|RainDance|[upkeep]
|turn|13
|c|+TRC|LOL GET FUCKED
|c|+TRC|ok
|c|âJukain|o LOL
|c|+TRC|i think
|c|âJukain|its sub pup
|
|move|p2a: Swampert|Waterfall|p1a: Sableye
|-damage|p1a: Sableye|78\/304
|move|p1a: Sableye|Will-O-Wisp|p2a: Swampert
|
|-weather|none
|turn|14
|c|âJukain|THE UU SET
|c|âJukain|I CLICKED CANCEL
|c|+TRC|;;;
|c|âJukain|FUCK YOU
|c|+TRC|what are you doing
|c|+TRC|LOL
|c|âJukain|I MISCLICKED
|c|âJukain|AND THEN CANCELED IT
|
|move|p2a: Swampert|Earthquake|p1a: Sableye
|-damage|p1a: Sableye|0 fnt
|faint|p1a: Sableye
|
|c|+TRC|gg
|c|+TRC|loooool
|c|âJukain|ugh wutevz
|c|âJukain|ok
|
|switch|p1a: Tyranitar|Tyranitar, M|341\/341
|-status|p1a: Tyranitar|psn
|-damage|p1a: Tyranitar|299\/341 psn|[from] Stealth Rock
|-weather|Sandstorm
|turn|15
|c|âJukain|i can still do this
|c|âJukain|i think
|c|âfzappa|no power whip on ferrp
|
|move|p1a: Tyranitar|Crunch|p2a: Swampert
|-end|p2a: Swampert|Substitute
|move|p2a: Swampert|Earthquake|p1a: Tyranitar
|-supereffective|p1a: Tyranitar
|-damage|p1a: Tyranitar|0 fnt
|faint|p1a: Tyranitar
|
|-weather|Sandstorm|[upkeep]
|
|switch|p1a: Talonflame|Talonflame, M|327\/327
|-damage|p1a: Talonflame|164\/327|[from] Stealth Rock
|turn|16
|c|âJukain|ugh this doesnt even
|c|âJukain|kill
|c|âJukain|wutevz
|
|switch|p2a: Politoed|Politoed, M|319\/383
|-damage|p2a: Politoed|272\/383|[from] Spikes
|-weather|RainDance
|move|p1a: Talonflame|Will-O-Wisp|p2a: Politoed|[miss]
|-miss|p1a: Talonflame|p2a: Politoed
|
|-weather|RainDance|[upkeep]
|turn|17
|
|switch|p1a: Landorus-Therian|Landorus-Therian, M|169\/381
|-damage|p1a: Landorus-Therian|122\/381|[from] Stealth Rock
|-ability|p1a: Landorus-Therian|Intimidate|[of] p2a: Politoed
|-unboost|p2a: Politoed|atk|1
|move|p2a: Politoed|Scald|p1a: Landorus-Therian
|-supereffective|p1a: Landorus-Therian
|-damage|p1a: Landorus-Therian|0 fnt
|faint|p1a: Landorus-Therian
|
|-weather|RainDance|[upkeep]
|
|switch|p1a: Ferrothorn|Ferrothorn, M|325\/352
|-damage|p1a: Ferrothorn|303\/352|[from] Stealth Rock
|turn|18
|
|move|p2a: Politoed|Perish Song|p2a: Politoed
|-fieldactivate|move: Perish Song
|move|p1a: Ferrothorn|Leech Seed|p2a: Politoed
|-start|p2a: Politoed|move: Leech Seed
|
|-start|p2a: Politoed|perish3
|-start|p1a: Ferrothorn|perish3
|-weather|RainDance|[upkeep]
|-heal|p1a: Ferrothorn|325\/352|[from] item: Leftovers
|-damage|p2a: Politoed|225\/383|[from] Leech Seed|[of] p1a: Ferrothorn
|-heal|p1a: Ferrothorn|352\/352|[silent]
|turn|19
|c|+TRC|gg
|
|move|p2a: Politoed|Encore|p1a: Ferrothorn
|-start|p1a: Ferrothorn|Encore
|move|p1a: Ferrothorn|Leech Seed|p2a: Politoed
|-fail|p2a: Politoed
|
|-start|p2a: Politoed|perish2
|-start|p1a: Ferrothorn|perish2
|-weather|RainDance|[upkeep]
|-damage|p2a: Politoed|178\/383|[from] Leech Seed|[of] p1a: Ferrothorn
|turn|20
|c|âfzappa|gg
|c|+TRC|wait
|c|+TRC|yo if thats
|
|switch|p2a: Roserade|Roserade, F|261\/261
|-damage|p2a: Roserade|229\/261|[from] Spikes
|move|p1a: Ferrothorn|Leech Seed|p2a: Roserade
|-immune|p2a: Roserade|[msg]
|
|-start|p1a: Ferrothorn|perish1
|-weather|RainDance|[upkeep]
|-heal|p2a: Roserade|245\/261|[from] item: Black Sludge
|turn|21
|c|+TRC|beak tflame
|
|move|p2a: Roserade|Weather Ball|p1a: Ferrothorn
|-resisted|p1a: Ferrothorn
|-damage|p1a: Ferrothorn|277\/352
|move|p1a: Ferrothorn|Leech Seed|p2a: Roserade
|-immune|p2a: Roserade|[msg]
|
|-start|p1a: Ferrothorn|perish0
|-weather|RainDance|[upkeep]
|-heal|p2a: Roserade|261\/261|[from] item: Black Sludge
|faint|p1a: Ferrothorn
|c|+TRC|lol u lost
|c|+TRC|to a roserade
|c|âJukain|trc
|c|âJukain|shut the fuck up
|
|switch|p1a: Talonflame|Talonflame, M|164\/327
|-damage|p1a: Talonflame|1\/327|[from] Stealth Rock
|turn|22
|c|âJukain|you lost to
|c|âJukain|things much worse than roserade
|c|âJukain|lmao
|c|+TRC|only a cradily ;_;
|
|move|p1a: Talonflame|Acrobatics|p2a: Roserade
|-crit|p2a: Roserade
|-supereffective|p2a: Roserade
|-damage|p2a: Roserade|0 fnt
|faint|p2a: Roserade
|
|-weather|RainDance|[upkeep]
|c|+TRC|and it was a bpass recipient
|c|âfzappa|wot
|
|switch|p2a: Swampert|Swampert-Mega, M|246\/391
|-damage|p2a: Swampert|198\/391|[from] Spikes
|turn|23
|c|âJukain|nah dw
|c|âJukain|this doesnt even kill megapert
|c|âJukain|i'm sure.
|join|TCBB
|
|move|p1a: Talonflame|Acrobatics|p2a: Swampert
|-damage|p2a: Swampert|66\/391
|move|p2a: Swampert|Waterfall|p1a: Talonflame
|-supereffective|p1a: Talonflame
|-damage|p1a: Talonflame|0 fnt
|faint|p1a: Talonflame
|
|win|fzappa
|raw|Ladder updating...
|raw|Jukain's rating: 1579 &rarr; <strong>1552<\/strong><br \/>(-27 for losing)
|raw|fzappa's rating: 1455 &rarr; <strong>1482<\/strong><br \/>(+27 for winning)
|c|âfzappa|ah acro
|c|âJukain|y
|c|âfzappa|gg
|c|âJukain|i used it before
|c|âJukain|retard
|c|âJukain|lol
|c|âJukain|gg
|leave|Jukain
|player|p1
|leave|TCBB