|join|Dominant7
|join|fzappa
|player|p1|Dominant7|190
|player|p2|fzappa|265
|gametype|singles
|gen|6
|tier|OU (suspect test)
|rated
|clearpoke
|poke|p1|Heracross, F
|poke|p1|Heatran, F
|poke|p1|Ferrothorn, F
|poke|p1|Thundurus, M
|poke|p1|Latias, F
|poke|p1|Conkeldurr, F
|poke|p2|Victini
|poke|p2|Scolipede, M
|poke|p2|Rotom-Wash
|poke|p2|Bisharp, M
|poke|p2|Ferrothorn, F
|poke|p2|Slowbro, F
|rule|Swagger Clause: Swagger is banned
|rule|Baton Pass Clause: Limit one PokÃ©mon knowing Baton Pass
|rule|Sleep Clause Mod: Limit one foe put to sleep
|rule|Species Clause: Limit one of each PokÃ©mon
|rule|OHKO Clause: OHKO moves are banned
|rule|Moody Clause: Moody is banned
|rule|Evasion Moves Clause: Evasion moves are banned
|rule|Endless Battle Clause: Forcing endless battles is banned
|rule|HP Percentage Mod: HP is shown in percentages
|teampreview
|
|start
|switch|p1a: Heracross|Heracross, F|311\/311
|switch|p2a: Scolipede|Scolipede, M|262\/262
|turn|1
|
|detailschange|p1a: Heracross|Heracross-Mega, F
|-mega|p1a: Heracross|Heracross|Heracronite
|move|p2a: Scolipede|Poison Jab|p1a: Heracross
|-damage|p1a: Heracross|197\/311
|move|p1a: Heracross|Rock Blast|p2a: Scolipede
|-crit|p2a: Scolipede
|-supereffective|p2a: Scolipede
|-damage|p2a: Scolipede|128\/262
|-supereffective|p2a: Scolipede
|-damage|p2a: Scolipede|34\/262
|-supereffective|p2a: Scolipede
|-damage|p2a: Scolipede|0 fnt
|-hitcount|p2a: Scolipede|3
|faint|p2a: Scolipede
|
|
|switch|p2a: Victini|Victini|404\/404
|turn|2
|
|switch|p1a: Ferrothorn|Ferrothorn, F|352\/352
|move|p2a: Victini|Power-Up Punch|p1a: Ferrothorn
|-supereffective|p1a: Ferrothorn
|-damage|p1a: Ferrothorn|310\/352
|-damage|p2a: Victini|354\/404|[from] ability: Iron Barbs|[of] p1a: Ferrothorn
|-damage|p2a: Victini|287\/404|[from] item: Rocky Helmet|[of] p1a: Ferrothorn
|-boost|p2a: Victini|atk|1
|
|-heal|p2a: Victini|312\/404|[from] item: Leftovers
|turn|3
|
|move|p2a: Victini|V-create|p1a: Ferrothorn
|-supereffective|p1a: Ferrothorn
|-damage|p1a: Ferrothorn|0 fnt
|-damage|p2a: Victini|262\/404|[from] ability: Iron Barbs|[of] p1a: Ferrothorn
|-damage|p2a: Victini|195\/404|[from] item: Rocky Helmet|[of] p1a: Ferrothorn
|-unboost|p2a: Victini|def|1
|-unboost|p2a: Victini|spd|1
|-unboost|p2a: Victini|spe|1
|faint|p1a: Ferrothorn
|
|-heal|p2a: Victini|220\/404|[from] item: Leftovers
|
|switch|p1a: Conkeldurr|Conkeldurr, F|352\/352
|turn|4
|
|move|p2a: Victini|V-create|p1a: Conkeldurr
|-damage|p1a: Conkeldurr|0 fnt
|-unboost|p2a: Victini|def|1
|-unboost|p2a: Victini|spd|1
|-unboost|p2a: Victini|spe|1
|faint|p1a: Conkeldurr
|
|-heal|p2a: Victini|245\/404|[from] item: Leftovers
|
|switch|p1a: Heracross|Heracross-Mega, F|197\/311
|turn|5
|c|âDominant7|wtf
|
|switch|p2a: Ferrothorn|Ferrothorn, F|352\/352
|move|p1a: Heracross|Rock Blast|p2a: Ferrothorn
|-resisted|p2a: Ferrothorn
|-damage|p2a: Ferrothorn|337\/352
|-resisted|p2a: Ferrothorn
|-damage|p2a: Ferrothorn|321\/352
|-resisted|p2a: Ferrothorn
|-damage|p2a: Ferrothorn|306\/352
|-crit|p2a: Ferrothorn
|-resisted|p2a: Ferrothorn
|-damage|p2a: Ferrothorn|284\/352
|-resisted|p2a: Ferrothorn
|-damage|p2a: Ferrothorn|269\/352
|-hitcount|p2a: Ferrothorn|5
|
|-heal|p2a: Ferrothorn|291\/352|[from] item: Leftovers
|turn|6
|c|âfzappa|conkeldurr is slow
|
|switch|p2a: Victini|Victini|245\/404
|move|p1a: Heracross|Close Combat|p2a: Victini
|-resisted|p2a: Victini
|-damage|p2a: Victini|86\/404
|-unboost|p1a: Heracross|def|1
|-unboost|p1a: Heracross|spd|1
|
|-heal|p2a: Victini|111\/404|[from] item: Leftovers
|turn|7
|
|switch|p1a: Latias|Latias, F|302\/302
|move|p2a: Victini|Bolt Strike|p1a: Latias
|-resisted|p1a: Latias
|-damage|p1a: Latias|240\/302
|
|-heal|p2a: Victini|136\/404|[from] item: Leftovers
|turn|8
|
|switch|p2a: Ferrothorn|Ferrothorn, F|291\/352
|move|p1a: Latias|Surf|p2a: Ferrothorn
|-resisted|p2a: Ferrothorn
|-damage|p2a: Ferrothorn|248\/352
|-damage|p1a: Latias|210\/302|[from] item: Life Orb
|
|-heal|p2a: Ferrothorn|270\/352|[from] item: Leftovers
|turn|9
|
|switch|p1a: Heatran|Heatran, F|344\/344
|move|p2a: Ferrothorn|Stealth Rock|p1a: Heatran
|-sidestart|p1: Dominant7|move: Stealth Rock
|
|-heal|p2a: Ferrothorn|292\/352|[from] item: Leftovers
|turn|10
|
|move|p1a: Heatran|Stealth Rock|p2a: Ferrothorn
|-sidestart|p2: fzappa|move: Stealth Rock
|move|p2a: Ferrothorn|Bulldoze|p1a: Heatran
|-supereffective|p1a: Heatran
|-damage|p1a: Heatran|184\/344
|-unboost|p1a: Heatran|spe|1
|
|-heal|p1a: Heatran|205\/344|[from] item: Leftovers
|-heal|p2a: Ferrothorn|314\/352|[from] item: Leftovers
|turn|11
|
|switch|p2a: Rotom-Wash|Rotom-Wash|304\/304
|-damage|p2a: Rotom-Wash|266\/304|[from] Stealth Rock
|move|p1a: Heatran|Lava Plume|p2a: Rotom-Wash
|-resisted|p2a: Rotom-Wash
|-damage|p2a: Rotom-Wash|214\/304
|
|-heal|p2a: Rotom-Wash|233\/304|[from] item: Leftovers
|-heal|p1a: Heatran|226\/344|[from] item: Leftovers
|turn|12
|
|switch|p1a: Latias|Latias, F|210\/302
|-damage|p1a: Latias|173\/302|[from] Stealth Rock
|move|p2a: Rotom-Wash|Hydro Pump|p1a: Latias|[miss]
|-miss|p2a: Rotom-Wash|p1a: Latias
|
|-heal|p2a: Rotom-Wash|252\/304|[from] item: Leftovers
|turn|13
|
|switch|p1a: Heatran|Heatran, F|226\/344
|-damage|p1a: Heatran|183\/344|[from] Stealth Rock
|switch|p2a: Ferrothorn|Ferrothorn, F|314\/352
|-damage|p2a: Ferrothorn|292\/352|[from] Stealth Rock
|
|-heal|p1a: Heatran|204\/344|[from] item: Leftovers
|-heal|p2a: Ferrothorn|314\/352|[from] item: Leftovers
|turn|14
|
|switch|p2a: Rotom-Wash|Rotom-Wash|252\/304
|-damage|p2a: Rotom-Wash|214\/304|[from] Stealth Rock
|move|p1a: Heatran|Lava Plume|p2a: Rotom-Wash
|-resisted|p2a: Rotom-Wash
|-damage|p2a: Rotom-Wash|156\/304
|
|-heal|p1a: Heatran|225\/344|[from] item: Leftovers
|-heal|p2a: Rotom-Wash|175\/304|[from] item: Leftovers
|turn|15
|
|move|p2a: Rotom-Wash|Hydro Pump|p1a: Heatran
|-supereffective|p1a: Heatran
|-damage|p1a: Heatran|15\/344
|move|p1a: Heatran|Roar|p2a: Rotom-Wash
|drag|p2a: Slowbro|Slowbro, F|394\/394
|-damage|p2a: Slowbro|345\/394|[from] Stealth Rock
|
|-heal|p1a: Heatran|36\/344|[from] item: Leftovers
|turn|16
|
|switch|p1a: Heracross|Heracross-Mega, F|197\/311
|-damage|p1a: Heracross|159\/311|[from] Stealth Rock
|detailschange|p2a: Slowbro|Slowbro-Mega, F
|-mega|p2a: Slowbro|Slowbro|Slowbronite
|move|p2a: Slowbro|Scald|p1a: Heracross
|-damage|p1a: Heracross|53\/311
|
|turn|17
|
|switch|p1a: Thundurus|Thundurus, M|300\/300
|-damage|p1a: Thundurus|225\/300|[from] Stealth Rock
|switch|p2a: Ferrothorn|Ferrothorn, F|314\/352
|-damage|p2a: Ferrothorn|292\/352|[from] Stealth Rock
|
|-heal|p2a: Ferrothorn|314\/352|[from] item: Leftovers
|turn|18
|
|move|p1a: Thundurus|Taunt|p2a: Ferrothorn
|-start|p2a: Ferrothorn|move: Taunt
|move|p2a: Ferrothorn|Gyro Ball|p1a: Thundurus
|-resisted|p1a: Thundurus
|-damage|p1a: Thundurus|106\/300
|
|-heal|p2a: Ferrothorn|336\/352|[from] item: Leftovers
|turn|19
|
|switch|p1a: Heatran|Heatran, F|36\/344
|-damage|p1a: Heatran|0 fnt|[from] Stealth Rock
|faint|p1a: Heatran
|move|p2a: Ferrothorn|Gyro Ball|p1: Heatran|[notarget]
|-notarget
|
|-heal|p2a: Ferrothorn|352\/352|[from] item: Leftovers
|
|switch|p1a: Heracross|Heracross-Mega, F|53\/311
|-damage|p1a: Heracross|15\/311|[from] Stealth Rock
|turn|20
|
|switch|p2a: Victini|Victini|136\/404
|-damage|p2a: Victini|35\/404|[from] Stealth Rock
|move|p1a: Heracross|Close Combat|p2a: Victini
|-resisted|p2a: Victini
|-damage|p2a: Victini|0 fnt
|-unboost|p1a: Heracross|def|1
|-unboost|p1a: Heracross|spd|1
|faint|p2a: Victini
|
|
|switch|p2a: Bisharp|Bisharp, M|272\/272
|-damage|p2a: Bisharp|255\/272|[from] Stealth Rock
|turn|21
|
|switch|p1a: Latias|Latias, F|173\/302
|-damage|p1a: Latias|136\/302|[from] Stealth Rock
|move|p2a: Bisharp|Sucker Punch|p1a: Latias
|-fail|p1a: Latias
|
|turn|22
|
|move|p1a: Latias|Healing Wish|p1a: Latias
|faint|p1a: Latias
|move|p2a: Bisharp|Knock Off|p1: Latias|[notarget]
|-notarget
|
|
|switch|p1a: Heracross|Heracross-Mega, F|15\/311
|-heal|p1a: Heracross|311\/311|[from] move: Healing Wish
|-damage|p1a: Heracross|273\/311|[from] Stealth Rock
|turn|23
|
|move|p1a: Heracross|Close Combat|p2a: Bisharp
|-crit|p2a: Bisharp
|-supereffective|p2a: Bisharp
|-damage|p2a: Bisharp|0 fnt
|-unboost|p1a: Heracross|def|1
|-unboost|p1a: Heracross|spd|1
|faint|p2a: Bisharp
|
|
|switch|p2a: Slowbro|Slowbro-Mega, F|345\/394
|-damage|p2a: Slowbro|296\/394|[from] Stealth Rock
|turn|24
|
|move|p1a: Heracross|Pin Missile|p2a: Slowbro
|-supereffective|p2a: Slowbro
|-damage|p2a: Slowbro|236\/394
|-supereffective|p2a: Slowbro
|-damage|p2a: Slowbro|170\/394
|-supereffective|p2a: Slowbro
|-damage|p2a: Slowbro|110\/394
|-supereffective|p2a: Slowbro
|-damage|p2a: Slowbro|44\/394
|-supereffective|p2a: Slowbro
|-damage|p2a: Slowbro|0 fnt
|-hitcount|p2a: Slowbro|5
|faint|p2a: Slowbro
|
|
|switch|p2a: Rotom-Wash|Rotom-Wash|175\/304
|-damage|p2a: Rotom-Wash|137\/304|[from] Stealth Rock
|turn|25
|
|move|p1a: Heracross|Close Combat|p2a: Rotom-Wash
|-crit|p2a: Rotom-Wash
|-damage|p2a: Rotom-Wash|0 fnt
|-unboost|p1a: Heracross|def|1
|-unboost|p1a: Heracross|spd|1
|faint|p2a: Rotom-Wash
|
|c|âDominant7|gg
|-message|fzappa forfeited.
|leave|fzappa
|
|win|Dominant7
|raw|Ladder updating...
|player|p2