|join|fzappa
|join|Chocolove
|player|p1|fzappa|101
|player|p2|Chocolove|29
|gametype|singles
|gen|6
|tier|OU (suspect test)
|rated
|clearpoke
|poke|p1|Bisharp, M
|poke|p1|Gengar, M
|poke|p1|Diancie
|poke|p1|Thundurus, M
|poke|p1|Landorus-Therian, M
|poke|p1|Ferrothorn, F
|poke|p2|Crawdaunt, M
|poke|p2|Raikou
|poke|p2|Heatran, F
|poke|p2|Starmie
|poke|p2|Landorus-Therian, M
|poke|p2|Metagross
|rule|Swagger Clause: Swagger is banned
|rule|Baton Pass Clause: Limit one PokÃ©mon knowing Baton Pass
|rule|Sleep Clause Mod: Limit one foe put to sleep
|rule|Species Clause: Limit one of each PokÃ©mon
|rule|OHKO Clause: OHKO moves are banned
|rule|Moody Clause: Moody is banned
|rule|Evasion Moves Clause: Evasion moves are banned
|rule|Endless Battle Clause: Forcing endless battles is banned
|rule|HP Percentage Mod: HP is shown in percentages
|teampreview
|
|start
|switch|p1a: Landorus-Therian|Landorus-Therian, M|330\/330
|switch|p2a: Based Dog|Landorus-Therian, M|319\/319
|-ability|p2a: Based Dog|Intimidate|[of] p1a: Landorus-Therian
|-unboost|p1a: Landorus-Therian|atk|1
|-ability|p1a: Landorus-Therian|Intimidate|[of] p2a: Based Dog
|-unboost|p2a: Based Dog|atk|1
|turn|1
|
|move|p2a: Based Dog|U-turn|p1a: Landorus-Therian
|-resisted|p1a: Landorus-Therian
|-damage|p1a: Landorus-Therian|299\/330
|
|switch|p2a: Starfall|Starmie|324\/324
|move|p1a: Landorus-Therian|Knock Off|p2a: Starfall
|-crit|p2a: Starfall
|-supereffective|p2a: Starfall
|-damage|p2a: Starfall|0 fnt
|-enditem|p2a: Starfall|Leftovers|[from] move: Knock Off|[of] p1a: Landorus-Therian
|faint|p2a: Starfall
|
|
|switch|p2a: Euron|Crawdaunt, M|268\/268
|turn|2
|
|move|p1a: Landorus-Therian|Knock Off|p2a: Euron
|-resisted|p2a: Euron
|-damage|p2a: Euron|216\/268
|-enditem|p2a: Euron|Life Orb|[from] move: Knock Off|[of] p1a: Landorus-Therian
|move|p2a: Euron|Swords Dance|p2a: Euron
|-boost|p2a: Euron|atk|2
|
|turn|3
|
|switch|p1a: Ferrothorn|Ferrothorn, F|352\/352
|move|p2a: Euron|Swords Dance|p2a: Euron
|-boost|p2a: Euron|atk|2
|
|turn|4
|
|move|p2a: Euron|Knock Off|p1a: Ferrothorn
|-damage|p1a: Ferrothorn|0 fnt
|-damage|p2a: Euron|183\/268|[from] ability: Iron Barbs|[of] p1a: Ferrothorn
|-enditem|p1a: Ferrothorn|Leftovers|[from] move: Knock Off|[of] p2a: Euron
|faint|p1a: Ferrothorn
|
|
|switch|p1a: Bisharp|Bisharp, M|271\/271
|turn|5
|
|move|p1a: Bisharp|Sucker Punch|p2a: Euron
|-resisted|p2a: Euron
|-damage|p2a: Euron|74\/268
|-damage|p1a: Bisharp|244\/271|[from] item: Life Orb
|move|p2a: Euron|Aqua Jet|p1a: Bisharp
|-damage|p1a: Bisharp|0 fnt
|faint|p1a: Bisharp
|
|-message|fzappa forfeited.
|
|win|Chocolove
|raw|Ladder updating...
|leave|fzappa
|player|p1
|raw|fzappa's rating: 1455 &rarr; <strong>1429<\/strong><br \/>(-26 for losing)
|raw|Chocolove's rating: 1336 &rarr; <strong>1362<\/strong><br \/>(+26 for winning)