|join|Bob the Bro
|join|King UU
|player|p1|Bob the Bro|23
|player|p2|King UU|22
|gametype|singles
|gen|6
|tier|UU
|rule|Sleep Clause Mod: Limit one foe put to sleep
|rule|Species Clause: Limit one of each PokÃ©mon
|rule|OHKO Clause: OHKO moves are banned
|rule|Moody Clause: Moody is banned
|rule|Evasion Moves Clause: Evasion moves are banned
|rule|Endless Battle Clause: Forcing endless battles is banned
|rule|HP Percentage Mod: HP is shown in percentages
|clearpoke
|poke|p1|Shedinja
|poke|p1|Blissey, F
|poke|p1|Tentacruel, F
|poke|p1|Zygarde
|poke|p1|Aggron, M
|poke|p1|Togetic, M
|poke|p2|Yanmega, M
|poke|p2|Donphan, M
|poke|p2|Machamp, F
|poke|p2|Jirachi
|poke|p2|Vaporeon, M
|poke|p2|Infernape, M
|rule|Swagger Clause: Swagger is banned
|rule|Baton Pass Clause: Limit one PokÃ©mon knowing Baton Pass
|teampreview
|join|beancount
|c|âBob the Bro|fkn rude
|c|âBob the Bro|fgt
|
|start
|switch|p1a: Kraken|Tentacruel, F|364\/364
|switch|p2a: Infernape|Infernape, M|293\/293
|turn|1
|
|move|p2a: Infernape|Taunt|p1a: Kraken
|-start|p1a: Kraken|move: Taunt
|cant|p1a: Kraken|move: Taunt|Toxic
|
|turn|2
|
|move|p2a: Infernape|Stealth Rock|p1a: Kraken
|-sidestart|p1: Bob the Bro|move: Stealth Rock
|move|p1a: Kraken|Scald|p2a: Infernape
|-supereffective|p2a: Infernape
|-damage|p2a: Infernape|101\/293
|
|turn|3
|
|move|p2a: Infernape|Endeavor|p1a: Kraken
|-damage|p1a: Kraken|101\/364
|move|p1a: Kraken|Scald|p2a: Infernape
|-supereffective|p2a: Infernape
|-damage|p2a: Infernape|0 fnt
|faint|p2a: Infernape
|
|-heal|p1a: Kraken|123\/364|[from] item: Black Sludge
|-end|p1a: Kraken|move: Taunt
|c|âBob the Bro|mfw thats av donphan isnt it
|
|switch|p2a: Jirachi|Jirachi|341\/341
|turn|4
|
|switch|p1a: Archilles|Aggron, M|344\/344
|-damage|p1a: Archilles|323\/344|[from] Stealth Rock
|move|p2a: Jirachi|Zen Headbutt|p1a: Archilles
|-resisted|p1a: Archilles
|-damage|p1a: Archilles|290\/344
|
|turn|5
|
|switch|p2a: Donphan|Donphan, M|351\/351
|detailschange|p1a: Archilles|Aggron-Mega, M
|message|Aggron has Mega Evolved into Mega Aggron!
|move|p1a: Archilles|Toxic|p2a: Donphan|[miss]
|-miss|p1a: Archilles|p2a: Donphan
|
|turn|6
|join|Yellow Skarmory
|
|move|p2a: Donphan|Earthquake|p1a: Archilles
|-supereffective|p1a: Archilles
|-damage|p1a: Archilles|160\/344
|move|p1a: Archilles|Toxic|p2a: Donphan
|-status|p2a: Donphan|tox
|
|-damage|p2a: Donphan|330\/351 tox|[from] psn
|turn|7
|
|switch|p1a: Freyja|Togetic, M|314\/314
|-damage|p1a: Freyja|236\/314|[from] Stealth Rock
|move|p2a: Donphan|Earthquake|p1a: Freyja
|-immune|p1a: Freyja|[msg]
|
|-damage|p2a: Donphan|288\/351 tox|[from] psn
|turn|8
|c| Yellow Skarmory|sheddy stall
|c| Yellow Skarmory|ic
|
|switch|p2a: Jirachi|Jirachi|341\/341
|move|p1a: Freyja|Defog|p2a: Jirachi
|-unboost|p2a: Jirachi|evasion|1
|-sideend|p1: Bob the Bro|Stealth Rock|[from] move: Defog|[of] p1a: Freyja
|
|turn|9
|c|âKing UU|oh tits
|
|switch|p1a: Archilles|Aggron-Mega, M|160\/344
|move|p2a: Jirachi|U-turn|p1a: Archilles
|-resisted|p1a: Archilles
|-damage|p1a: Archilles|143\/344
|
|switch|p2a: Machamp|Machamp, F|321\/321
|
|turn|10
|join|Emma Bae
|
|switch|p1a: Freyja|Togetic, M|236\/314
|move|p2a: Machamp|Knock Off|p1a: Freyja
|-resisted|p1a: Freyja
|-damage|p1a: Freyja|185\/314
|-enditem|p1a: Freyja|Eviolite|[from] move: Knock Off|[of] p2a: Machamp
|
|turn|11
|
|switch|p2a: Jirachi|Jirachi|341\/341
|move|p1a: Freyja|Roost|p1a: Freyja
|-heal|p1a: Freyja|314\/314
|
|turn|12
|
|switch|p1a: Hades|Shedinja|1\/1
|move|p2a: Jirachi|U-turn|p1a: Hades
|-activate|p1a: Hades|ability: Wonder Guard
|
|turn|13
|
|switch|p2a: Yanmega|Yanmega, M|313\/313
|move|p1a: Hades|Will-O-Wisp|p2a: Yanmega
|-status|p2a: Yanmega|brn
|
|-damage|p2a: Yanmega|274\/313 brn|[from] brn
|turn|14
|
|switch|p2a: Jirachi|Jirachi|341\/341
|switch|p1a: Venus|Blissey, F|714\/714
|
|turn|15
|
|move|p2a: Jirachi|Trick|p1a: Venus
|-activate|p2a: Jirachi|move: Trick|[of] p1a: Venus
|-item|p1a: Venus|Choice Scarf|[from] move: Trick
|-item|p2a: Jirachi|Leftovers|[from] move: Trick
|move|p1a: Venus|Counter|p2a: Jirachi
|-fail|p2a: Jirachi
|
|turn|16
|c|âBob the Bro|oh
|leave|beancount
|c|âBob the Bro|why did i not scout
|
|switch|p2a: Machamp|Machamp, F|321\/321
|move|p1a: Venus|Counter|p2a: Machamp
|-fail|p2a: Machamp
|
|turn|17
|join|DerpaniteX
|
|switch|p1a: Freyja|Togetic, M|314\/314
|move|p2a: Machamp|Dynamic Punch|p1a: Freyja
|-resisted|p1a: Freyja
|-damage|p1a: Freyja|251\/314
|-start|p1a: Freyja|confusion
|
|turn|18
|
|switch|p2a: Jirachi|Jirachi|341\/341
|switch|p1a: Kraken|Tentacruel, F|123\/364
|
|-heal|p1a: Kraken|145\/364|[from] item: Black Sludge
|turn|19
|
|switch|p1a: Archilles|Aggron-Mega, M|143\/344
|move|p2a: Jirachi|Zen Headbutt|p1a: Archilles
|-resisted|p1a: Archilles
|-damage|p1a: Archilles|115\/344
|
|turn|20
|
|move|p2a: Jirachi|Iron Head|p1a: Archilles
|-resisted|p1a: Archilles
|-damage|p1a: Archilles|88\/344
|cant|p1a: Archilles|flinch
|
|turn|21
|
|move|p2a: Jirachi|Iron Head|p1a: Archilles
|-resisted|p1a: Archilles
|-damage|p1a: Archilles|62\/344
|move|p1a: Archilles|Stealth Rock|p2a: Jirachi
|-sidestart|p2: King UU|move: Stealth Rock
|
|turn|22
|
|move|p2a: Jirachi|Iron Head|p1a: Archilles
|-resisted|p1a: Archilles
|-damage|p1a: Archilles|33\/344
|cant|p1a: Archilles|flinch
|
|turn|23
|
|move|p2a: Jirachi|Iron Head|p1a: Archilles
|-resisted|p1a: Archilles
|-damage|p1a: Archilles|6\/344
|cant|p1a: Archilles|flinch
|
|turn|24
|
|move|p2a: Jirachi|Iron Head|p1a: Archilles
|-resisted|p1a: Archilles
|-damage|p1a: Archilles|0 fnt
|faint|p1a: Archilles
|
|c|âBob the Bro|rip
|
|switch|p1a: Hades|Shedinja|1\/1
|turn|25
|
|move|p2a: Jirachi|Trick|p1a: Hades
|-activate|p2a: Jirachi|move: Trick|[of] p1a: Hades
|-item|p1a: Hades|Leftovers|[from] move: Trick
|-item|p2a: Jirachi|Focus Sash|[from] move: Trick
|move|p1a: Hades|Will-O-Wisp|p2a: Jirachi
|-status|p2a: Jirachi|brn
|
|-damage|p2a: Jirachi|299\/341 brn|[from] brn
|turn|26
|
|switch|p2a: Donphan|Donphan, M|288\/351 tox
|-damage|p2a: Donphan|267\/351 tox|[from] Stealth Rock
|move|p1a: Hades|Will-O-Wisp|p2a: Donphan
|-fail|p2a: Donphan
|
|-damage|p2a: Donphan|246\/351 tox|[from] psn
|turn|27
|
|switch|p1a: Freyja|Togetic, M|251\/314
|move|p2a: Donphan|Rapid Spin|p1a: Freyja
|-damage|p1a: Freyja|229\/314
|-sideend|p2: King UU|Stealth Rock|[from] move: Rapid Spin|[of] p2a: Donphan
|
|-damage|p2a: Donphan|204\/351 tox|[from] psn
|turn|28
|c| DerpaniteX|oml
|
|switch|p2a: Jirachi|Jirachi|299\/341 brn
|move|p1a: Freyja|Dazzling Gleam|p2a: Jirachi
|-resisted|p2a: Jirachi
|-damage|p2a: Jirachi|260\/341 brn
|
|-damage|p2a: Jirachi|218\/341 brn|[from] brn
|turn|29
|
|switch|p1a: Hades|Shedinja|1\/1
|move|p2a: Jirachi|U-turn|p1a: Hades
|-activate|p1a: Hades|ability: Wonder Guard
|
|-damage|p2a: Jirachi|176\/341 brn|[from] brn
|turn|30
|
|switch|p2a: Yanmega|Yanmega, M|274\/313 brn
|move|p1a: Hades|Shadow Sneak|p2a: Yanmega
|-damage|p2a: Yanmega|210\/313 brn
|
|-damage|p2a: Yanmega|171\/313 brn|[from] brn
|turn|31
|join|Hammerburst
|
|switch|p1a: Venus|Blissey, F|714\/714
|move|p2a: Yanmega|Air Slash|p1a: Venus
|-damage|p1a: Venus|566\/714
|-damage|p2a: Yanmega|140\/313 brn|[from] item: Life Orb
|
|-damage|p2a: Yanmega|101\/313 brn|[from] brn
|-boost|p2a: Yanmega|spe|1|[from] ability: Speed Boost
|turn|32
|
|switch|p2a: Machamp|Machamp, F|321\/321
|move|p1a: Venus|Wish|p1a: Venus
|
|turn|33
|
|switch|p1a: Freyja|Togetic, M|229\/314
|move|p2a: Machamp|Knock Off|p1a: Freyja
|-resisted|p1a: Freyja
|-damage|p1a: Freyja|178\/314
|
|-heal|p1a: Freyja|314\/314|[from] move: Wish|[wisher] Venus
|turn|34
|
|switch|p2a: Vaporeon|Vaporeon, M|464\/464
|move|p1a: Freyja|Dazzling Gleam|p2a: Vaporeon
|-damage|p2a: Vaporeon|389\/464
|
|-heal|p2a: Vaporeon|418\/464|[from] item: Leftovers
|turn|35
|
|switch|p1a: Kraken|Tentacruel, F|145\/364
|move|p2a: Vaporeon|Wish|p2a: Vaporeon
|
|-heal|p1a: Kraken|167\/364|[from] item: Black Sludge
|-heal|p2a: Vaporeon|447\/464|[from] item: Leftovers
|turn|36
|
|move|p1a: Kraken|Scald|p2a: Vaporeon
|-heal|p2a: Vaporeon|464\/464|[from] ability: Water Absorb|[of] p1a: Kraken
|move|p2a: Vaporeon|Baton Pass|p2a: Vaporeon
|c|âBob the Bro|oh
|
|switch|p2a: Yanmega|Yanmega, M|101\/313 brn
|
|-heal|p2a: Yanmega|313\/313 brn|[from] move: Wish|[wisher] Vaporeon
|-heal|p1a: Kraken|189\/364|[from] item: Black Sludge
|-damage|p2a: Yanmega|274\/313 brn|[from] brn
|turn|37
|c| Hammerburst|king battle after this?
|c| Hammerburst|or bob
|
|switch|p1a: Venus|Blissey, F|566\/714
|move|p2a: Yanmega|Air Slash|p1a: Venus
|-damage|p1a: Venus|428\/714
|-damage|p2a: Yanmega|243\/313 brn|[from] item: Life Orb
|
|-damage|p2a: Yanmega|204\/313 brn|[from] brn
|-boost|p2a: Yanmega|spe|1|[from] ability: Speed Boost
|turn|38
|c| Hammerburst|Just wanna test this.
|join|waivfu
|
|move|p2a: Yanmega|Giga Drain|p1a: Venus
|-damage|p1a: Venus|334\/714
|-heal|p2a: Yanmega|251\/313 brn|[from] drain|[of] p1a: Venus
|-damage|p2a: Yanmega|220\/313 brn|[from] item: Life Orb
|move|p1a: Venus|Wish|p1a: Venus
|
|-damage|p2a: Yanmega|181\/313 brn|[from] brn
|-boost|p2a: Yanmega|spe|1|[from] ability: Speed Boost
|turn|39
|
|move|p2a: Yanmega|Air Slash|p1a: Venus
|-damage|p1a: Venus|198\/714
|-damage|p2a: Yanmega|150\/313 brn|[from] item: Life Orb
|move|p1a: Venus|Wish|p1a: Venus
|-fail|p1a: Venus
|
|-heal|p1a: Venus|555\/714|[from] move: Wish|[wisher] Venus
|-damage|p2a: Yanmega|111\/313 brn|[from] brn
|-boost|p2a: Yanmega|spe|1|[from] ability: Speed Boost
|turn|40
|leave|DerpaniteX
|
|switch|p1a: Serpentine|Zygarde|404\/404
|-ability|p1a: Serpentine|Aura Break
|move|p2a: Yanmega|Giga Drain|p1a: Serpentine
|-crit|p1a: Serpentine
|-damage|p1a: Serpentine|270\/404
|-heal|p2a: Yanmega|178\/313 brn|[from] drain|[of] p1a: Serpentine
|-damage|p2a: Yanmega|147\/313 brn|[from] item: Life Orb
|
|-heal|p1a: Serpentine|295\/404|[from] item: Leftovers
|-damage|p2a: Yanmega|108\/313 brn|[from] brn
|-boost|p2a: Yanmega|spe|1|[from] ability: Speed Boost
|turn|41
|
|switch|p1a: Freyja|Togetic, M|314\/314
|move|p2a: Yanmega|Bug Buzz|p1a: Freyja
|-resisted|p1a: Freyja
|-damage|p1a: Freyja|261\/314
|-unboost|p1a: Freyja|spd|1
|-damage|p2a: Yanmega|77\/313 brn|[from] item: Life Orb
|
|-damage|p2a: Yanmega|38\/313 brn|[from] brn
|-boost|p2a: Yanmega|spe|1|[from] ability: Speed Boost
|turn|42
|
|switch|p1a: Venus|Blissey, F|555\/714
|move|p2a: Yanmega|Giga Drain|p1a: Venus
|-damage|p1a: Venus|464\/714
|-heal|p2a: Yanmega|84\/313 brn|[from] drain|[of] p1a: Venus
|-damage|p2a: Yanmega|53\/313 brn|[from] item: Life Orb
|
|-damage|p2a: Yanmega|14\/313 brn|[from] brn
|-boost|p2a: Yanmega|spe|1|[from] ability: Speed Boost
|turn|43
|
|move|p2a: Yanmega|Air Slash|p1a: Venus
|-damage|p1a: Venus|316\/714
|-damage|p2a: Yanmega|0 fnt|[from] item: Life Orb
|faint|p2a: Yanmega
|move|p1a: Venus|Wish|p1a: Venus
|
|
|switch|p2a: Machamp|Machamp, F|321\/321
|turn|44
|
|switch|p1a: Kraken|Tentacruel, F|189\/364
|move|p2a: Machamp|Ice Punch|p1a: Kraken
|-resisted|p1a: Kraken
|-damage|p1a: Kraken|126\/364
|
|-heal|p1a: Kraken|364\/364|[from] move: Wish|[wisher] Venus
|turn|45
|
|switch|p2a: Vaporeon|Vaporeon, M|464\/464
|move|p1a: Kraken|Toxic Spikes|p2a: Vaporeon
|-sidestart|p2: King UU|move: Toxic Spikes
|
|turn|46
|
|move|p1a: Kraken|Toxic|p2a: Vaporeon
|-status|p2a: Vaporeon|tox
|move|p2a: Vaporeon|Wish|p2a: Vaporeon
|
|-damage|p2a: Vaporeon|435\/464 tox|[from] psn
|turn|47
|
|switch|p1a: Freyja|Togetic, M|261\/314
|move|p2a: Vaporeon|Baton Pass|p2a: Vaporeon
|
|switch|p2a: Machamp|Machamp, F|321\/321
|-status|p2a: Machamp|psn
|
|-damage|p2a: Machamp|281\/321 psn|[from] psn
|turn|48
|
|move|p2a: Machamp|Dynamic Punch|p1a: Freyja
|-crit|p1a: Freyja
|-resisted|p1a: Freyja
|-damage|p1a: Freyja|172\/314
|-start|p1a: Freyja|confusion
|-activate|p1a: Freyja|confusion
|move|p1a: Freyja|Dazzling Gleam|p2a: Machamp
|-supereffective|p2a: Machamp
|-damage|p2a: Machamp|111\/321 psn
|
|-damage|p2a: Machamp|71\/321 psn|[from] psn
|turn|49
|
|switch|p2a: Donphan|Donphan, M|204\/351 tox
|-activate|p1a: Freyja|confusion
|-damage|p1a: Freyja|160\/314|[from] confusion
|
|-damage|p2a: Donphan|183\/351 tox|[from] psn
|turn|50
|
|move|p2a: Donphan|Ice Shard|p1a: Freyja
|-supereffective|p1a: Freyja
|-damage|p1a: Freyja|84\/314
|-activate|p1a: Freyja|confusion
|-damage|p1a: Freyja|73\/314|[from] confusion
|
|-damage|p2a: Donphan|141\/351 tox|[from] psn
|turn|51
|
|move|p2a: Donphan|Ice Shard|p1a: Freyja
|-supereffective|p1a: Freyja
|-damage|p1a: Freyja|0 fnt
|faint|p1a: Freyja
|
|-damage|p2a: Donphan|78\/351 tox|[from] psn
|
|switch|p1a: Kraken|Tentacruel, F|364\/364
|turn|52
|
|switch|p2a: Vaporeon|Vaporeon, M|435\/464 tox
|move|p1a: Kraken|Scald|p2a: Vaporeon
|-heal|p2a: Vaporeon|464\/464 tox|[from] ability: Water Absorb|[of] p1a: Kraken
|
|-damage|p2a: Vaporeon|435\/464 tox|[from] psn
|turn|53
|join|DerpaniteX
|
|switch|p1a: Serpentine|Zygarde|295\/404
|-ability|p1a: Serpentine|Aura Break
|move|p2a: Vaporeon|Wish|p2a: Vaporeon
|
|-heal|p1a: Serpentine|320\/404|[from] item: Leftovers
|-heal|p2a: Vaporeon|464\/464 tox|[from] item: Leftovers
|-damage|p2a: Vaporeon|406\/464 tox|[from] psn
|turn|54
|
|move|p1a: Serpentine|Substitute|p1a: Serpentine
|-start|p1a: Serpentine|Substitute
|-damage|p1a: Serpentine|219\/404
|move|p2a: Vaporeon|Baton Pass|p2a: Vaporeon
|
|switch|p2a: Donphan|Donphan, M|78\/351 tox
|
|-heal|p2a: Donphan|310\/351 tox|[from] move: Wish|[wisher] Vaporeon
|-heal|p1a: Serpentine|244\/404|[from] item: Leftovers
|-damage|p2a: Donphan|289\/351 tox|[from] psn
|turn|55
|
|move|p2a: Donphan|Ice Shard|p1a: Serpentine
|-supereffective|p1a: Serpentine
|-end|p1a: Serpentine|Substitute
|move|p1a: Serpentine|Coil|p1a: Serpentine
|-boost|p1a: Serpentine|atk|1
|-boost|p1a: Serpentine|def|1
|-boost|p1a: Serpentine|accuracy|1
|
|-heal|p1a: Serpentine|269\/404|[from] item: Leftovers
|-damage|p2a: Donphan|247\/351 tox|[from] psn
|turn|56
|
|move|p2a: Donphan|Ice Shard|p1a: Serpentine
|-supereffective|p1a: Serpentine
|-damage|p1a: Serpentine|165\/404
|move|p1a: Serpentine|Substitute|p1a: Serpentine
|-start|p1a: Serpentine|Substitute
|-damage|p1a: Serpentine|64\/404
|
|-heal|p1a: Serpentine|89\/404|[from] item: Leftovers
|-damage|p2a: Donphan|184\/351 tox|[from] psn
|turn|57
|
|move|p2a: Donphan|Ice Shard|p1a: Serpentine
|-supereffective|p1a: Serpentine
|-end|p1a: Serpentine|Substitute
|move|p1a: Serpentine|Coil|p1a: Serpentine
|-boost|p1a: Serpentine|atk|1
|-boost|p1a: Serpentine|def|1
|-boost|p1a: Serpentine|accuracy|1
|
|-heal|p1a: Serpentine|114\/404|[from] item: Leftovers
|-damage|p2a: Donphan|100\/351 tox|[from] psn
|turn|58
|
|move|p2a: Donphan|Ice Shard|p1a: Serpentine
|-supereffective|p1a: Serpentine
|-damage|p1a: Serpentine|22\/404
|move|p1a: Serpentine|Earthquake|p2a: Donphan
|-damage|p2a: Donphan|0 fnt
|faint|p2a: Donphan
|
|-heal|p1a: Serpentine|47\/404|[from] item: Leftovers
|
|switch|p2a: Vaporeon|Vaporeon, M|406\/464 tox
|turn|59
|
|move|p1a: Serpentine|Earthquake|p2a: Vaporeon
|-damage|p2a: Vaporeon|139\/464 tox
|move|p2a: Vaporeon|Scald|p1a: Serpentine
|-damage|p1a: Serpentine|0 fnt
|faint|p1a: Serpentine
|
|-heal|p2a: Vaporeon|168\/464 tox|[from] item: Leftovers
|-damage|p2a: Vaporeon|139\/464 tox|[from] psn
|
|switch|p1a: Hades|Shedinja|1\/1
|turn|60
|
|move|p1a: Hades|Swords Dance|p1a: Hades
|-boost|p1a: Hades|atk|2
|move|p2a: Vaporeon|Wish|p2a: Vaporeon
|
|-heal|p2a: Vaporeon|168\/464 tox|[from] item: Leftovers
|-damage|p2a: Vaporeon|110\/464 tox|[from] psn
|turn|61
|
|move|p1a: Hades|X-Scissor|p2a: Vaporeon
|-damage|p2a: Vaporeon|0 fnt
|faint|p2a: Vaporeon
|
|
|switch|p2a: Machamp|Machamp, F|71\/321 psn
|turn|62
|
|move|p1a: Hades|Shadow Sneak|p2a: Machamp
|-damage|p2a: Machamp|0 fnt
|faint|p2a: Machamp
|
|c|âKing UU|gg wp
|c|âBob the Bro|rip
|
|switch|p2a: Jirachi|Jirachi|176\/341 brn
|turn|63
|
|move|p1a: Hades|Shadow Sneak|p2a: Jirachi
|-supereffective|p2a: Jirachi
|-damage|p2a: Jirachi|0 fnt
|faint|p2a: Jirachi
|
|win|Bob the Bro
|leave|DerpaniteX