|join|sofa king gay
|join|Bob the Bro
|player|p1|sofa king gay|102
|player|p2|Bob the Bro|23
|gametype|singles
|gen|6
|tier|UU
|rule|Sleep Clause Mod: Limit one foe put to sleep
|rule|Species Clause: Limit one of each PokÃ©mon
|rule|OHKO Clause: OHKO moves are banned
|rule|Moody Clause: Moody is banned
|rule|Evasion Moves Clause: Evasion moves are banned
|rule|Endless Battle Clause: Forcing endless battles is banned
|rule|HP Percentage Mod: HP is shown in percentages
|clearpoke
|poke|p1|Machamp, M
|poke|p1|Jirachi, shiny
|poke|p1|Hydreigon, F
|poke|p1|Swampert, F
|poke|p1|Florges, F
|poke|p1|Crobat, M
|poke|p2|Zygarde
|poke|p2|Torkoal, M
|poke|p2|Forretress, M
|poke|p2|Jellicent, M
|poke|p2|Blissey, F
|poke|p2|Aromatisse, M
|rule|Swagger Clause: Swagger is banned
|rule|Baton Pass Clause: Limit one PokÃ©mon knowing Baton Pass
|teampreview
|join|DMT
|c|+DMT|THE TORKOAL
|c|âsofa king gay|i dont want to do this :[
|c|+DMT|IT'S
|join|roast toast
|c|+DMT|IT'S SO BEAUTIFUL
|c|âBob the Bro|in
|join|DMT is Love
|c|âsofa king gay|stfu tyler
|c|+DMT|torkoal is in
|join|waiv
|c| DMT is Love|\/me DMT is Life
|join|Kek's Kek
|join|Philz
|join|Living Proof
|c|âBob the Bro|oh wait
|c|âBob the Bro|now i got 2 rockers
|c|âsofa king gay|âââââââ
|c|âBob the Bro|forgot to switch forry's move
|join|food for thot
|c| Philz|smoke turtle
|c| Living Proof|Haha, Torkoal
|c| Philz|and insect shit
|
|start
|switch|p1a: Blue Shrek|Swampert, F|403\/403
|switch|p2a: Mongol|Jellicent, M|394\/394
|turn|1
|
|switch|p1a: Tyrone Niggson|Machamp, M|344\/344
|move|p2a: Mongol|Taunt|p1a: Tyrone Niggson
|-start|p1a: Tyrone Niggson|move: Taunt
|
|turn|2
|
|switch|p2a: Bunny|Aromatisse, M|406\/406
|move|p1a: Tyrone Niggson|Knock Off|p2a: Bunny
|-resisted|p2a: Bunny
|-damage|p2a: Bunny|319\/406
|-enditem|p2a: Bunny|Leftovers|[from] move: Knock Off|[of] p1a: Tyrone Niggson
|
|turn|3
|
|switch|p1a: Jewish Fuccboi|Jirachi, shiny|341\/341
|move|p2a: Bunny|Wish|p2a: Bunny
|
|turn|4
|c|+DMT|bob
|
|switch|p2a: Torkoal|Torkoal, M|344\/344
|move|p1a: Jewish Fuccboi|Calm Mind|p1a: Jewish Fuccboi
|-boost|p1a: Jewish Fuccboi|spa|1
|-boost|p1a: Jewish Fuccboi|spd|1
|
|turn|5
|c|+DMT|js
|c|+DMT|if you were ever able to get rid of torkoal
|c|+DMT|you could run bulky moltres
|c|âsofa king gay|>moltres
|c|âsofa king gay|>bulky
|c|+DMT|subtoxic moltres
|c|âBob the Bro|ew no
|c|+DMT|!
|
|switch|p1a: Tyrone Niggson|Machamp, M|344\/344
|move|p2a: Torkoal|Lava Plume|p1a: Tyrone Niggson
|-damage|p1a: Tyrone Niggson|254\/344
|-status|p1a: Tyrone Niggson|brn
|
|-damage|p1a: Tyrone Niggson|211\/344 brn|[from] brn
|turn|6
|c|âBob the Bro|thats disgusting
|c|+DMT|yeah ik
|c| DMT is Love|90\/90\/85's not bad, just the typing
|c|âBob the Bro|fk this better not be guts
|join|ANGER MANAGEMENT
|c| DMT is Love|= puke
|c|+DMT|it is
|c| Living Proof|These nicknames
|c|âsofa king gay|it isnt :[
|c|+DMT|the name says it all
|
|switch|p2a: Bunny|Aromatisse, M|319\/406
|move|p1a: Tyrone Niggson|Close Combat|p2a: Bunny
|-resisted|p2a: Bunny
|-damage|p2a: Bunny|98\/406
|-unboost|p1a: Tyrone Niggson|def|1
|-unboost|p1a: Tyrone Niggson|spd|1
|
|-damage|p1a: Tyrone Niggson|168\/344 brn|[from] brn
|turn|7
|c|âsofa king gay|stfu dmt
|c|âsofa king gay|GET REKT
|c| Philz|bunny
|c| Living Proof|BOOOOOOOOOOOOOOOP
|c| Philz|if thats a bunny
|join|Shit user
|c| food for thot|Â¯\_(ã)_\/Â¯
|c| Philz|u need ur eyes checked
|c| Philz|js
|c|âBob the Bro|rekt
|c|âsofa king gay|MFW
|c| Shit user|Who is this bob the bro kid
|c|âsofa king gay|a fegit
|c| Shit user|sofa king gay when do you win
|c| DMT is Love|Â¯\_(ã)_\/Â¯
|c| Philz|some slag
|c| Shit user|wait what the fuck
|c|âBob the Bro|idk
|c|âsofa king gay|when bob stops being gay
|c|âBob the Bro|who is bob the bro
|c| Shit user|is torkoal doing
|c| Living Proof|Now go into Florges and heal up this BAMF
|leave|waiv
|
|switch|p1a: Margaery Tyrell|Florges, F|360\/360
|move|p2a: Bunny|Protect|p2a: Bunny
|-fail|p2a: Bunny
|
|turn|8
|c| Shit user|some random
|c| Philz|bro the bob
|c| Shit user|who cant play mons
|c| Philz|boob the bro
|
|move|p1a: Margaery Tyrell|Moonblast|p2a: Bunny
|-damage|p2a: Bunny|0 fnt
|faint|p2a: Bunny
|
|c| Philz|either one
|c| Shit user|but seriously
|c| Shit user|torkoal
|c|âsofa king gay|lol
|c| Shit user|what the fuck
|c| DMT is Love|Â¯\_(ã)_\/Â¯
|c| Living Proof|Specs
|c|+DMT|it was my idea!
|c|âsofa king gay|ur so bad bob
|c| Shit user|yeah but why
|
|switch|p2a: Torkoal|Torkoal, M|344\/344
|turn|9
|c| DMT is Love|\/me DMT is Life
|c|+DMT|give me the credit for torkoal!
|c| Shit user|is it shell smash
|c|âsofa king gay|nah
|c|âsofa king gay|he isnt based
|
|move|p1a: Margaery Tyrell|Wish|p1a: Margaery Tyrell
|move|p2a: Torkoal|Stealth Rock|p1a: Margaery Tyrell
|-sidestart|p1: sofa king gay|move: Stealth Rock
|
|turn|10
|c| Shit user|smh
|c|+DMT|it's amnesia smash
|c| food for thot|kek
|c| Shit user|:^^^^^^^^^^^^^^^^^^^^^^^^^^^^^^^^^^^^^^^^^^^^^^^^^^^^^^^^^^^^^^^^^^^^^)
|c| DMT is Love|\/\/learn torkoal, iron defense
|
|switch|p1a: Tyrone Niggson|Machamp, M|168\/344 brn
|-damage|p1a: Tyrone Niggson|147\/344 brn|[from] Stealth Rock
|switch|p2a: Tunguska|Blissey, F|714\/714
|
|-heal|p1a: Tyrone Niggson|327\/344 brn|[from] move: Wish|[wisher] Margaery Tyrell
|-damage|p1a: Tyrone Niggson|284\/344 brn|[from] brn
|turn|11
|c| Shit user|when torkoal win?
|c| DMT is Love|iron defense, amnesia, shell smash
|c|âsofa king gay|yumE
|leave|DMT
|
|switch|p1a: Batman|Crobat, M|373\/373
|-damage|p1a: Batman|280\/373|[from] Stealth Rock
|move|p2a: Tunguska|Protect|p2a: Tunguska
|-fail|p2a: Tunguska
|
|-heal|p1a: Batman|303\/373|[from] item: Black Sludge
|turn|12
|c| DMT is Love|oh wow, Gorebyss gets iron defense, amnesia, and smash pass
|
|move|p1a: Batman|Defog|p2a: Tunguska
|-unboost|p2a: Tunguska|evasion|1
|-sideend|p1: sofa king gay|Stealth Rock|[from] move: Defog|[of] p1a: Batman
|move|p2a: Tunguska|Seismic Toss|p1a: Batman
|-damage|p1a: Batman|203\/373
|
|-heal|p1a: Batman|226\/373|[from] item: Black Sludge
|turn|13
|
|switch|p2a: Mongol|Jellicent, M|394\/394
|move|p1a: Batman|U-turn|p2a: Mongol
|-crit|p2a: Mongol
|-resisted|p2a: Mongol
|-damage|p2a: Mongol|353\/394
|
|switch|p1a: Tyrone Niggson|Machamp, M|284\/344 brn
|
|-heal|p2a: Mongol|377\/394|[from] item: Leftovers
|-damage|p1a: Tyrone Niggson|241\/344 brn|[from] brn
|turn|14
|
|switch|p2a: Badaboom|Forretress, M|354\/354
|move|p1a: Tyrone Niggson|Knock Off|p2a: Badaboom
|-damage|p2a: Badaboom|183\/354
|-enditem|p2a: Badaboom|Leftovers|[from] move: Knock Off|[of] p1a: Tyrone Niggson
|
|-damage|p1a: Tyrone Niggson|198\/344 brn|[from] brn
|turn|15
|c|âsofa king gay|lmao
|c|âsofa king gay|nice switch in
|
|switch|p1a: Blue Shrek|Swampert, F|403\/403
|move|p2a: Badaboom|Volt Switch|p1a: Blue Shrek
|-immune|p1a: Blue Shrek|[msg]
|
|turn|16
|c| Shit user|how to counter?!?!?!?!?!
|c|âsofa king gay|u dunt
|
|move|p2a: Badaboom|Toxic|p1a: Blue Shrek
|-status|p1a: Blue Shrek|tox
|move|p1a: Blue Shrek|Roar|p2a: Badaboom
|drag|p2a: Norfleet|Zygarde|415\/415
|-ability|p2a: Norfleet|Aura Break
|
|-damage|p1a: Blue Shrek|378\/403 tox|[from] psn
|turn|17
|c| food for thot|in
|c|âsofa king gay|>in
|c| food for thot|kek
|
|switch|p2a: Mongol|Jellicent, M|377\/394
|move|p1a: Blue Shrek|Stealth Rock|p2a: Mongol
|-sidestart|p2: Bob the Bro|move: Stealth Rock
|
|-heal|p2a: Mongol|394\/394|[from] item: Leftovers
|-heal|p1a: Blue Shrek|403\/403 tox|[from] item: Leftovers
|-damage|p1a: Blue Shrek|353\/403 tox|[from] psn
|turn|18
|c| Shit user|you forget they all run
|c| Shit user|ice beam
|join|r0ady
|c| Shit user|now
|
|switch|p1a: Margaery Tyrell|Florges, F|360\/360
|move|p2a: Mongol|Taunt|p1a: Margaery Tyrell
|-start|p1a: Margaery Tyrell|move: Taunt
|
|turn|19
|
|switch|p1a: Viserys|Hydreigon, F|325\/325
|move|p2a: Mongol|Will-O-Wisp|p1a: Viserys
|-status|p1a: Viserys|brn
|
|-damage|p1a: Viserys|285\/325 brn|[from] brn
|turn|20
|
|move|p1a: Viserys|U-turn|p2a: Mongol
|-resisted|p2a: Mongol
|-damage|p2a: Mongol|379\/394
|c| Shit user|who needs stallbreaker mew
|c| Shit user|imo
|
|switch|p1a: Margaery Tyrell|Florges, F|360\/360
|move|p2a: Mongol|Recover|p2a: Mongol
|-heal|p2a: Mongol|394\/394
|
|turn|21
|c|âsofa king gay|ikr
|join|Munkin
|c|âsofa king gay|while that burn is yumE
|c| Shit user|6-0 this bob kid
|
|switch|p2a: Badaboom|Forretress, M|183\/354
|-damage|p2a: Badaboom|139\/354|[from] Stealth Rock
|move|p1a: Margaery Tyrell|Aromatherapy|p1a: Margaery Tyrell
|-cureteam|p1a: Margaery Tyrell|[from] move: Aromatherapy
|
|turn|22
|c|âsofa king gay|i haz to aroma
|c| Shit user|hes thinking hard
|c|âsofa king gay|becuz hes my bitch
|c| Shit user|prove it
|c| Shit user|bend him over and call him honey
|c|âsofa king gay|lmao
|
|switch|p1a: Jewish Fuccboi|Jirachi, shiny|341\/341
|move|p2a: Badaboom|Toxic|p1a: Jewish Fuccboi
|-fail|p1a: Jewish Fuccboi
|
|turn|23
|
|move|p1a: Jewish Fuccboi|Calm Mind|p1a: Jewish Fuccboi
|-boost|p1a: Jewish Fuccboi|spa|1
|-boost|p1a: Jewish Fuccboi|spd|1
|move|p2a: Badaboom|Volt Switch|p1a: Jewish Fuccboi
|-damage|p1a: Jewish Fuccboi|315\/341
|
|switch|p2a: Torkoal|Torkoal, M|344\/344
|-damage|p2a: Torkoal|258\/344|[from] Stealth Rock
|
|-heal|p1a: Jewish Fuccboi|336\/341|[from] item: Leftovers
|-heal|p2a: Torkoal|279\/344|[from] item: Leftovers
|turn|24
|c| Shit user|is it time
|c| Shit user|to go in
|c| Shit user|o
|
|switch|p1a: Tyrone Niggson|Machamp, M|198\/344
|move|p2a: Torkoal|Lava Plume|p1a: Tyrone Niggson
|-damage|p1a: Tyrone Niggson|107\/344
|
|-heal|p2a: Torkoal|300\/344|[from] item: Leftovers
|turn|25
|c| food for thot|frens don't 6-0 frens
|c| Shit user|:]]]]]]]]]]]
|c|âsofa king gay|yes they do
|c| Shit user|who is sofa king gay
|
|move|p1a: Tyrone Niggson|Close Combat|p2a: Torkoal
|-damage|p2a: Torkoal|101\/344
|-unboost|p1a: Tyrone Niggson|def|1
|-unboost|p1a: Tyrone Niggson|spd|1
|move|p2a: Torkoal|Lava Plume|p1a: Tyrone Niggson
|-damage|p1a: Tyrone Niggson|0 fnt
|faint|p1a: Tyrone Niggson
|
|-heal|p2a: Torkoal|122\/344|[from] item: Leftovers
|c|âsofa king gay|idk
|leave|Munkin
|c| food for thot|Â¯\_(ã)_\/Â¯
|c|âsofa king gay|also dads dad is a lord
|c|âBob the Bro|6-0 where
|c|âsofa king gay|js
|
|switch|p1a: Viserys|Hydreigon, F|285\/325
|turn|26
|c| Shit user|smh king gay ur bad
|c| DMT is Love|I wish I'd thought of the name Dad's Dad
|
|move|p1a: Viserys|Dark Pulse|p2a: Torkoal
|-damage|p2a: Torkoal|0 fnt
|faint|p2a: Torkoal
|
|join|Dudeman130498
|
|switch|p2a: Tunguska|Blissey, F|714\/714
|-damage|p2a: Tunguska|625\/714|[from] Stealth Rock
|turn|27
|c| DMT is Love|it's hilarious for no real reason
|c|âsofa king gay|only dads dad can think of that name
|c|âsofa king gay|tbh
|
|switch|p1a: Batman|Crobat, M|226\/373
|move|p2a: Tunguska|Wish|p2a: Tunguska
|
|-heal|p1a: Batman|249\/373|[from] item: Black Sludge
|-heal|p2a: Tunguska|669\/714|[from] item: Leftovers
|turn|28
|c| Living Proof|Someone could be "Dad's dad's dad"
|join|AngrilyDrinkingPee
|c| AngrilyDrinkingPee|< tho
|c|âsofa king gay|there's already a dad's dad's dad
|
|switch|p2a: Badaboom|Forretress, M|139\/354
|-damage|p2a: Badaboom|95\/354|[from] Stealth Rock
|move|p1a: Batman|Brave Bird|p2a: Badaboom
|-crit|p2a: Badaboom
|-damage|p2a: Badaboom|0 fnt
|-damage|p1a: Batman|218\/373|[from] recoil|[of] p2a: Badaboom
|faint|p2a: Badaboom
|
|-heal|p1a: Batman|241\/373|[from] item: Black Sludge
|c| r0ady|someone make an account called mom's mom
|c|âBob the Bro|hax
|c|âsofa king gay|oof
|
|switch|p2a: Mongol|Jellicent, M|394\/394
|-damage|p2a: Mongol|345\/394|[from] Stealth Rock
|turn|29
|join|Mom's mom
|c| Living Proof|Or Dad's Brother
|c| Mom's mom|done
|c| r0ady|omfg
|c| Mom's Dad|done
|c|âsofa king gay|is this a growing fanbase
|c|âsofa king gay|i c
|c|âsofa king gay|?
|
|move|p1a: Batman|U-turn|p2a: Mongol
|-resisted|p2a: Mongol
|-damage|p2a: Mongol|313\/394
|c| Mom's mom|all hail Dad's Dad
|c| r0ady|i forgot how easy it was too make an account
|c| Shit user|k
|
|switch|p1a: Viserys|Hydreigon, F|285\/325
|move|p2a: Mongol|Will-O-Wisp|p1a: Viserys
|-status|p1a: Viserys|brn
|
|-heal|p2a: Mongol|337\/394|[from] item: Leftovers
|-damage|p1a: Viserys|245\/325 brn|[from] brn
|turn|30
|join|Mom's Mom
|
|move|p1a: Viserys|Dark Pulse|p2a: Mongol
|-crit|p2a: Mongol
|-supereffective|p2a: Mongol
|-damage|p2a: Mongol|0 fnt
|faint|p2a: Mongol
|
|-damage|p1a: Viserys|205\/325 brn|[from] brn
|c| Shit user|kek
|c|âsofa king gay|mfw
|c| Shit user|nice blissey
|c| Living Proof|such Crit
|c|âsofa king gay|bob u want win?
|c|âsofa king gay|this hax is palpable
|c|âBob the Bro|i got this
|
|switch|p2a: Tunguska|Blissey, F|669\/714
|-damage|p2a: Tunguska|580\/714|[from] Stealth Rock
|turn|31
|c|âsofa king gay|u aint george lopez
|c| Shit user|âBob the Bro: i got this
|
|switch|p1a: Batman|Crobat, M|241\/373
|switch|p2a: Norfleet|Zygarde|415\/415
|-damage|p2a: Norfleet|390\/415|[from] Stealth Rock
|-ability|p2a: Norfleet|Aura Break
|
|-heal|p1a: Batman|264\/373|[from] item: Black Sludge
|-heal|p2a: Norfleet|415\/415|[from] item: Leftovers
|turn|32
|c| Dudeman130498|implying zygarde can't take it from 5-1 to 0-1
|c| Shit user|logged
|c|âsofa king gay|nbnb
|c| Shit user|is it time
|
|move|p1a: Batman|U-turn|p2a: Norfleet
|-damage|p2a: Norfleet|365\/415
|c| Philz|norfleet
|c| Philz|oml
|c|âsofa king gay|it is time brother
|c|âsofa king gay|s
|c| Shit user|tell me its time
|
|switch|p1a: Blue Shrek|Swampert, F|353\/403
|move|p2a: Norfleet|Coil|p2a: Norfleet
|-boost|p2a: Norfleet|atk|1
|-boost|p2a: Norfleet|def|1
|-boost|p2a: Norfleet|accuracy|1
|
|-heal|p2a: Norfleet|390\/415|[from] item: Leftovers
|-heal|p1a: Blue Shrek|378\/403|[from] item: Leftovers
|turn|33
|c| r0ady|ice punch
|c| Shit user|ice beam
|c| meowiekins|https:\/\/www.youtube.com\/watch?v=IBw1phH_4iw
|c| Shit user|ice beam
|c| Shit user|ice beam
|c| Shit user|ice beam
|c| Shit user|ice beam
|c| Shit user|wait mega first
|
|move|p2a: Norfleet|Dragon Tail|p1a: Blue Shrek
|-damage|p1a: Blue Shrek|290\/403
|drag|p1a: Margaery Tyrell|Florges, F|360\/360
|
|-heal|p2a: Norfleet|415\/415|[from] item: Leftovers
|turn|34
|c| Shit user|kek
|
|move|p2a: Norfleet|Earthquake|p1a: Margaery Tyrell
|-damage|p1a: Margaery Tyrell|167\/360
|move|p1a: Margaery Tyrell|Moonblast|p2a: Norfleet
|-crit|p2a: Norfleet
|-supereffective|p2a: Norfleet
|-damage|p2a: Norfleet|119\/415
|-unboost|p2a: Norfleet|spa|1
|
|-heal|p2a: Norfleet|144\/415|[from] item: Leftovers
|-heal|p1a: Margaery Tyrell|189\/360|[from] item: Leftovers
|turn|35
|c| Living Proof|Outspeed to the Roar
|c| Philz|how is zygarde a dragon
|c| Living Proof|Not bad
|c| Philz|its a fucking insect
|c|âBob the Bro|srs
|c| Shit user|more crits
|c| Shit user|please
|c| Shit user|50 50
|c| Living Proof|Lucky and bad
|c| Shit user|af
|c|+ANGER MANAGEMENT|snakes aren't insects
|c|âsofa king gay|srry flen
|
|move|p2a: Norfleet|Earthquake|p1a: Margaery Tyrell
|-damage|p1a: Margaery Tyrell|0 fnt
|faint|p1a: Margaery Tyrell
|
|-heal|p2a: Norfleet|169\/415|[from] item: Leftovers
|
|switch|p1a: Viserys|Hydreigon, F|205\/325 brn
|turn|36
|c| Mom's Mom|they shoud be
|c| Mom's Mom|*should
|c| Dudeman130498|dodge
|
|switch|p2a: Tunguska|Blissey, F|580\/714
|-damage|p2a: Tunguska|491\/714|[from] Stealth Rock
|move|p1a: Viserys|Draco Meteor|p2a: Tunguska
|-damage|p2a: Tunguska|326\/714
|-unboost|p1a: Viserys|spa|2
|
|-heal|p2a: Tunguska|370\/714|[from] item: Leftovers
|-damage|p1a: Viserys|165\/325 brn|[from] brn
|turn|37
|c| Philz|idk about u
|c| meowiekins|miss
|c| r0ady|tank the draco
|c| Shit user|quick claw
|c| Philz|it doesnt look like a snake to me
|c| Mom's Mom|let's vote 
|c| Shit user|activate
|c| Mom's Mom|to make snakes into insects
|
|switch|p1a: Jewish Fuccboi|Jirachi, shiny|336\/341
|move|p2a: Tunguska|Wish|p2a: Tunguska
|
|-heal|p1a: Jewish Fuccboi|341\/341|[from] item: Leftovers
|-heal|p2a: Tunguska|414\/714|[from] item: Leftovers
|turn|38
|c| Mom's Mom|since apparently that's how science works
|c| Mom's Mom|*cough* pluto
|
|switch|p2a: Norfleet|Zygarde|169\/415
|-damage|p2a: Norfleet|144\/415|[from] Stealth Rock
|-ability|p2a: Norfleet|Aura Break
|move|p1a: Jewish Fuccboi|Calm Mind|p1a: Jewish Fuccboi
|-boost|p1a: Jewish Fuccboi|spa|1
|-boost|p1a: Jewish Fuccboi|spd|1
|
|-heal|p2a: Norfleet|415\/415|[from] move: Wish|[wisher] Tunguska
|turn|39
|c| Shit user|Guess whos back
|c| meowiekins|ogre
|c| Mom's Mom|I named a Shaymin "Plant Horse" at one point
|c|+ANGER MANAGEMENT|reveal moonblast
|c| Mom's Mom|just because
|c| Shit user|ofc
|c| Shit user|he has
|c| Dudeman130498|if you dno't run moonbalst on cm rachi
|c| Dudeman130498|ur bad
|c|+ANGER MANAGEMENT|^
|c| Shit user|nerdblast
|
|move|p1a: Jewish Fuccboi|Calm Mind|p1a: Jewish Fuccboi
|-boost|p1a: Jewish Fuccboi|spa|1
|-boost|p1a: Jewish Fuccboi|spd|1
|move|p2a: Norfleet|Earthquake|p1a: Jewish Fuccboi
|-supereffective|p1a: Jewish Fuccboi
|-damage|p1a: Jewish Fuccboi|89\/341
|
|-heal|p1a: Jewish Fuccboi|110\/341|[from] item: Leftovers
|turn|40
|c| meowiekins|trevorellis runs shadow ball
|c| Dudeman130498|EPIC
|c| Dudeman130498|PLAY
|c|+ANGER MANAGEMENT|wtf
|c| Dudeman130498|M8
|c| meowiekins|over moonblast
|c|+ANGER MANAGEMENT|are you doing
|c|âBob the Bro|where are my crits at
|c| Shit user|up your bum
|c| Dudeman130498|IS IT THE GEN 3 ICE PUNCH
|c| Dudeman130498|THAT IS ABOUT TO HAPPEN
|c|âsofa king gay|lmao i accidently had reflect on calc
|join|Munkin
|c| r0ady|cant blissey just stall everything out?
|
|move|p1a: Jewish Fuccboi|Moonblast|p2a: Norfleet
|-supereffective|p2a: Norfleet
|-damage|p2a: Norfleet|155\/415
|-unboost|p2a: Norfleet|spa|1
|move|p2a: Norfleet|Earthquake|p1a: Jewish Fuccboi
|-supereffective|p1a: Jewish Fuccboi
|-damage|p1a: Jewish Fuccboi|0 fnt
|faint|p1a: Jewish Fuccboi
|
|-heal|p2a: Norfleet|180\/415|[from] item: Leftovers
|c| Shit user|kek
|c| Shit user|nice choke
|c| meowiekins|SpA drop
|c|âsofa king gay|stfu :[
|c| meowiekins|hax
|
|switch|p1a: Batman|Crobat, M|264\/373
|turn|41
|c| Dudeman130498|fucking sick plays
|c| Mom's Mom|that drop was big
|leave|Munkin
|c|âsofa king gay|stfu dudeman
|join|OG_Wanka
|c| r0ady|nice and original crobat name
|
|move|p1a: Batman|Brave Bird|p2a: Norfleet
|-damage|p2a: Norfleet|50\/415
|-damage|p1a: Batman|221\/373|[from] recoil|[of] p2a: Norfleet
|move|p2a: Norfleet|Dragon Tail|p1a: Batman
|-damage|p1a: Batman|136\/373
|drag|p1a: Viserys|Hydreigon, F|165\/325 brn
|
|-heal|p2a: Norfleet|75\/415|[from] item: Leftovers
|-damage|p1a: Viserys|125\/325 brn|[from] brn
|turn|42
|c| SOFA KING GAY LOL|\/me CHOKE
|c|âsofa king gay|>implying i care
|join|dudemin
|c| SOFA KING GAY LOL|\/me CHOKE
|c| SOFA KING GAY LOL|\/me CHOKE
|c| SOFA KING GAY LOL|\/me CHOKE
|c| SOFA KING GAY LOL|\/me CHOKE
|c| SOFA KING GAY LOL|\/me CHOKE
|c| dudemin|I'm the dudemin
|c| SOFA KING GAY LOL|\/me CHOKE
|c| SOFA KING GAY LOL|\/me CHOKE
|c| SOFA KING GAY LOL|\/me CHOKE
|c| Dudeman130498|coil here
|c| SOFA KING GAY LOL|\/me CHOKE
|c| SOFA KING GAY LOL|\/me CHOKE
|c| SOFA KING GAY LOL|\/me CHOKE
|c| Philz|dudmen
|c|+ANGER MANAGEMENT|who is that
|c| r0ady|reveal espeed
|c| OG_Wanka|jees
|c| SOFA KING GAY LOL|who else spams well
|c| dudemin|it's SUPER KING GAY LOL
|
|switch|p2a: Tunguska|Blissey, F|414\/714
|-damage|p2a: Tunguska|325\/714|[from] Stealth Rock
|move|p1a: Viserys|U-turn|p2a: Tunguska
|-damage|p2a: Tunguska|278\/714
|c| OG_Wanka|someones a wee bit of an ass
|c| Philz|well
|c| dudemin|that's who it says it is so that's who it is
|c| SOFA KING GAY LOL|'wee bit'
|c| Philz|shit user spams well
|
|switch|p1a: Batman|Crobat, M|136\/373
|
|-heal|p1a: Batman|159\/373|[from] item: Black Sludge
|-heal|p2a: Tunguska|322\/714|[from] item: Leftovers
|turn|43
|c| SOFA KING GAY LOL|:^)
|c| r0ady|can cro knock it out?
|
|move|p2a: Tunguska|Protect|p2a: Tunguska
|-singleturn|p2a: Tunguska|Protect
|move|p1a: Batman|Brave Bird|p2a: Tunguska
|-activate|p2a: Tunguska|Protect
|
|-heal|p1a: Batman|182\/373|[from] item: Black Sludge
|-heal|p2a: Tunguska|366\/714|[from] item: Leftovers
|turn|44
|c| Philz|u see im god
|
|move|p1a: Batman|Brave Bird|p2a: Tunguska
|-damage|p2a: Tunguska|116\/714
|-damage|p1a: Batman|99\/373|[from] recoil|[of] p2a: Tunguska
|move|p2a: Tunguska|Wish|p2a: Tunguska
|
|-heal|p1a: Batman|122\/373|[from] item: Black Sludge
|-heal|p2a: Tunguska|160\/714|[from] item: Leftovers
|turn|45
|c| SOFA KING GAY LOL|this is why taunt bat
|
|move|p2a: Tunguska|Protect|p2a: Tunguska
|-singleturn|p2a: Tunguska|Protect
|move|p1a: Batman|Brave Bird|p2a: Tunguska
|-activate|p2a: Tunguska|Protect
|
|-heal|p2a: Tunguska|517\/714|[from] move: Wish|[wisher] Tunguska
|-heal|p1a: Batman|145\/373|[from] item: Black Sludge
|-heal|p2a: Tunguska|561\/714|[from] item: Leftovers
|turn|46
|c| SOFA KING GAY LOL|acrobat*
|
|move|p1a: Batman|Roost|p1a: Batman
|-heal|p1a: Batman|332\/373
|move|p2a: Tunguska|Wish|p2a: Tunguska
|
|-heal|p1a: Batman|355\/373|[from] item: Black Sludge
|-heal|p2a: Tunguska|605\/714|[from] item: Leftovers
|turn|47
|
|move|p1a: Batman|Brave Bird|p2a: Tunguska
|-damage|p2a: Tunguska|349\/714
|-damage|p1a: Batman|271\/373|[from] recoil|[of] p2a: Tunguska
|move|p2a: Tunguska|Seismic Toss|p1a: Batman
|-damage|p1a: Batman|171\/373
|
|-heal|p2a: Tunguska|706\/714|[from] move: Wish|[wisher] Tunguska
|-heal|p1a: Batman|194\/373|[from] item: Black Sludge
|-heal|p2a: Tunguska|714\/714|[from] item: Leftovers
|turn|48
|c| r0ady|why i hate blissey
|c| r0ady|doesnt fucking die
|c| dudemin|crobat vs. blissey is just pp stall
|
|move|p1a: Batman|Roost|p1a: Batman
|-heal|p1a: Batman|373\/373
|move|p2a: Tunguska|Wish|p2a: Tunguska
|
|turn|49
|c| SOFA KING GAY LOL|taunt + acrobatics
|join|dracklor
|c| SOFA KING GAY LOL|always
|
|move|p1a: Batman|Brave Bird|p2a: Tunguska
|-damage|p2a: Tunguska|477\/714
|-damage|p1a: Batman|295\/373|[from] recoil|[of] p2a: Tunguska
|move|p2a: Tunguska|Counter|p1a: Batman
|-damage|p1a: Batman|0 fnt
|faint|p1a: Batman
|
|-heal|p2a: Tunguska|714\/714|[from] move: Wish|[wisher] Tunguska
|c|âBob the Bro|o rly
|c| dudemin|yeah unless bat runs taunt
|c| dudemin|oh
|c|âsofa king gay|nb
|c| SOFA KING GAY LOL|how the motherfucker
|c| r0ady|bop
|c| OG_Wanka|sit down
|c|âsofa king gay|fegit
|join|blitzfiend
|c| dudemin|or that
|
|switch|p1a: Blue Shrek|Swampert, F|290\/403
|turn|50
|c| Philz|get cuntblasted
|c| dudemin|not even bad
|c| meowiekins|wow bob
|c| r0ady|does counter work on eq?
|c| OG_Wanka|take your ass and sit it in the corner
|
|move|p2a: Tunguska|Seismic Toss|p1a: Blue Shrek
|-damage|p1a: Blue Shrek|190\/403
|move|p1a: Blue Shrek|Earthquake|p2a: Tunguska
|-damage|p2a: Tunguska|494\/714
|
|-heal|p2a: Tunguska|538\/714|[from] item: Leftovers
|-heal|p1a: Blue Shrek|215\/403|[from] item: Leftovers
|turn|51
|c| meowiekins|good shit
|c| OG_Wanka|thts wht blissey said to you
|
|move|p2a: Tunguska|Wish|p2a: Tunguska
|move|p1a: Blue Shrek|Scald|p2a: Tunguska
|-damage|p2a: Tunguska|477\/714
|-status|p2a: Tunguska|brn
|
|-heal|p2a: Tunguska|521\/714 brn|[from] item: Leftovers
|-heal|p1a: Blue Shrek|240\/403|[from] item: Leftovers
|-damage|p2a: Tunguska|432\/714 brn|[from] brn
|turn|52
|c| SOFA KING GAY LOL|i did your dad og wanka
|c| SOFA KING GAY LOL|he fucking loved it
|c| OG_Wanka|same
|c| SOFA KING GAY LOL|you did your dad?
|c| SOFA KING GAY LOL|0.o
|
|move|p2a: Tunguska|Seismic Toss|p1a: Blue Shrek
|-damage|p1a: Blue Shrek|140\/403
|move|p1a: Blue Shrek|Scald|p2a: Tunguska
|-damage|p2a: Tunguska|374\/714 brn
|
|-heal|p2a: Tunguska|714\/714 brn|[from] move: Wish|[wisher] Tunguska
|-heal|p1a: Blue Shrek|165\/403|[from] item: Leftovers
|-damage|p2a: Tunguska|625\/714 brn|[from] brn
|turn|53
|c| r0ady|why is blissey so goddamn fat
|c| meowiekins|âBob the Bro: i got this
|c| meowiekins|âBob the Bro: i got this
|c|âsofa king gay|becuz gf logic
|
|move|p2a: Tunguska|Wish|p2a: Tunguska
|move|p1a: Blue Shrek|Earthquake|p2a: Tunguska
|-damage|p2a: Tunguska|388\/714 brn
|
|-heal|p2a: Tunguska|432\/714 brn|[from] item: Leftovers
|-heal|p1a: Blue Shrek|190\/403|[from] item: Leftovers
|-damage|p2a: Tunguska|343\/714 brn|[from] brn
|turn|54
|c| SOFA KING GAY LOL|âBob the Bro: i got this
|c| SOFA KING GAY LOL|âBob the Bro: i got this
|c| SOFA KING GAY LOL|âBob the Bro: i got this
|c| Living Proof|Blissey isn't fat
|c|âsofa king gay|hes gonna catch this crit
|c| SOFA KING GAY LOL|he knew
|c| Living Proof|The attacks are jsut weak
|c| SOFA KING GAY LOL|zygarde
|c| Philz|blissey is obese
|c| Living Proof|just*
|c| SOFA KING GAY LOL|is basically a team
|c| Philz|not fat
|c| r0ady|it has like 2 defense and its monumental hp makes up for it
|
|move|p2a: Tunguska|Seismic Toss|p1a: Blue Shrek
|-damage|p1a: Blue Shrek|90\/403
|move|p1a: Blue Shrek|Earthquake|p2a: Tunguska
|-damage|p2a: Tunguska|114\/714 brn
|
|-heal|p2a: Tunguska|471\/714 brn|[from] move: Wish|[wisher] Tunguska
|-heal|p2a: Tunguska|515\/714 brn|[from] item: Leftovers
|-heal|p1a: Blue Shrek|115\/403|[from] item: Leftovers
|-damage|p2a: Tunguska|426\/714 brn|[from] brn
|turn|55
|c| Living Proof|Blissey is big boned
|c| dudemin|Blissey just got a bunch of air in her
|c| Philz|lol
|
|switch|p2a: Norfleet|Zygarde|75\/415
|-damage|p2a: Norfleet|50\/415|[from] Stealth Rock
|-ability|p2a: Norfleet|Aura Break
|move|p1a: Blue Shrek|Roar|p2a: Norfleet
|drag|p2a: Tunguska|Blissey, F|426\/714
|-damage|p2a: Tunguska|337\/714|[from] Stealth Rock
|
|-heal|p2a: Tunguska|381\/714|[from] item: Leftovers
|-heal|p1a: Blue Shrek|140\/403|[from] item: Leftovers
|turn|56
|c| Living Proof|Blissey is an independent black woman
|c| SOFA KING GAY LOL|living proof thats what the fat kid i used to bully said
|
|move|p2a: Tunguska|Wish|p2a: Tunguska
|move|p1a: Blue Shrek|Earthquake|p2a: Tunguska
|-damage|p2a: Tunguska|165\/714
|
|-heal|p2a: Tunguska|209\/714|[from] item: Leftovers
|-heal|p1a: Blue Shrek|165\/403|[from] item: Leftovers
|turn|57
|
|move|p2a: Tunguska|Seismic Toss|p1a: Blue Shrek
|-damage|p1a: Blue Shrek|65\/403
|move|p1a: Blue Shrek|Earthquake|p2a: Tunguska
|-damage|p2a: Tunguska|0 fnt
|faint|p2a: Tunguska
|
|-heal|p1a: Blue Shrek|90\/403|[from] item: Leftovers
|c| dudemin|what do the blue shrek do now?
|c| r0ady|crit the damn thing
|c| Philz|bob r u running enuf speed to outspeed swamp?
|c|âsofa king gay|CHOKE
|c|âsofa king gay|CHOKE
|c|âsofa king gay|CHOKE
|c|âBob the Bro|o
|c|âsofa king gay|CHOKE
|c| SOFA KING GAY LOL|please choke
|c| dudemin|#Choke
|c|âsofa king gay|CHOKE
|c|âsofa king gay|CHOKE
|
|switch|p2a: Norfleet|Zygarde|50\/415
|-damage|p2a: Norfleet|25\/415|[from] Stealth Rock
|-ability|p2a: Norfleet|Aura Break
|turn|58
|c|âsofa king gay|CHOKE
|c|âsofa king gay|CHOKE
|c| r0ady|yo]
|c|âBob the Bro|strong choke
|c| meowiekins|âBob the Bro: i got this
|c| SOFA KING GAY LOL|why would you not protect
|c|âsofa king gay|so fucking bad at this game
|c| SOFA KING GAY LOL|like
|c| r0ady|yessss fuck blissey
|c| SOFA KING GAY LOL|seriously
|c| SOFA KING GAY LOL|even if he roared
|
|move|p2a: Norfleet|Earthquake|p1a: Blue Shrek
|-damage|p1a: Blue Shrek|0 fnt
|faint|p1a: Blue Shrek
|
|-heal|p2a: Norfleet|50\/415|[from] item: Leftovers
|c| SOFA KING GAY LOL|zygarde gets hp
|c| dudemin|inb4 espeed
|c| r0ady|wen blissey dies i shed a tear of joy
|join|GeathDrips
|c|âBob the Bro|miss y?
|c| SOFA KING GAY LOL|what the fuck is wrong with you
|c| SOFA KING GAY LOL|bob
|leave|OG_Wanka
|
|switch|p1a: Viserys|Hydreigon, F|125\/325 brn
|turn|59
|c| SOFA KING GAY LOL|suck ma deek
|c| meowiekins|go for draco
|c| Philz|shit user
|c|âBob the Bro|rip
|c| meowiekins|if real
|c| dudemin|reveal the espeed
|c| Philz|takes it so srs
|c| r0ady|miss draco
|
|move|p1a: Viserys|Dark Pulse|p2a: Norfleet
|-crit|p2a: Norfleet
|-damage|p2a: Norfleet|0 fnt
|faint|p2a: Norfleet
|
|win|sofa king gay
|c|âsofa king gay|stfu meanies
|leave|Living Proof
|c| SOFA KING GAY LOL|pokemon is fucking life