|join|DMT
|join|Bob the Bro
|player|p1|DMT|184
|player|p2|Bob the Bro|23
|gametype|singles
|gen|6
|tier|UU
|rated
|rule|Sleep Clause Mod: Limit one foe put to sleep
|rule|Species Clause: Limit one of each PokÃ©mon
|rule|OHKO Clause: OHKO moves are banned
|rule|Moody Clause: Moody is banned
|rule|Evasion Moves Clause: Evasion moves are banned
|rule|Endless Battle Clause: Forcing endless battles is banned
|rule|HP Percentage Mod: HP is shown in percentages
|clearpoke
|poke|p1|Zygarde
|poke|p1|Roserade, F
|poke|p1|Darmanitan, F
|poke|p1|Gligar, F
|poke|p1|Blastoise, F
|poke|p1|Jirachi
|poke|p2|Zygarde
|poke|p2|Aggron, F
|poke|p2|Forretress, M
|poke|p2|Jellicent, M
|poke|p2|Blissey, F
|poke|p2|Aromatisse, M
|rule|Swagger Clause: Swagger is banned
|rule|Baton Pass Clause: Limit one PokÃ©mon knowing Baton Pass
|teampreview
|c|âDMT|xDDDDDDD
|c|âBob the Bro|hi
|join|Sheganja
|join|Kushalos
|
|start
|switch|p1a: I just want hands|Roserade, F|324\/324
|switch|p2a: Bee|Jellicent, M|394\/394
|turn|1
|join|Eyan
|c|+Kushalos|already seen this game
|c|âDMT|wat game
|
|switch|p1a: "RESIST"|Darmanitan, F|351\/351
|switch|p2a: Transformer|Forretress, M|354\/354
|
|turn|2
|c|+Kushalos|o wait u were using
|join|Technosis
|c|+Kushalos|your sheedie team
|c|âDMT|ya
|c|âDMT|lel
|
|switch|p2a: HideOfTerramorphou|Zygarde|408\/408
|-ability|p2a: HideOfTerramorphou|Aura Break
|move|p1a: "RESIST"|Flare Blitz|p2a: HideOfTerramorphou
|-resisted|p2a: HideOfTerramorphou
|-damage|p2a: HideOfTerramorphou|223\/408
|-damage|p1a: "RESIST"|290\/351|[from] recoil|[of] p2a: HideOfTerramorphou
|
|-heal|p2a: HideOfTerramorphou|248\/408|[from] item: Leftovers
|turn|3
|c|âDMT|bob's revenge time!
|
|switch|p1a: I wnt mega|Blastoise, F|322\/322
|move|p2a: HideOfTerramorphou|Earthquake|p1a: I wnt mega
|-damage|p1a: I wnt mega|202\/322
|
|-heal|p2a: HideOfTerramorphou|273\/408|[from] item: Leftovers
|turn|4
|c| Sheganja|resist
|c| Sheganja|resist
|
|switch|p2a: Bee|Jellicent, M|394\/394
|switch|p1a: not hax|Jirachi|341\/341
|
|turn|5
|c| Sheganja|rip
|
|switch|p2a: Fabled Tortoise|Aggron, F|344\/344
|move|p1a: not hax|U-turn|p2a: Fabled Tortoise
|-resisted|p2a: Fabled Tortoise
|-damage|p2a: Fabled Tortoise|321\/344
|c| Technosis|Bob the Bob
|c| Technosis|what are these names?
|
|switch|p1a: "RESIST"|Darmanitan, F|290\/351
|
|turn|6
|c|âBob the Bro|ask dmt
|c|âDMT|shields from
|c|âDMT|bl2
|
|detailschange|p2a: Fabled Tortoise|Aggron-Mega, F
|message|Aggron has Mega Evolved into Mega Aggron!
|move|p1a: "RESIST"|Flare Blitz|p2a: Fabled Tortoise
|-supereffective|p2a: Fabled Tortoise
|-damage|p2a: Fabled Tortoise|18\/344
|-damage|p1a: "RESIST"|190\/351|[from] recoil|[of] p2a: Fabled Tortoise
|move|p2a: Fabled Tortoise|Metal Burst|p1a: "RESIST"
|-damage|p1a: "RESIST"|0 fnt
|faint|p1a: "RESIST"
|
|c|âDMT|oof
|c|+Kushalos|so
|c|âBob the Bro|super effective where?
|
|switch|p1a: I just want hands|Roserade, F|324\/324
|turn|7
|c|+Kushalos|resists die
|c|+Kushalos|but when ur weak to fire
|c|+Kushalos|u live
|c|+Kushalos|k
|c|âDMT|idklol!
|c| Technosis|bl2?
|
|switch|p2a: Sham|Blissey, F|714\/714
|move|p1a: I just want hands|Giga Drain|p2a: Sham
|-damage|p2a: Sham|626\/714
|
|-heal|p2a: Sham|670\/714|[from] item: Leftovers
|turn|8
|c|âDMT|border
|c|âDMT|lands
|c|âDMT|deux
|c| Technosis|o
|
|move|p1a: I just want hands|Toxic Spikes|p2a: Sham
|-sidestart|p2: Bob the Bro|move: Toxic Spikes
|move|p2a: Sham|Wish|p2a: Sham
|
|-heal|p2a: Sham|714\/714|[from] item: Leftovers
|turn|9
|c| Technosis|I'm hungry.
|
|switch|p2a: Transformer|Forretress, M|354\/354
|move|p1a: I just want hands|Giga Drain|p2a: Transformer
|-resisted|p2a: Transformer
|-damage|p2a: Transformer|313\/354
|
|-heal|p2a: Transformer|354\/354|[from] move: Wish|[wisher] Sham
|turn|10
|c|âDMT|yea me too
|join|Dr. Hoothoot
|c|âBob the Bro|reveal hp fire
|c|âDMT|k
|c| Technosis|why must it be 4 in the morning
|
|switch|p1a: Lil Bub|Gligar, F|334\/334
|switch|p2a: Fabled Tortoise|Aggron-Mega, F|18\/344
|
|turn|11
|
|switch|p2a: Transformer|Forretress, M|354\/354
|move|p1a: Lil Bub|Stealth Rock|p2a: Transformer
|-sidestart|p2: Bob the Bro|move: Stealth Rock
|
|turn|12
|
|move|p1a: Lil Bub|U-turn|p2a: Transformer
|-resisted|p2a: Transformer
|-damage|p2a: Transformer|341\/354
|
|switch|p1a: "BALANCED"|Zygarde|404\/404
|-ability|p1a: "BALANCED"|Aura Break
|move|p2a: Transformer|Rapid Spin|p1a: "BALANCED"
|-damage|p1a: "BALANCED"|392\/404
|-sideend|p2: Bob the Bro|Toxic Spikes|[from] move: Rapid Spin|[of] p2a: Transformer
|-sideend|p2: Bob the Bro|Stealth Rock|[from] move: Rapid Spin|[of] p2a: Transformer
|
|-heal|p1a: "BALANCED"|404\/404|[from] item: Leftovers
|-heal|p2a: Transformer|354\/354|[from] item: Leftovers
|turn|13
|
|switch|p1a: not hax|Jirachi|341\/341
|switch|p2a: Cradle|Aromatisse, M|406\/406
|
|turn|14
|
|move|p2a: Cradle|Protect|p2a: Cradle
|-singleturn|p2a: Cradle|Protect
|move|p1a: not hax|Trick|p2a: Cradle
|-activate|p2a: Cradle|Protect
|
|turn|15
|
|switch|p2a: Fabled Tortoise|Aggron-Mega, F|18\/344
|move|p1a: not hax|Trick|p2a: Fabled Tortoise
|-fail|p2a: Fabled Tortoise
|
|turn|16
|c|âDMT|xD
|
|switch|p1a: I just want hands|Roserade, F|324\/324
|move|p2a: Fabled Tortoise|Stealth Rock|p1a: I just want hands
|-sidestart|p1: DMT|move: Stealth Rock
|
|turn|17
|
|move|p1a: I just want hands|Sleep Powder|p2a: Fabled Tortoise
|-status|p2a: Fabled Tortoise|slp
|cant|p2a: Fabled Tortoise|slp
|
|turn|18
|
|move|p1a: I just want hands|Toxic Spikes|p2a: Fabled Tortoise
|-sidestart|p2: Bob the Bro|move: Toxic Spikes
|-curestatus|p2a: Fabled Tortoise|slp
|move|p2a: Fabled Tortoise|Heavy Slam|p1a: I just want hands
|-damage|p1a: I just want hands|35\/324
|
|-heal|p1a: I just want hands|55\/324|[from] item: Black Sludge
|turn|19
|c|âDMT|ow
|c|âBob the Bro|rip
|join|Tokyo Tom
|
|move|p1a: I just want hands|Giga Drain|p2a: Fabled Tortoise
|-resisted|p2a: Fabled Tortoise
|-damage|p2a: Fabled Tortoise|0 fnt
|-heal|p1a: I just want hands|64\/324|[from] drain|[of] p2a: Fabled Tortoise
|faint|p2a: Fabled Tortoise
|
|-heal|p1a: I just want hands|84\/324|[from] item: Black Sludge
|
|switch|p2a: Transformer|Forretress, M|354\/354
|turn|20
|c| Technosis|nice n rested imo
|
|move|p1a: I just want hands|Giga Drain|p2a: Transformer
|-resisted|p2a: Transformer
|-damage|p2a: Transformer|314\/354
|-heal|p1a: I just want hands|104\/324|[from] drain|[of] p2a: Transformer
|move|p2a: Transformer|Rapid Spin|p1a: I just want hands
|-crit|p1a: I just want hands
|-damage|p1a: I just want hands|73\/324
|-sideend|p2: Bob the Bro|Toxic Spikes|[from] move: Rapid Spin|[of] p2a: Transformer
|
|-heal|p1a: I just want hands|93\/324|[from] item: Black Sludge
|-heal|p2a: Transformer|336\/354|[from] item: Leftovers
|turn|21
|
|move|p1a: I just want hands|Toxic Spikes|p2a: Transformer
|-sidestart|p2: Bob the Bro|move: Toxic Spikes
|move|p2a: Transformer|Spikes|p1a: I just want hands
|-sidestart|p1: DMT|Spikes
|
|-heal|p1a: I just want hands|113\/324|[from] item: Black Sludge
|-heal|p2a: Transformer|354\/354|[from] item: Leftovers
|turn|22
|
|switch|p1a: I wnt mega|Blastoise, F|202\/322
|-damage|p1a: I wnt mega|162\/322|[from] Spikes
|-damage|p1a: I wnt mega|122\/322|[from] Stealth Rock
|move|p2a: Transformer|Rapid Spin|p1a: I wnt mega
|-damage|p1a: I wnt mega|106\/322
|-sideend|p2: Bob the Bro|Toxic Spikes|[from] move: Rapid Spin|[of] p2a: Transformer
|
|turn|23
|
|switch|p2a: Bee|Jellicent, M|394\/394
|detailschange|p1a: I wnt mega|Blastoise-Mega, F
|message|Blastoise has Mega Evolved into Mega Blastoise!
|move|p1a: I wnt mega|Dark Pulse|p2a: Bee
|-supereffective|p2a: Bee
|-damage|p2a: Bee|138\/394
|
|-heal|p2a: Bee|162\/394|[from] item: Leftovers
|turn|24
|leave|Eyan
|leave|Tokyo Tom
|c|âBob the Bro|oh you took out dpulse
|c|âDMT|never had
|c|âDMT|I'm bad and run dark
|c| Sheganja|is still dpulse*
|
|switch|p2a: Sham|Blissey, F|714\/714
|move|p1a: I wnt mega|Dark Pulse|p2a: Sham
|-damage|p2a: Sham|594\/714
|
|-heal|p2a: Sham|638\/714|[from] item: Leftovers
|turn|25
|
|move|p1a: I wnt mega|Rapid Spin|p2a: Sham
|-damage|p2a: Sham|616\/714
|-sideend|p1: DMT|Spikes|[from] move: Rapid Spin|[of] p1a: I wnt mega
|-sideend|p1: DMT|Stealth Rock|[from] move: Rapid Spin|[of] p1a: I wnt mega
|move|p2a: Sham|Seismic Toss|p1a: I wnt mega
|-damage|p1a: I wnt mega|6\/322
|
|-heal|p2a: Sham|660\/714|[from] item: Leftovers
|turn|26
|
|switch|p1a: not hax|Jirachi|341\/341
|move|p2a: Sham|Wish|p2a: Sham
|
|-heal|p2a: Sham|704\/714|[from] item: Leftovers
|turn|27
|c| Sheganja|question
|
|switch|p2a: Bee|Jellicent, M|162\/394
|move|p1a: not hax|Trick|p2a: Bee
|-activate|p1a: not hax|move: Trick|[of] p2a: Bee
|-item|p2a: Bee|Choice Scarf|[from] move: Trick
|-item|p1a: not hax|Leftovers|[from] move: Trick
|
|-heal|p2a: Bee|394\/394|[from] move: Wish|[wisher] Sham
|turn|28
|c|âDMT|?
|c| Sheganja|why is forry transformer
|c|âBob the Bro|idek
|c| Sheganja|but no volt absorb
|c|âDMT|http:\/\/borderlands.wikia.com\/wiki\/The_Transformer
|
|move|p1a: not hax|U-turn|p2a: Bee
|-resisted|p2a: Bee
|-damage|p2a: Bee|355\/394
|c| Sheganja|no i played the game
|
|switch|p1a: I just want hands|Roserade, F|113\/324
|move|p2a: Bee|Will-O-Wisp|p1a: I just want hands
|-status|p1a: I just want hands|brn
|
|-heal|p1a: I just want hands|133\/324 brn|[from] item: Black Sludge
|-damage|p1a: I just want hands|93\/324 brn|[from] brn
|turn|29
|
|switch|p2a: Transformer|Forretress, M|354\/354
|move|p1a: I just want hands|Toxic Spikes|p2a: Transformer
|-sidestart|p2: Bob the Bro|move: Toxic Spikes
|
|-heal|p1a: I just want hands|113\/324 brn|[from] item: Black Sludge
|-damage|p1a: I just want hands|73\/324 brn|[from] brn
|turn|30
|c| Sheganja|idk
|
|switch|p1a: "BALANCED"|Zygarde|404\/404
|-ability|p1a: "BALANCED"|Aura Break
|move|p2a: Transformer|Spikes|p1a: "BALANCED"
|-sidestart|p1: DMT|Spikes
|
|turn|31
|c| Sheganja|where is love thumper tbh
|c| Technosis|DMT
|c|âDMT|?
|
|move|p1a: "BALANCED"|Coil|p1a: "BALANCED"
|-boost|p1a: "BALANCED"|atk|1
|-boost|p1a: "BALANCED"|def|1
|-boost|p1a: "BALANCED"|accuracy|1
|move|p2a: Transformer|Rapid Spin|p1a: "BALANCED"
|-damage|p1a: "BALANCED"|395\/404
|-sideend|p2: Bob the Bro|Toxic Spikes|[from] move: Rapid Spin|[of] p2a: Transformer
|
|-heal|p1a: "BALANCED"|404\/404|[from] item: Leftovers
|turn|32
|c| Technosis|Y U BL2 Lets play
|c| Technosis|:C
|c| Sheganja|~~but presequel~~
|c|âDMT|I did
|c|âDMT|on swagilyphs channel
|c|âBob the Bro|rip
|c| Technosis|:[
|
|switch|p2a: Cradle|Aromatisse, M|406\/406
|move|p1a: "BALANCED"|Coil|p1a: "BALANCED"
|-boost|p1a: "BALANCED"|atk|1
|-boost|p1a: "BALANCED"|def|1
|-boost|p1a: "BALANCED"|accuracy|1
|
|turn|33
|c| Technosis|what tf is a swagilyph?
|
|move|p1a: "BALANCED"|Earthquake|p2a: Cradle
|-damage|p2a: Cradle|195\/406
|move|p2a: Cradle|Moonblast|p1a: "BALANCED"
|-crit|p1a: "BALANCED"
|-supereffective|p1a: "BALANCED"
|-damage|p1a: "BALANCED"|80\/404
|
|-heal|p1a: "BALANCED"|105\/404|[from] item: Leftovers
|-heal|p2a: Cradle|220\/406|[from] item: Leftovers
|turn|34
|c|âDMT|who tf
|c|âDMT|fuck
|
|switch|p1a: not hax|Jirachi|341\/341
|-damage|p1a: not hax|299\/341|[from] Spikes
|move|p2a: Cradle|Moonblast|p1a: not hax
|-resisted|p1a: not hax
|-damage|p1a: not hax|248\/341
|
|-heal|p1a: not hax|269\/341|[from] item: Leftovers
|-heal|p2a: Cradle|245\/406|[from] item: Leftovers
|turn|35
|
|move|p2a: Cradle|Protect|p2a: Cradle
|-singleturn|p2a: Cradle|Protect
|move|p1a: not hax|U-turn|p2a: Cradle
|-activate|p2a: Cradle|Protect
|
|-heal|p1a: not hax|290\/341|[from] item: Leftovers
|-heal|p2a: Cradle|270\/406|[from] item: Leftovers
|turn|36
|
|move|p1a: not hax|Iron Head|p2a: Cradle
|-supereffective|p2a: Cradle
|-damage|p2a: Cradle|40\/406
|cant|p2a: Cradle|flinch
|
|-heal|p1a: not hax|311\/341|[from] item: Leftovers
|-heal|p2a: Cradle|65\/406|[from] item: Leftovers
|turn|37
|
|move|p2a: Cradle|Protect|p2a: Cradle
|-singleturn|p2a: Cradle|Protect
|move|p1a: not hax|Trick|p2a: Cradle
|-activate|p2a: Cradle|Protect
|
|-heal|p1a: not hax|332\/341|[from] item: Leftovers
|-heal|p2a: Cradle|90\/406|[from] item: Leftovers
|turn|38
|
|switch|p2a: Transformer|Forretress, M|354\/354
|move|p1a: not hax|Trick|p2a: Transformer
|-activate|p1a: not hax|move: Trick|[of] p2a: Transformer
|-item|p2a: Transformer|Leftovers|[from] move: Trick
|-item|p1a: not hax|Leftovers|[from] move: Trick
|
|-heal|p1a: not hax|341\/341|[from] item: Leftovers
|turn|39
|
|move|p1a: not hax|Iron Head|p2a: Transformer
|-resisted|p2a: Transformer
|-damage|p2a: Transformer|321\/354
|cant|p2a: Transformer|flinch
|
|-heal|p2a: Transformer|343\/354|[from] item: Leftovers
|turn|40
|
|move|p1a: not hax|Iron Head|p2a: Transformer
|-resisted|p2a: Transformer
|-damage|p2a: Transformer|310\/354
|cant|p2a: Transformer|flinch
|
|-heal|p2a: Transformer|332\/354|[from] item: Leftovers
|turn|41
|
|move|p1a: not hax|Iron Head|p2a: Transformer
|-resisted|p2a: Transformer
|-damage|p2a: Transformer|296\/354
|move|p2a: Transformer|Spikes|p1a: not hax
|-sidestart|p1: DMT|Spikes
|
|-heal|p2a: Transformer|318\/354|[from] item: Leftovers
|turn|42
|c|âBob the Bro|pls no
|c|âDMT|it
|c|âDMT|is
|
|move|p1a: not hax|Iron Head|p2a: Transformer
|-resisted|p2a: Transformer
|-damage|p2a: Transformer|284\/354
|cant|p2a: Transformer|flinch
|
|-heal|p2a: Transformer|306\/354|[from] item: Leftovers
|turn|43
|c|âDMT|happen
|c|âDMT|ing
|
|move|p1a: not hax|Iron Head|p2a: Transformer
|-resisted|p2a: Transformer
|-damage|p2a: Transformer|271\/354
|move|p2a: Transformer|Spikes|p1a: not hax
|-sidestart|p1: DMT|Spikes
|
|-heal|p2a: Transformer|293\/354|[from] item: Leftovers
|turn|44
|c| Sheganja|leppa berry
|c| Sheganja|recycle
|c| Sheganja|imo
|c| Technosis|nice n wasted iron flinches
|
|move|p1a: not hax|Iron Head|p2a: Transformer
|-resisted|p2a: Transformer
|-damage|p2a: Transformer|259\/354
|cant|p2a: Transformer|flinch
|
|-heal|p2a: Transformer|281\/354|[from] item: Leftovers
|turn|45
|
|move|p1a: not hax|Iron Head|p2a: Transformer
|-crit|p2a: Transformer
|-resisted|p2a: Transformer
|-damage|p2a: Transformer|226\/354
|cant|p2a: Transformer|flinch
|
|-heal|p2a: Transformer|248\/354|[from] item: Leftovers
|turn|46
|c| Sheganja|wow crit hax
|
|move|p1a: not hax|Iron Head|p2a: Transformer
|-resisted|p2a: Transformer
|-damage|p2a: Transformer|215\/354
|move|p2a: Transformer|Volt Switch|p1a: not hax
|-damage|p1a: not hax|306\/341
|
|switch|p2a: Bee|Jellicent, M|355\/394
|
|-heal|p1a: not hax|327\/341|[from] item: Leftovers
|turn|47
|
|move|p1a: not hax|Iron Head|p2a: Bee
|-resisted|p2a: Bee
|-damage|p2a: Bee|290\/394
|move|p2a: Bee|Scald|p1a: not hax
|-crit|p1a: not hax
|-damage|p1a: not hax|201\/341
|
|-heal|p1a: not hax|222\/341|[from] item: Leftovers
|turn|48
|c|âBob the Bro|wow no burn
|
|move|p1a: not hax|Iron Head|p2a: Bee
|-resisted|p2a: Bee
|-damage|p2a: Bee|230\/394
|cant|p2a: Bee|flinch
|
|-heal|p1a: not hax|243\/341|[from] item: Leftovers
|turn|49
|
|move|p1a: not hax|Iron Head|p2a: Bee
|-resisted|p2a: Bee
|-damage|p2a: Bee|169\/394
|move|p2a: Bee|Scald|p1a: not hax
|-damage|p1a: not hax|153\/341
|
|-heal|p1a: not hax|174\/341|[from] item: Leftovers
|turn|50
|c|âDMT|no flinch
|c|âDMT|wtf
|
|move|p1a: not hax|Iron Head|p2a: Bee
|-resisted|p2a: Bee
|-damage|p2a: Bee|103\/394
|move|p2a: Bee|Scald|p1a: not hax
|-damage|p1a: not hax|98\/341
|-status|p1a: not hax|brn
|
|-heal|p1a: not hax|119\/341 brn|[from] item: Leftovers
|-damage|p1a: not hax|77\/341 brn|[from] brn
|turn|51
|c| Sheganja|h4x
|c|âDMT|uw0t
|
|switch|p2a: Sham|Blissey, F|704\/714
|move|p1a: not hax|Healing Wish|p1a: not hax
|faint|p1a: not hax
|
|-heal|p2a: Sham|714\/714|[from] item: Leftovers
|c| Sheganja|must be nice
|
|switch|p1a: "BALANCED"|Zygarde|105\/404
|-heal|p1a: "BALANCED"|404\/404|[from] move: Healing Wish
|-damage|p1a: "BALANCED"|303\/404|[from] Spikes
|-ability|p1a: "BALANCED"|Aura Break
|turn|52
|c|âBob the Bro|fkn rip
|
|switch|p2a: HideOfTerramorphou|Zygarde|273\/408
|-ability|p2a: HideOfTerramorphou|Aura Break
|move|p1a: "BALANCED"|Coil|p1a: "BALANCED"
|-boost|p1a: "BALANCED"|atk|1
|-boost|p1a: "BALANCED"|def|1
|-boost|p1a: "BALANCED"|accuracy|1
|
|-heal|p1a: "BALANCED"|328\/404|[from] item: Leftovers
|-heal|p2a: HideOfTerramorphou|298\/408|[from] item: Leftovers
|turn|53
|
|move|p1a: "BALANCED"|Dragon Tail|p2a: HideOfTerramorphou
|-supereffective|p2a: HideOfTerramorphou
|-damage|p2a: HideOfTerramorphou|124\/408
|drag|p2a: Sham|Blissey, F|714\/714
|
|-heal|p1a: "BALANCED"|353\/404|[from] item: Leftovers
|turn|54
|
|move|p1a: "BALANCED"|Substitute|p1a: "BALANCED"
|-start|p1a: "BALANCED"|Substitute
|-damage|p1a: "BALANCED"|252\/404
|move|p2a: Sham|Wish|p2a: Sham
|
|-heal|p1a: "BALANCED"|277\/404|[from] item: Leftovers
|turn|55
|c|âBob the Bro|ogre
|c|âDMT|I think
|c|âDMT|so
|
|switch|p2a: HideOfTerramorphou|Zygarde|124\/408
|-ability|p2a: HideOfTerramorphou|Aura Break
|move|p1a: "BALANCED"|Earthquake|p2a: HideOfTerramorphou
|-damage|p2a: HideOfTerramorphou|0 fnt
|faint|p2a: HideOfTerramorphou
|
|-heal|p1a: "BALANCED"|302\/404|[from] item: Leftovers
|c| Sheganja|power
|
|switch|p2a: Sham|Blissey, F|714\/714
|turn|56
|
|move|p1a: "BALANCED"|Coil|p1a: "BALANCED"
|-boost|p1a: "BALANCED"|atk|1
|-boost|p1a: "BALANCED"|def|1
|-boost|p1a: "BALANCED"|accuracy|1
|move|p2a: Sham|Seismic Toss|p1a: "BALANCED"
|-activate|p1a: "BALANCED"|Substitute|[damage]
|
|-heal|p1a: "BALANCED"|327\/404|[from] item: Leftovers
|turn|57
|c|âDMT|I guess this
|
|move|p1a: "BALANCED"|Coil|p1a: "BALANCED"
|-boost|p1a: "BALANCED"|atk|1
|-boost|p1a: "BALANCED"|def|1
|-boost|p1a: "BALANCED"|accuracy|1
|move|p2a: Sham|Seismic Toss|p1a: "BALANCED"
|-end|p1a: "BALANCED"|Substitute
|
|-heal|p1a: "BALANCED"|352\/404|[from] item: Leftovers
|turn|58
|c|âDMT|is why they call me the turkey
|c| Sheganja|[00:40:42] +Bob the Bro: dmt
|c| Sheganja|[00:40:43] #DMT: ?
|c| Sheganja|[00:40:44] +Bob the Bro: search
|join|newfren
|c| Sheganja|+Bob the Bro: dmt
|c| Sheganja|#DMT: ?
|c| Sheganja|+Bob the Bro: search
|
|move|p1a: "BALANCED"|Substitute|p1a: "BALANCED"
|-start|p1a: "BALANCED"|Substitute
|-damage|p1a: "BALANCED"|251\/404
|move|p2a: Sham|Wish|p2a: Sham
|
|-heal|p1a: "BALANCED"|276\/404|[from] item: Leftovers
|turn|59
|
|move|p1a: "BALANCED"|Earthquake|p2a: Sham
|-damage|p2a: Sham|204\/714
|move|p2a: Sham|Counter|p1a: "BALANCED"
|-end|p1a: "BALANCED"|Substitute
|
|-heal|p2a: Sham|561\/714|[from] move: Wish|[wisher] Sham
|-heal|p1a: "BALANCED"|301\/404|[from] item: Leftovers
|-heal|p2a: Sham|605\/714|[from] item: Leftovers
|turn|60
|c| Sheganja|tfw hubris
|c| newfren|bob are you
|c| newfren|trrying
|c| newfren|to claim your place back
|c|âDMT|n he let me win ;S
|
|move|p1a: "BALANCED"|Substitute|p1a: "BALANCED"
|-start|p1a: "BALANCED"|Substitute
|-damage|p1a: "BALANCED"|200\/404
|move|p2a: Sham|Seismic Toss|p1a: "BALANCED"
|-activate|p1a: "BALANCED"|Substitute|[damage]
|
|-heal|p1a: "BALANCED"|225\/404|[from] item: Leftovers
|-heal|p2a: Sham|649\/714|[from] item: Leftovers
|turn|61
|c| newfren|from based god dmt
|
|move|p1a: "BALANCED"|Earthquake|p2a: Sham
|-damage|p2a: Sham|115\/714
|move|p2a: Sham|Seismic Toss|p1a: "BALANCED"
|-end|p1a: "BALANCED"|Substitute
|
|-heal|p1a: "BALANCED"|250\/404|[from] item: Leftovers
|-heal|p2a: Sham|159\/714|[from] item: Leftovers
|turn|62
|c|âBob the Bro|shouldnt have challenged the based god tbh
|c|âDMT|xDDDDDDDDDDD
|
|move|p1a: "BALANCED"|Earthquake|p2a: Sham
|-damage|p2a: Sham|0 fnt
|faint|p2a: Sham
|
|-heal|p1a: "BALANCED"|275\/404|[from] item: Leftovers
|c|âBob the Bro|ok im putting max speed on my zyggy
|c| newfren|lol
|c| Sheganja|you still wouldn't outspeed
|c|âDMT|it's not enuf
|
|switch|p2a: Cradle|Aromatisse, M|90\/406
|turn|63
|c|âDMT|you won't outspeed me
|c|âBob the Bro|coil if real
|c| Sheganja|he fed his salac berries
|c| Sheganja|you can't beat that
|
|move|p1a: "BALANCED"|Earthquake|p2a: Cradle
|-damage|p2a: Cradle|0 fnt
|faint|p2a: Cradle
|
|-heal|p1a: "BALANCED"|300\/404|[from] item: Leftovers
|c|âDMT|ya he's been munchin that salac berry porridge
|c|âDMT|;S
|
|switch|p2a: Transformer|Forretress, M|215\/354
|turn|64
|
|move|p1a: "BALANCED"|Substitute|p1a: "BALANCED"
|-start|p1a: "BALANCED"|Substitute
|-damage|p1a: "BALANCED"|199\/404
|move|p2a: Transformer|Toxic|p1a: "BALANCED"
|
|-heal|p1a: "BALANCED"|224\/404|[from] item: Leftovers
|-heal|p2a: Transformer|237\/354|[from] item: Leftovers
|turn|65
|c| newfren|did that toxic
|c| newfren|hit thru the sub
|c| newfren|bob
|c| newfren|bobbo
|
|move|p1a: "BALANCED"|Earthquake|p2a: Transformer
|-damage|p2a: Transformer|71\/354
|move|p2a: Transformer|Rapid Spin|p1a: "BALANCED"
|-activate|p1a: "BALANCED"|Substitute|[damage]
|
|-heal|p1a: "BALANCED"|249\/404|[from] item: Leftovers
|-heal|p2a: Transformer|93\/354|[from] item: Leftovers
|turn|66
|
|move|p1a: "BALANCED"|Earthquake|p2a: Transformer
|-damage|p2a: Transformer|0 fnt
|faint|p2a: Transformer
|
|-heal|p1a: "BALANCED"|274\/404|[from] item: Leftovers
|c|âBob the Bro|rip
|c|âDMT|riperoni
|
|switch|p2a: Bee|Jellicent, M|103\/394
|turn|67
|c| newfren|balanced
|
|move|p1a: "BALANCED"|Earthquake|p2a: Bee
|-crit|p2a: Bee
|-damage|p2a: Bee|0 fnt
|faint|p2a: Bee
|
|win|DMT
|raw|Ladder updating...
|c| newfren|ez for stall to deal with
|raw|DMT's rating: 1788 &rarr; <strong>1808<\/strong><br \/>(+20 for winning)
|raw|Bob the Bro's rating: 1787 &rarr; <strong>1767<\/strong><br \/>(-20 for losing)
|c| newfren|let's keep it
|c|âDMT|18!
|c| newfren|nice
|c| newfren|put that in rmt
|c| newfren|imo
|leave|Bob the Bro
|player|p2
|leave|Kushalos
|leave|newfren
|leave|Dr. Hoothoot