|join|Bob The Bro
|join|Meruu
|player|p1|Bob The Bro|23
|player|p2|Meruu|174
|gametype|singles
|gen|6
|tier|UU
|rated
|rule|Sleep Clause Mod: Limit one foe put to sleep
|rule|Species Clause: Limit one of each PokÃ©mon
|rule|OHKO Clause: OHKO moves are banned
|rule|Moody Clause: Moody is banned
|rule|Evasion Moves Clause: Evasion moves are banned
|rule|Endless Battle Clause: Forcing endless battles is banned
|rule|HP Percentage Mod: HP is shown in percentages
|clearpoke
|poke|p1|Togekiss, M
|poke|p1|Crobat, F
|poke|p1|Aggron, M
|poke|p1|Blissey, F
|poke|p1|Alomomola, F
|poke|p1|Krookodile, M
|poke|p2|Vaporeon, F
|poke|p2|Forretress, M
|poke|p2|Dugtrio, M
|poke|p2|Togekiss, M
|poke|p2|Hydreigon, F
|poke|p2|Raikou
|rule|Swagger Clause: Swagger is banned
|rule|Baton Pass Clause: Limit one PokÃ©mon knowing Baton Pass
|teampreview
|c|âBob The Bro|o
|c|âBob The Bro|i need this win
|c|âBob The Bro|to over take pif
|c|âMeruu|looks like u gotta win then,,,
|c|âBob The Bro|but i got no kiss counter
|c|âBob The Bro|wheres my spdef doublade at
|c|âMeruu|u have maggron ?_?
|c|âBob The Bro|2 flinches and its dead
|c|âBob The Bro|tbh
|
|start
|switch|p1a: Phi|Krookodile, M|331\/331
|switch|p2a: Raikou|Raikou|321\/321
|-ability|p2a: Raikou|Pressure
|-ability|p1a: Phi|Intimidate|[of] p2a: Raikou
|-unboost|p2a: Raikou|atk|1
|turn|1
|
|move|p2a: Raikou|Hidden Power|p1a: Phi
|-supereffective|p1a: Phi
|-damage|p1a: Phi|125\/331
|move|p1a: Phi|Knock Off|p2a: Raikou
|-damage|p2a: Raikou|30\/321
|-enditem|p2a: Raikou|Expert Belt|[from] move: Knock Off|[of] p1a: Phi
|
|turn|2
|
|switch|p1a: Tau|Blissey, F|714\/714
|move|p2a: Raikou|Volt Switch|p1a: Tau
|-crit|p1a: Tau
|-damage|p1a: Tau|570\/714
|
|switch|p2a: thuggy|Dugtrio, M|211\/211
|
|-heal|p1a: Tau|614\/714|[from] item: Leftovers
|turn|3
|
|move|p2a: thuggy|Earthquake|p1a: Tau
|-damage|p1a: Tau|241\/714
|move|p1a: Tau|Wish|p1a: Tau
|
|-heal|p1a: Tau|285\/714|[from] item: Leftovers
|turn|4
|join|haxbat
|
|move|p1a: Tau|Protect|p1a: Tau
|-singleturn|p1a: Tau|Protect
|move|p2a: thuggy|Earthquake|p1a: Tau
|-activate|p1a: Tau|Protect
|
|-heal|p1a: Tau|642\/714|[from] move: Wish|[wisher] Tau
|-heal|p1a: Tau|686\/714|[from] item: Leftovers
|turn|5
|
|move|p2a: thuggy|Earthquake|p1a: Tau
|-damage|p1a: Tau|313\/714
|move|p1a: Tau|Wish|p1a: Tau
|
|-heal|p1a: Tau|357\/714|[from] item: Leftovers
|turn|6
|c| haxbat|lmsfao
|c|âMeruu|hm
|c|âMeruu|i wonder if adamant is worth it
|c|âMeruu|;o
|join|I<3Magikarp
|
|move|p1a: Tau|Protect|p1a: Tau
|-singleturn|p1a: Tau|Protect
|move|p2a: thuggy|Earthquake|p1a: Tau
|-activate|p1a: Tau|Protect
|
|-heal|p1a: Tau|714\/714|[from] move: Wish|[wisher] Tau
|turn|7
|c| haxbat|o.O
|
|move|p2a: thuggy|Earthquake|p1a: Tau
|-damage|p1a: Tau|371\/714
|move|p1a: Tau|Wish|p1a: Tau
|
|-heal|p1a: Tau|415\/714|[from] item: Leftovers
|turn|8
|c| haxbat|u still outspeed non-scarf 105s rite?
|c| haxbat|aka mienshao
|
|switch|p2a: Forretress|Forretress, M|354\/354
|move|p1a: Tau|Protect|p1a: Tau
|-fail|p1a: Tau
|
|-heal|p1a: Tau|714\/714|[from] move: Wish|[wisher] Tau
|turn|9
|c|âMeruu|w\/e shitsey
|
|switch|p1a: Rho|Aggron, M|344\/344
|move|p2a: Forretress|Stealth Rock|p1a: Rho
|-sidestart|p1: Bob The Bro|move: Stealth Rock
|
|turn|10
|
|detailschange|p1a: Rho|Aggron-Mega, M
|message|Aggron has Mega Evolved into Mega Aggron!
|move|p1a: Rho|Stealth Rock|p2a: Forretress
|-sidestart|p2: Meruu|move: Stealth Rock
|move|p2a: Forretress|Volt Switch|p1a: Rho
|-damage|p1a: Rho|315\/344
|
|switch|p2a: meru|Vaporeon, F|451\/451
|-damage|p2a: meru|395\/451|[from] Stealth Rock
|
|-heal|p2a: meru|423\/451|[from] item: Leftovers
|turn|11
|join|Sarcasting
|
|switch|p1a: Delta|Alomomola, F|534\/534
|-damage|p1a: Delta|468\/534|[from] Stealth Rock
|move|p2a: meru|Wish|p2a: meru
|
|-heal|p2a: meru|451\/451|[from] item: Leftovers
|turn|12
|
|switch|p2a: air miss|Togekiss, M|374\/374
|-damage|p2a: air miss|281\/374|[from] Stealth Rock
|move|p1a: Delta|Knock Off|p2a: air miss
|-resisted|p2a: air miss
|-damage|p2a: air miss|254\/374
|-enditem|p2a: air miss|Leftovers|[from] move: Knock Off|[of] p1a: Delta
|
|-heal|p2a: air miss|374\/374|[from] move: Wish|[wisher] meru
|turn|13
|
|switch|p1a: Rho|Aggron-Mega, M|315\/344
|-damage|p1a: Rho|294\/344|[from] Stealth Rock
|move|p2a: air miss|Air Slash|p1a: Rho
|-resisted|p1a: Rho
|-damage|p1a: Rho|252\/344
|
|turn|14
|
|switch|p2a: meru|Vaporeon, F|451\/451
|-damage|p2a: meru|395\/451|[from] Stealth Rock
|move|p1a: Rho|Heavy Slam|p2a: meru
|-resisted|p2a: meru
|-damage|p2a: meru|285\/451
|
|-heal|p2a: meru|313\/451|[from] item: Leftovers
|turn|15
|c|âBob The Bro|is that like fully defensive kiss or something
|
|switch|p1a: Delta|Alomomola, F|534\/534
|-damage|p1a: Delta|468\/534|[from] Stealth Rock
|move|p2a: meru|Baton Pass|p2a: meru
|c|âMeruu|no?
|c|âBob The Bro|o
|
|switch|p2a: air miss|Togekiss, M|374\/374
|-damage|p2a: air miss|281\/374|[from] Stealth Rock
|
|turn|16
|
|move|p2a: air miss|Nasty Plot|p2a: air miss
|-boost|p2a: air miss|spa|2
|move|p1a: Delta|Wish|p1a: Delta
|
|turn|17
|
|switch|p1a: Rho|Aggron-Mega, M|252\/344
|-damage|p1a: Rho|231\/344|[from] Stealth Rock
|move|p2a: air miss|Nasty Plot|p2a: air miss
|-boost|p2a: air miss|spa|2
|
|-heal|p1a: Rho|344\/344|[from] move: Wish|[wisher] Delta
|turn|18
|c|âBob The Bro|ok im fked
|join|schlamaladingdong
|leave|schlamaladingdong
|c|âMeruu|not
|c|âMeruu|necessarily
|c|âMeruu|o.o
|c| I<3Magikarp|won't kill
|
|move|p2a: air miss|Air Slash|p1a: Rho
|-resisted|p1a: Rho
|-damage|p1a: Rho|215\/344
|cant|p1a: Rho|flinch
|
|turn|19
|join|schlamaladingdong
|c|âMeruu|but imma go for it cos im bored
|
|move|p2a: air miss|Air Slash|p1a: Rho
|-resisted|p1a: Rho
|-damage|p1a: Rho|98\/344
|cant|p1a: Rho|flinch
|
|turn|20
|c| I<3Magikarp|he'll break through
|c| I<3Magikarp|so it
|c| I<3Magikarp|fuck
|c|âMeruu|hue
|c|âMeruu|read my name tho
|
|switch|p1a: Tau|Blissey, F|714\/714
|-damage|p1a: Tau|625\/714|[from] Stealth Rock
|move|p2a: air miss|Air Slash|p1a: Tau
|-damage|p1a: Tau|396\/714
|
|-heal|p1a: Tau|440\/714|[from] item: Leftovers
|turn|21
|
|move|p2a: air miss|Nasty Plot|p2a: air miss
|-boost|p2a: air miss|spa|2
|move|p1a: Tau|Seismic Toss|p2a: air miss
|-damage|p2a: air miss|181\/374
|
|-heal|p1a: Tau|484\/714|[from] item: Leftovers
|turn|22
|c| I<3Magikarp|Bob The Bro: i need this win
|c| I<3Magikarp|so disrepectful of you, Meruu
|
|move|p2a: air miss|Roost|p2a: air miss
|-heal|p2a: air miss|368\/374
|move|p1a: Tau|Seismic Toss|p2a: air miss
|-damage|p2a: air miss|268\/374
|
|-heal|p1a: Tau|528\/714|[from] item: Leftovers
|turn|23
|
|move|p2a: air miss|Nasty Plot|p2a: air miss
|-fail|p2a: air miss
|move|p1a: Tau|Seismic Toss|p2a: air miss
|-damage|p2a: air miss|168\/374
|
|-heal|p1a: Tau|572\/714|[from] item: Leftovers
|turn|24
|c|âMeruu|DERPPP
|
|move|p2a: air miss|Roost|p2a: air miss
|-heal|p2a: air miss|355\/374
|move|p1a: Tau|Seismic Toss|p2a: air miss
|-damage|p2a: air miss|255\/374
|
|-heal|p1a: Tau|616\/714|[from] item: Leftovers
|turn|25
|
|move|p2a: air miss|Air Slash|p1a: Tau
|-damage|p1a: Tau|285\/714
|move|p1a: Tau|Seismic Toss|p2a: air miss
|-damage|p2a: air miss|155\/374
|
|-heal|p1a: Tau|329\/714|[from] item: Leftovers
|turn|26
|
|move|p2a: air miss|Roost|p2a: air miss
|-heal|p2a: air miss|342\/374
|move|p1a: Tau|Seismic Toss|p2a: air miss
|-damage|p2a: air miss|242\/374
|
|-heal|p1a: Tau|373\/714|[from] item: Leftovers
|turn|27
|join|watfor
|
|move|p2a: air miss|Roost|p2a: air miss
|-heal|p2a: air miss|374\/374
|move|p1a: Tau|Seismic Toss|p2a: air miss
|-damage|p2a: air miss|274\/374
|
|-heal|p1a: Tau|417\/714|[from] item: Leftovers
|turn|28
|
|move|p2a: air miss|Air Slash|p1a: Tau
|-damage|p1a: Tau|90\/714
|cant|p1a: Tau|flinch
|
|-heal|p1a: Tau|134\/714|[from] item: Leftovers
|turn|29
|
|move|p2a: air miss|Air Slash|p1a: Tau
|-damage|p1a: Tau|0 fnt
|faint|p1a: Tau
|
|
|switch|p1a: Beta|Crobat, F|325\/325
|-damage|p1a: Beta|244\/325|[from] Stealth Rock
|turn|30
|
|move|p1a: Beta|Acrobatics|p2a: air miss
|-damage|p2a: air miss|130\/374
|move|p2a: air miss|Air Slash|p1a: Beta
|-damage|p1a: Beta|0 fnt
|faint|p1a: Beta
|
|join|Psychotic
|
|switch|p1a: Omega|Togekiss, M|311\/311
|-damage|p1a: Omega|234\/311|[from] Stealth Rock
|turn|31
|c|âMeruu|psychotic ur spread is aids
|
|move|p1a: Omega|Air Slash|p2a: air miss
|-damage|p2a: air miss|13\/374
|cant|p2a: air miss|flinch
|
|-heal|p1a: Omega|253\/311|[from] item: Leftovers
|turn|32
|c|âBob The Bro|pls be modest
|leave|Psychotic
|c| watfor|hi frens
|c| watfor|bobo n meru n_n
|
|switch|p2a: thuggy|Dugtrio, M|211\/211
|-damage|p2a: thuggy|198\/211|[from] Stealth Rock
|move|p1a: Omega|Dazzling Gleam|p2a: thuggy
|-damage|p2a: thuggy|18\/211
|
|-heal|p1a: Omega|272\/311|[from] item: Leftovers
|turn|33
|c|âBob The Bro|hihiwot5
|
|switch|p1a: Delta|Alomomola, F|534\/534
|-damage|p1a: Delta|468\/534|[from] Stealth Rock
|move|p2a: thuggy|Stone Edge|p1a: Delta
|-damage|p1a: Delta|370\/534
|
|turn|34
|c|âMeruu|kk thats all
|c|âMeruu|i wanted
|
|switch|p2a: Forretress|Forretress, M|354\/354
|-damage|p2a: Forretress|310\/354|[from] Stealth Rock
|move|p1a: Delta|Wish|p1a: Delta
|
|-heal|p2a: Forretress|332\/354|[from] item: Leftovers
|turn|35
|
|switch|p1a: Rho|Aggron-Mega, M|98\/344
|-damage|p1a: Rho|77\/344|[from] Stealth Rock
|move|p2a: Forretress|Rapid Spin|p1a: Rho
|-crit|p1a: Rho
|-resisted|p1a: Rho
|-damage|p1a: Rho|71\/344
|-sideend|p2: Meruu|Stealth Rock|[from] move: Rapid Spin|[of] p2a: Forretress
|
|-heal|p1a: Rho|338\/344|[from] move: Wish|[wisher] Delta
|-heal|p2a: Forretress|354\/354|[from] item: Leftovers
|turn|36
|
|switch|p2a: meru|Vaporeon, F|313\/451
|move|p1a: Rho|Stealth Rock|p2a: meru
|-sidestart|p2: Meruu|move: Stealth Rock
|
|-heal|p2a: meru|341\/451|[from] item: Leftovers
|turn|37
|join|YoungLegend
|
|switch|p1a: Omega|Togekiss, M|272\/311
|-damage|p1a: Omega|195\/311|[from] Stealth Rock
|move|p2a: meru|Scald|p1a: Omega
|-damage|p1a: Omega|110\/311
|-status|p1a: Omega|brn
|
|-heal|p1a: Omega|129\/311 brn|[from] item: Leftovers
|-heal|p2a: meru|369\/451|[from] item: Leftovers
|-damage|p1a: Omega|91\/311 brn|[from] brn
|turn|38
|
|switch|p2a: Forretress|Forretress, M|354\/354
|-damage|p2a: Forretress|310\/354|[from] Stealth Rock
|move|p1a: Omega|Roost|p1a: Omega
|-heal|p1a: Omega|247\/311 brn
|
|-heal|p1a: Omega|266\/311 brn|[from] item: Leftovers
|-heal|p2a: Forretress|332\/354|[from] item: Leftovers
|-damage|p1a: Omega|228\/311 brn|[from] brn
|turn|39
|
|move|p1a: Omega|Air Slash|p2a: Forretress
|-damage|p2a: Forretress|164\/354
|move|p2a: Forretress|Rapid Spin|p1a: Omega
|-damage|p1a: Omega|212\/311 brn
|-sideend|p2: Meruu|Stealth Rock|[from] move: Rapid Spin|[of] p2a: Forretress
|
|-heal|p1a: Omega|231\/311 brn|[from] item: Leftovers
|-heal|p2a: Forretress|186\/354|[from] item: Leftovers
|-damage|p1a: Omega|193\/311 brn|[from] brn
|turn|40
|c|âMeruu|kewl
|
|move|p1a: Omega|Air Slash|p2a: Forretress
|-damage|p2a: Forretress|21\/354
|move|p2a: Forretress|Volt Switch|p1a: Omega
|-supereffective|p1a: Omega
|-damage|p1a: Omega|131\/311 brn
|
|switch|p2a: Raikou|Raikou|30\/321
|-ability|p2a: Raikou|Pressure
|
|-heal|p1a: Omega|150\/311 brn|[from] item: Leftovers
|-damage|p1a: Omega|112\/311 brn|[from] brn
|turn|41
|
|switch|p1a: Phi|Krookodile, M|125\/331
|-damage|p1a: Phi|105\/331|[from] Stealth Rock
|-ability|p1a: Phi|Intimidate|[of] p2a: Raikou
|-unboost|p2a: Raikou|atk|1
|move|p2a: Raikou|Volt Switch|p1a: Phi
|-immune|p1a: Phi|[msg]
|
|turn|42
|
|move|p2a: Raikou|Hidden Power|p1a: Phi
|-supereffective|p1a: Phi
|-damage|p1a: Phi|0 fnt
|faint|p1a: Phi
|
|
|switch|p1a: Rho|Aggron-Mega, M|338\/344
|-damage|p1a: Rho|317\/344|[from] Stealth Rock
|turn|43
|
|move|p2a: Raikou|Volt Switch|p1a: Rho
|-damage|p1a: Rho|230\/344
|
|switch|p2a: thuggy|Dugtrio, M|18\/211
|move|p1a: Rho|Stealth Rock|p2a: thuggy
|-sidestart|p2: Meruu|move: Stealth Rock
|
|turn|44
|
|move|p2a: thuggy|Earthquake|p1a: Rho
|-supereffective|p1a: Rho
|-damage|p1a: Rho|89\/344
|move|p1a: Rho|Heavy Slam|p2a: thuggy
|-damage|p2a: thuggy|0 fnt
|faint|p2a: thuggy
|
|c|âMeruu|o i should've
|c|âMeruu|tbolted
|c|âMeruu|huh
|c|âMeruu|what a choke
|c|âMeruu|bop
|
|switch|p2a: Hydreigon|Hydreigon, F|325\/325
|-damage|p2a: Hydreigon|285\/325|[from] Stealth Rock
|turn|45
|c|âBob The Bro|drei wins tbh
|join|so dynamic
|c|âMeruu|dont i have to like
|c|âMeruu|flinch mola
|
|move|p2a: Hydreigon|Dark Pulse|p1a: Rho
|-damage|p1a: Rho|0 fnt
|faint|p1a: Rho
|
|c|âMeruu|o.o
|
|switch|p1a: Omega|Togekiss, M|112\/311 brn
|-damage|p1a: Omega|35\/311 brn|[from] Stealth Rock
|turn|46
|
|move|p2a: Hydreigon|Dark Pulse|p1a: Omega
|-resisted|p1a: Omega
|-damage|p1a: Omega|0 fnt
|faint|p1a: Omega
|
|c|âMeruu|nigga
|c|âMeruu|ur too fast
|
|switch|p1a: Delta|Alomomola, F|534\/534
|-damage|p1a: Delta|468\/534|[from] Stealth Rock
|turn|47
|c|âMeruu|dont even bluff,,
|c| watfor|dazzling gleam alom
|c| watfor|go
|
|switch|p2a: Raikou|Raikou|30\/321
|-damage|p2a: Raikou|0 fnt|[from] Stealth Rock
|faint|p2a: Raikou
|move|p1a: Delta|Toxic|p2: Raikou|[notarget]
|-notarget
|
|c|âMeruu|i have
|c|âMeruu|way too much death fodder
|
|switch|p2a: meru|Vaporeon, F|369\/451
|-damage|p2a: meru|313\/451|[from] Stealth Rock
|turn|48
|c|âBob The Bro|its ogre
|c|âBob The Bro|tbh
|
|move|p1a: Delta|Toxic|p2a: meru
|-status|p2a: meru|tox
|move|p2a: meru|Scald|p1a: Delta
|-resisted|p1a: Delta
|-damage|p1a: Delta|369\/534
|-status|p1a: Delta|brn
|
|-heal|p2a: meru|341\/451 tox|[from] item: Leftovers
|-damage|p1a: Delta|303\/534 brn|[from] brn
|-damage|p2a: meru|313\/451 tox|[from] psn
|turn|49
|
|move|p1a: Delta|Wish|p1a: Delta
|move|p2a: meru|Wish|p2a: meru
|
|-heal|p2a: meru|341\/451 tox|[from] item: Leftovers
|-damage|p1a: Delta|237\/534 brn|[from] brn
|-damage|p2a: meru|285\/451 tox|[from] psn
|turn|50
|
|switch|p2a: Hydreigon|Hydreigon, F|285\/325
|-damage|p2a: Hydreigon|245\/325|[from] Stealth Rock
|move|p1a: Delta|Knock Off|p2a: Hydreigon
|-resisted|p2a: Hydreigon
|-damage|p2a: Hydreigon|228\/325
|-enditem|p2a: Hydreigon|Choice Scarf|[from] move: Knock Off|[of] p1a: Delta
|
|-heal|p1a: Delta|504\/534 brn|[from] move: Wish|[wisher] Delta
|-heal|p2a: Hydreigon|325\/325|[from] move: Wish|[wisher] meru
|-damage|p1a: Delta|438\/534 brn|[from] brn
|turn|51
|c|âMeruu|ty
|join|Nas
|
|move|p2a: Hydreigon|Dark Pulse|p1a: Delta
|-damage|p1a: Delta|171\/534 brn
|cant|p1a: Delta|flinch
|
|-damage|p1a: Delta|105\/534 brn|[from] brn
|turn|52
|leave|Nas
|
|move|p2a: Hydreigon|Dark Pulse|p1a: Delta
|-damage|p1a: Delta|0 fnt
|faint|p1a: Delta
|
|win|Meruu
|raw|Ladder updating...
|raw|Bob The Bro's rating: 1830 &rarr; <strong>1800<\/strong><br \/>(-30 for losing)
|raw|Meruu's rating: 1623 &rarr; <strong>1654<\/strong><br \/>(+31 for winning)
|leave|so dynamic