|join|Luna ladders
|join|Bob the Bro
|player|p1|Luna ladders|280
|player|p2|Bob the Bro|23
|gametype|singles
|gen|6
|tier|UU
|rule|Sleep Clause Mod: Limit one foe put to sleep
|rule|Species Clause: Limit one of each PokÃ©mon
|rule|OHKO Clause: OHKO moves are banned
|rule|Moody Clause: Moody is banned
|rule|Evasion Moves Clause: Evasion moves are banned
|rule|Endless Battle Clause: Forcing endless battles is banned
|rule|HP Percentage Mod: HP is shown in percentages
|clearpoke
|poke|p1|Chandelure, F
|poke|p1|Blissey, F
|poke|p1|Togetic, F
|poke|p1|Tentacruel, M
|poke|p1|Aggron, M
|poke|p1|Jirachi
|poke|p2|Hydreigon, F
|poke|p2|Vaporeon, F
|poke|p2|Zygarde
|poke|p2|Aggron, M
|poke|p2|Togetic, M
|poke|p2|Reuniclus, M
|rule|Swagger Clause: Swagger is banned
|rule|Baton Pass Clause: Limit one PokÃ©mon knowing Baton Pass
|teampreview
|join|DrReuniclus3
|c|âLuna ladders|no
|c|âLuna ladders|no
|c|âLuna ladders|no
|c|âLuna ladders|no
|c|âLuna ladders|not
|c| DrReuniclus3|Reuniclus
|c| DrReuniclus3|win
|c| DrReuniclus3|s
|c|âLuna ladders|reun
|c|âLuna ladders|no
|c|âLuna ladders|no
|join|Gay Bear Sex
|c|âLuna ladders|no
|
|start
|switch|p1a: geo pls|Jirachi|341\/341
|switch|p2a: Aggron|Aggron, M|344\/344
|turn|1
|c|âBob the Bro|leggo fgt
|
|detailschange|p2a: Aggron|Aggron-Mega, M
|-mega|p2a: Aggron|Aggron|Aggronite
|move|p1a: geo pls|U-turn|p2a: Aggron
|-resisted|p2a: Aggron
|-damage|p2a: Aggron|327\/344
|
|switch|p1a: ()|Tentacruel, M|364\/364
|move|p2a: Aggron|Stealth Rock|p1a: ()
|-sidestart|p1: Luna ladders|move: Stealth Rock
|
|turn|2
|c|âLuna ladders|I like
|
|move|p1a: ()|Rapid Spin|p2a: Aggron
|-resisted|p2a: Aggron
|-damage|p2a: Aggron|324\/344
|-sideend|p1: Luna ladders|Stealth Rock|[from] move: Rapid Spin|[of] p1a: ()
|move|p2a: Aggron|Earthquake|p1a: ()
|-supereffective|p1a: ()
|-damage|p1a: ()|158\/364
|
|-heal|p1a: ()|180\/364|[from] item: Black Sludge
|turn|3
|c|âLuna ladders|your strats
|c|âLuna ladders|bb
|c|âBob the Bro|<4
|join|DatGuyChuck
|
|move|p1a: ()|Scald|p2a: Aggron
|-damage|p2a: Aggron|263\/344
|move|p2a: Aggron|Stealth Rock|p1a: ()
|-sidestart|p1: Luna ladders|move: Stealth Rock
|
|-heal|p1a: ()|202\/364|[from] item: Black Sludge
|turn|4
|
|move|p1a: ()|Scald|p2a: Aggron
|-damage|p2a: Aggron|203\/344
|move|p2a: Aggron|Earthquake|p1a: ()
|-supereffective|p1a: ()
|-damage|p1a: ()|0 fnt
|faint|p1a: ()
|
|c| DatGuyChuck|luna doesnt ladder
|c|âLuna ladders|does
|c|âLuna ladders|scald
|c|âLuna ladders|burn?
|c| DatGuyChuck|no
|c|âLuna ladders|???????
|c|âBob the Bro|water veil aggron
|c|âLuna ladders|o nb
|c|âBob the Bro|dont you dare forfeit
|
|switch|p1a: (o++o)|Chandelure, F|323\/323
|-damage|p1a: (o++o)|243\/323|[from] Stealth Rock
|turn|5
|c|âLuna ladders|I'm not going to
|c|âBob the Bro|i have to reveal my retarded sets
|c|âLuna ladders|but my team
|c|âLuna ladders|oml
|c|âLuna ladders|you have bad sets
|c|âLuna ladders|say choice band reun
|c|âLuna ladders|pls
|c|âBob the Bro|choice scarf reuniclus
|
|switch|p2a: Zygarde|Zygarde|405\/405
|-ability|p2a: Zygarde|Aura Break
|move|p1a: (o++o)|Fire Blast|p2a: Zygarde
|-crit|p2a: Zygarde
|-resisted|p2a: Zygarde
|-damage|p2a: Zygarde|271\/405
|
|-heal|p2a: Zygarde|296\/405|[from] item: Leftovers
|-heal|p1a: (o++o)|263\/323|[from] item: Leftovers
|turn|6
|c|âLuna ladders|nice
|c|âLuna ladders|burn
|leave|DatGuyChuck
|
|switch|p2a: Aggron|Aggron-Mega, M|203\/344
|switch|p1a: Togetic|Togetic, F|314\/314
|-damage|p1a: Togetic|236\/314|[from] Stealth Rock
|
|turn|7
|join|millow
|c|âBob the Bro|3ez5me
|
|switch|p1a: Aggron|Aggron, M|344\/344
|-damage|p1a: Aggron|323\/344|[from] Stealth Rock
|move|p2a: Aggron|Heavy Slam|p1a: Aggron
|-damage|p1a: Aggron|284\/344
|
|turn|8
|c|âLuna ladders|;-;
|c|âLuna ladders|pls
|
|detailschange|p1a: Aggron|Aggron-Mega, M
|-mega|p1a: Aggron|Aggron|Aggronite
|move|p1a: Aggron|Fire Blast|p2a: Aggron
|-supereffective|p2a: Aggron
|-damage|p2a: Aggron|134\/344
|move|p2a: Aggron|Earthquake|p1a: Aggron
|-supereffective|p1a: Aggron
|-damage|p1a: Aggron|203\/344
|
|turn|9
|c|âLuna ladders|xD
|c|âBob the Bro|oml
|c|âLuna ladders|hahahah
|c|âBob the Bro|too real
|c| DrReuniclus3|kekkkk
|c|âBob the Bro|the forry counter
|
|switch|p2a: Vaporeon|Vaporeon, F|464\/464
|move|p1a: Aggron|Fire Blast|p2a: Vaporeon
|-resisted|p2a: Vaporeon
|-damage|p2a: Vaporeon|438\/464
|
|-heal|p2a: Vaporeon|464\/464|[from] item: Leftovers
|turn|10
|c|âLuna ladders|y
|c| DrReuniclus3|FB Maggron
|c|âLuna ladders|too many burns
|
|move|p1a: Aggron|Stealth Rock|p2a: Vaporeon
|-sidestart|p2: Bob the Bro|move: Stealth Rock
|move|p2a: Vaporeon|Scald|p1a: Aggron
|-damage|p1a: Aggron|118\/344
|
|turn|11
|c|âBob the Bro|can that ohko forry?
|c|âLuna ladders|idk
|
|switch|p1a: not luna|Blissey, F|714\/714
|-damage|p1a: not luna|625\/714|[from] Stealth Rock
|move|p2a: Vaporeon|Baton Pass|p2a: Vaporeon
|c|âLuna ladders|doubt it
|c|âBob the Bro|rip
|
|switch|p2a: Aggron|Aggron-Mega, M|134\/344
|-damage|p2a: Aggron|113\/344|[from] Stealth Rock
|
|-heal|p1a: not luna|669\/714|[from] item: Leftovers
|turn|12
|leave|millow
|c|âBob the Bro|oh doesnt even come close to ohkoing
|c|âLuna ladders|0- SpA Mega Aggron Fire Blast vs. 248 HP \/ 0+ SpD Forretress: 260-308 (73.6 - 87.2%) -- guaranteed 2HKO after Leftovers recovery
|c|âLuna ladders|still stronf
|
|move|p1a: not luna|Seismic Toss|p2a: Aggron
|-damage|p2a: Aggron|13\/344
|move|p2a: Aggron|Heavy Slam|p1a: not luna
|-damage|p1a: not luna|314\/714
|
|-heal|p1a: not luna|358\/714|[from] item: Leftovers
|turn|13
|join|Kuza
|
|move|p1a: not luna|Seismic Toss|p2a: Aggron
|-damage|p2a: Aggron|0 fnt
|faint|p2a: Aggron
|
|-heal|p1a: not luna|402\/714|[from] item: Leftovers
|c| Kuza|damn
|c| DrReuniclus3|I mean it did less than eq on a maggron
|c|âLuna ladders|true
|c| Kuza|luna vs bro the bob
|c|âLuna ladders|ikr
|
|switch|p2a: Hydreigon|Hydreigon, F|325\/325
|-damage|p2a: Hydreigon|285\/325|[from] Stealth Rock
|turn|14
|c|âLuna ladders|inb4 taunt
|c|âBob the Bro|im work up lol
|c| Kuza|togetic is bae af
|c|âLuna ladders|o nb
|c|âLuna ladders|wait
|c|âLuna ladders|you actually are aren;t you
|c| Kuza|gleam blissey
|c|âBob the Bro|idk
|c|âLuna ladders|kek
|c|âBob the Bro|do you believe me
|c|âLuna ladders|y tbh
|c| Kuza|luna
|c|âLuna ladders|y
|c| Kuza|voice me fgt
|
|move|p2a: Hydreigon|Draco Meteor|p1a: not luna
|-damage|p1a: not luna|230\/714
|-unboost|p2a: Hydreigon|spa|2
|-damage|p2a: Hydreigon|253\/325|[from] item: Life Orb
|move|p1a: not luna|Toxic|p2a: Hydreigon
|-status|p2a: Hydreigon|tox
|
|-heal|p1a: not luna|274\/714|[from] item: Leftovers
|-damage|p2a: Hydreigon|233\/325 tox|[from] psn
|turn|15
Kuza was promoted to Room Voice by Luna ladders.
|c|âBob the Bro|oh
|c|âBob the Bro|rip
|c|âLuna ladders|o
|c| DrReuniclus3|pl8 spam
|c| DrReuniclus3|imo
|c|âLuna ladders|sub work up where?
DrReuniclus3 was promoted to Room Voice by Luna ladders.
|
|switch|p2a: Togetic|Togetic, M|313\/313
|-damage|p2a: Togetic|235\/313|[from] Stealth Rock
|move|p1a: not luna|Protect|p1a: not luna
|-fail|p1a: not luna
|
|-heal|p1a: not luna|318\/714|[from] item: Leftovers
|turn|16
|c|âBob the Bro|ok i lied
|c|âLuna ladders|kek
|
|move|p1a: not luna|Wish|p1a: not luna
|move|p2a: Togetic|Heal Bell|p2a: Togetic
|-cureteam|p2a: Togetic|[from] move: HealBell
|
|-heal|p1a: not luna|362\/714|[from] item: Leftovers
|turn|17
|
|switch|p2a: Vaporeon|Vaporeon, F|464\/464
|-damage|p2a: Vaporeon|406\/464|[from] Stealth Rock
|move|p1a: not luna|Toxic|p2a: Vaporeon
|-status|p2a: Vaporeon|tox
|
|-heal|p1a: not luna|714\/714|[from] move: Wish|[wisher] not luna
|-heal|p2a: Vaporeon|435\/464 tox|[from] item: Leftovers
|-damage|p2a: Vaporeon|406\/464 tox|[from] psn
|turn|18
|c|âBob the Bro|how do i beat blis+toge
|c|âBob the Bro|i dont even
|
|move|p1a: not luna|Seismic Toss|p2a: Vaporeon
|-damage|p2a: Vaporeon|306\/464 tox
|move|p2a: Vaporeon|Wish|p2a: Vaporeon
|
|-heal|p2a: Vaporeon|335\/464 tox|[from] item: Leftovers
|-damage|p2a: Vaporeon|277\/464 tox|[from] psn
|turn|19
|c|âLuna ladders|no one runs bliss toge
|c|+Kuza|!dt baeporeon
No Pokemon, item, move, ability or nature named 'baeporeon' was found. Showing the data of 'Vaporeon' instead.
|c|~|\/data-pokemon Vaporeon
|raw|<font size="1"><font color=#585858>Dex#:<\/font> 134&nbsp;|&ThickSpace;<font color=#585858>Height:<\/font> 1 m&nbsp;|&ThickSpace;<font color=#585858>Weight:<\/font> 29 kg <em>(60 BP)<\/em>&nbsp;|&ThickSpace;<font color=#585858>Dex Colour:<\/font> Blue&nbsp;|&ThickSpace;<font color=#585858>Egg Group(s):<\/font> Field&nbsp;|&ThickSpace;<font color=#585858><font color=#585858>Does Not Evolve<\/font><\/font><\/font>
|
|move|p1a: not luna|Seismic Toss|p2a: Vaporeon
|-damage|p2a: Vaporeon|177\/464 tox
|move|p2a: Vaporeon|Baton Pass|p2a: Vaporeon
|
|switch|p2a: Hydreigon|Hydreigon, F|233\/325
|-damage|p2a: Hydreigon|193\/325|[from] Stealth Rock
|
|-heal|p2a: Hydreigon|325\/325|[from] move: Wish|[wisher] Vaporeon
|turn|20
|
|switch|p2a: Reuniclus|Reuniclus, M|424\/424
|move|p1a: not luna|Protect|p1a: not luna
|-fail|p1a: not luna
|
|turn|21
|c|âLuna ladders|I need
|
|switch|p1a: geo pls|Jirachi|341\/341
|-damage|p1a: geo pls|320\/341|[from] Stealth Rock
|move|p2a: Reuniclus|Psyshock|p1a: geo pls
|-resisted|p1a: geo pls
|-damage|p1a: geo pls|291\/341
|
|turn|22
|c|âLuna ladders|that thing
|
|switch|p2a: Vaporeon|Vaporeon, F|177\/464 tox
|-damage|p2a: Vaporeon|119\/464 tox|[from] Stealth Rock
|move|p1a: geo pls|Iron Head|p2a: Vaporeon
|-resisted|p2a: Vaporeon
|-damage|p2a: Vaporeon|65\/464 tox
|
|-heal|p2a: Vaporeon|94\/464 tox|[from] item: Leftovers
|-damage|p2a: Vaporeon|65\/464 tox|[from] psn
|turn|23
|
|move|p1a: geo pls|Iron Head|p2a: Vaporeon
|-resisted|p2a: Vaporeon
|-damage|p2a: Vaporeon|11\/464 tox
|move|p2a: Vaporeon|Scald|p1a: geo pls
|-damage|p1a: geo pls|182\/341
|
|-heal|p2a: Vaporeon|40\/464 tox|[from] item: Leftovers
|-damage|p2a: Vaporeon|0 fnt|[from] psn
|faint|p2a: Vaporeon
|
|switch|p2a: Zygarde|Zygarde|296\/405
|-damage|p2a: Zygarde|271\/405|[from] Stealth Rock
|-ability|p2a: Zygarde|Aura Break
|turn|24
|c|+Kuza|jewrachi
|c|+Kuza|wins
|
|switch|p1a: Togetic|Togetic, F|236\/314
|-damage|p1a: Togetic|158\/314|[from] Stealth Rock
|switch|p2a: Reuniclus|Reuniclus, M|424\/424
|
|turn|25
|
|move|p1a: Togetic|Defog|p2a: Reuniclus
|-unboost|p2a: Reuniclus|evasion|1
|-sideend|p2: Bob the Bro|Stealth Rock|[from] move: Defog|[of] p2a: Reuniclus
|-sideend|p1: Luna ladders|Stealth Rock|[from] move: Defog|[of] p1a: Togetic
|move|p2a: Reuniclus|Psyshock|p1a: Togetic
|-damage|p1a: Togetic|101\/314
|
|turn|26
|c|âBob the Bro|fkn did nothing
|c|âBob the Bro|rip
|
|move|p1a: Togetic|Roost|p1a: Togetic
|-heal|p1a: Togetic|258\/314
|move|p2a: Reuniclus|Calm Mind|p2a: Reuniclus
|-boost|p2a: Reuniclus|spa|1
|-boost|p2a: Reuniclus|spd|1
|
|turn|27
|c|+Kuza|encore
|
|switch|p1a: geo pls|Jirachi|182\/341
|move|p2a: Reuniclus|Psyshock|p1a: geo pls
|-resisted|p1a: geo pls
|-damage|p1a: geo pls|139\/341
|
|turn|28
|c|+Kuza|here
|
|move|p1a: geo pls|Iron Head|p2a: Reuniclus
|-damage|p2a: Reuniclus|312\/424
|cant|p2a: Reuniclus|flinch
|
|-heal|p2a: Reuniclus|338\/424|[from] item: Leftovers
|turn|29
|c|âLuna ladders|o
|c|âLuna ladders|no switch
|
|move|p1a: geo pls|Iron Head|p2a: Reuniclus
|-damage|p2a: Reuniclus|229\/424
|cant|p2a: Reuniclus|flinch
|
|-heal|p2a: Reuniclus|255\/424|[from] item: Leftovers
|turn|30
|c|âBob the Bro|rip
|
|move|p1a: geo pls|Iron Head|p2a: Reuniclus
|-damage|p2a: Reuniclus|156\/424
|cant|p2a: Reuniclus|flinch
|
|-heal|p2a: Reuniclus|182\/424|[from] item: Leftovers
|turn|31
|
|move|p1a: geo pls|Iron Head|p2a: Reuniclus
|-damage|p2a: Reuniclus|83\/424
|move|p2a: Reuniclus|Focus Blast|p1a: geo pls
|-damage|p1a: geo pls|0 fnt
|faint|p1a: geo pls
|
|-heal|p2a: Reuniclus|109\/424|[from] item: Leftovers
|c|âLuna ladders|;-;
|
|switch|p1a: (o++o)|Chandelure, F|263\/323
|turn|32
|join|Legend of Fall
|
|switch|p2a: Hydreigon|Hydreigon, F|325\/325
|move|p1a: (o++o)|Shadow Ball|p2a: Hydreigon
|-resisted|p2a: Hydreigon
|-damage|p2a: Hydreigon|255\/325
|-unboost|p2a: Hydreigon|spd|1
|
|-heal|p1a: (o++o)|283\/323|[from] item: Leftovers
|turn|33
|c|+Kuza|\_(0++0)_\/*
|
|switch|p1a: Aggron|Aggron-Mega, M|118\/344
|move|p2a: Hydreigon|Iron Tail|p1a: Aggron|[miss]
|-miss|p2a: Hydreigon|p1a: Aggron
|
|turn|34
|c|âBob the Bro|oh
|c|âLuna ladders|o
|c|âBob the Bro|my ruse
|c|âLuna ladders|kek
|c|+DrReuniclus3|Its ogre
|
|move|p2a: Hydreigon|Superpower|p1a: Aggron
|-supereffective|p1a: Aggron
|-damage|p1a: Aggron|1\/344
|-unboost|p2a: Hydreigon|atk|1
|-unboost|p2a: Hydreigon|def|1
|-damage|p2a: Hydreigon|223\/325|[from] item: Life Orb
|move|p1a: Aggron|Heavy Slam|p2a: Hydreigon
|-crit|p2a: Hydreigon
|-damage|p2a: Hydreigon|0 fnt
|faint|p2a: Hydreigon
|
|c|âBob the Bro|fk
|c|âLuna ladders|and the crit
|c|âLuna ladders|oml
|c|+Kuza|skill
|c|âLuna ladders|^
|
|switch|p2a: Reuniclus|Reuniclus, M|109\/424
|turn|35
|
|move|p1a: Aggron|Heavy Slam|p2a: Reuniclus
|-damage|p2a: Reuniclus|0 fnt
|faint|p2a: Reuniclus
|
|c|âBob the Bro|and i was going to ohko that blis
|c|âLuna ladders|oml
|c|âLuna ladders|that
|c|âLuna ladders|was
|c|âLuna ladders|horrible
|c|+DrReuniclus3|:( it died
|leave|Legend of Fall
|
|switch|p2a: Zygarde|Zygarde|271\/405
|-ability|p2a: Zygarde|Aura Break
|turn|36
|c|+Kuza|aggron
|c|+DrReuniclus3|!dt ripuniclus
No Pokemon, item, move, ability or nature named 'ripuniclus' was found. Showing the data of 'Reuniclus' instead.
|c|~|\/data-pokemon Reuniclus
|raw|<font size="1"><font color=#585858>Dex#:<\/font> 579&nbsp;|&ThickSpace;<font color=#585858>Height:<\/font> 1 m&nbsp;|&ThickSpace;<font color=#585858>Weight:<\/font> 20.1 kg <em>(40 BP)<\/em>&nbsp;|&ThickSpace;<font color=#585858>Dex Colour:<\/font> Green&nbsp;|&ThickSpace;<font color=#585858>Egg Group(s):<\/font> Amorphous&nbsp;|&ThickSpace;<font color=#585858><font color=#585858>Does Not Evolve<\/font><\/font><\/font>
|c|+Kuza|is nice and fat
|
|switch|p1a: Togetic|Togetic, F|258\/314
|move|p2a: Zygarde|Earthquake|p1a: Togetic
|-immune|p1a: Togetic|[msg]
|
|-heal|p2a: Zygarde|296\/405|[from] item: Leftovers
|turn|37
|c|âLuna ladders|inb4
|
|move|p2a: Zygarde|Coil|p2a: Zygarde
|-boost|p2a: Zygarde|atk|1
|-boost|p2a: Zygarde|def|1
|-boost|p2a: Zygarde|accuracy|1
|move|p1a: Togetic|Dazzling Gleam|p2a: Zygarde
|-supereffective|p2a: Zygarde
|-damage|p2a: Zygarde|140\/405
|
|-heal|p2a: Zygarde|165\/405|[from] item: Leftovers
|turn|38
|c|âLuna ladders|poison something
|c|+Kuza|!dt asshole
No Pokemon, item, move, ability or nature named 'asshole' was found. Showing the data of 'Absol' instead.
|c|~|\/data-pokemon Absol
|raw|<font size="1"><font color=#585858>Dex#:<\/font> 359&nbsp;|&ThickSpace;<font color=#585858>Height:<\/font> 1.2 m&nbsp;|&ThickSpace;<font color=#585858>Weight:<\/font> 47 kg <em>(60 BP)<\/em>&nbsp;|&ThickSpace;<font color=#585858>Dex Colour:<\/font> White&nbsp;|&ThickSpace;<font color=#585858>Egg Group(s):<\/font> Field&nbsp;|&ThickSpace;<font color=#585858><font color=#585858>Does Not Evolve<\/font><\/font><\/font>
|-message|Bob the Bro forfeited.
|
|move|p1a: Togetic|Dazzling Gleam|p2a: Zygarde
|-supereffective|p2a: Zygarde
|-damage|p2a: Zygarde|9\/405
|move|p2a: Zygarde|Dragon Tail|p1a: Togetic
|-immune|p1a: Togetic|[msg]
|
|-heal|p2a: Zygarde|34\/405|[from] item: Leftovers
|turn|39
|
|win|Luna ladders
|c|âBob the Bro|rip life
|c|âLuna ladders|:O
|c|âLuna ladders|I
|c|âLuna ladders|BEAT
|c|âLuna ladders|BOB
|c|âLuna ladders|oml
|c|+DrReuniclus3|Take a picture
|c|âLuna ladders|^
|c|+DrReuniclus3|Check ur ladder rank owait
|c|âLuna ladders|ty for the game bobo
|c|âBob the Bro|lol np
|c|âBob the Bro|brb gotta pee
|leave|Bob the Bro
|player|p2
|c|+Kuza|!dt celebrate
|c|~|\/data-move Celebrate
|raw|<font size="1"><font color=#585858>Priority:<\/font> 0&nbsp;|&ThickSpace;<font color=#585858>Target:<\/font> User<\/font>
|c|+Kuza|celebrate
|c|+Kuza|this glorious day
|c|âLuna ladders|^^^^
|c|âLuna ladders|xD
|join|MemeVaria
|leave|DrReuniclus3
|leave|Gay Bear Sex
|join|Keks in the City
|join|Bob the Bro
|leave|MemeVaria
|leave|Bob the Bro
|join|Triple Doge