|join|BurstStream
|join|Bob the Bro
|player|p1|BurstStream|99
|player|p2|Bob the Bro|23
|gametype|singles
|gen|6
|tier|UU
|rule|Sleep Clause Mod: Limit one foe put to sleep
|rule|Species Clause: Limit one of each PokÃ©mon
|rule|OHKO Clause: OHKO moves are banned
|rule|Moody Clause: Moody is banned
|rule|Evasion Moves Clause: Evasion moves are banned
|rule|Endless Battle Clause: Forcing endless battles is banned
|rule|HP Percentage Mod: HP is shown in percentages
|clearpoke
|poke|p1|Honchkrow, M
|poke|p1|Ampharos, M
|poke|p1|Jirachi, shiny
|poke|p1|Vaporeon, M
|poke|p1|Forretress, F, shiny
|poke|p1|Alakazam, F
|poke|p2|Starmie
|poke|p2|Aerodactyl, F
|poke|p2|Machamp, M
|poke|p2|Forretress, F
|poke|p2|Chandelure, F
|poke|p2|Blissey, F
|rule|Swagger Clause: Swagger is banned
|rule|Baton Pass Clause: Limit one PokÃ©mon knowing Baton Pass
|teampreview
|join|Cyndequil
|join|Latios pls
|c|âBurstStream|wait
|c|âBurstStream|I face you round 1 again?
|join|The UUser
|c|âBob the Bro|this team is garb
|join|waiv
|c|âBurstStream|all my teams are garb 
|c| waiv|AHHA
|
|start
|switch|p1a: L'oreal|Ampharos, M|372\/372
|switch|p2a: Machamp|Machamp, M|363\/363
|turn|1
|c| waiv|EVEN BOBS OFFENSIVE TEAM
|leave|Cyndequil
|c| waiv|HAS BLISSEY
|c| waiv|:D
|
|detailschange|p1a: L'oreal|Ampharos-Mega, M
|message|Ampharos has Mega Evolved into Mega Ampharos!
|-ability|p1a: L'oreal|Mold Breaker
|move|p2a: Machamp|Close Combat|p1a: L'oreal
|-damage|p1a: L'oreal|11\/372
|-unboost|p2a: Machamp|def|1
|-unboost|p2a: Machamp|spd|1
|move|p1a: L'oreal|Volt Switch|p2a: Machamp
|-damage|p2a: Machamp|57\/363
|c| waiv|rip
|c|âBob the Bro|fk
|join|DMT
|
|switch|p1a: Krowleone|Honchkrow, M|341\/341
|
|turn|2
|c| waiv|you hav blissey m8
|c| waiv|:|
|c|âBob the Bro|pursuit if real
|c| waiv|he's realest
|c|+DMT|where's the switchin!
|c| waiv|blissey is switch in
|c|+DMT|tru
|c|âBob the Bro|who needs synergy tbh
|
|move|p1a: Krowleone|Pursuit|p2a: Machamp|[from]Pursuit
|-resisted|p2a: Machamp
|-damage|p2a: Machamp|0 fnt
|-damage|p1a: Krowleone|307\/341|[from] item: Life Orb
|faint|p2a: Machamp
|-boost|p1a: Krowleone|atk|1|[from] ability: Moxie
|
|c| waiv|realest
|c| The UUser|nice and real
|
|switch|p2a: Aerodactyl|Aerodactyl, F|301\/301
|-ability|p2a: Aerodactyl|Pressure
|turn|3
|c| waiv|does aero live sucker? :S
|
|detailschange|p2a: Aerodactyl|Aerodactyl-Mega, F
|message|Aerodactyl has Mega Evolved into Mega Aerodactyl!
|move|p1a: Krowleone|Sucker Punch|p2a: Aerodactyl
|-fail|p2a: Aerodactyl
|move|p2a: Aerodactyl|Hone Claws|p2a: Aerodactyl
|-boost|p2a: Aerodactyl|atk|1
|-boost|p2a: Aerodactyl|accuracy|1
|
|turn|4
|c|âBurstStream|hurray for mindgames
|c|+DMT|:O
|c|+DMT|bb here easy
|c|âBob the Bro|honch anals this team tbh
|c| waiv|ye but
|c|âBurstStream|I'm gonna misspredict 
|c| waiv|maybe honch likes anal bob
|c| waiv|:|
|c| waiv||:
|
|move|p2a: Aerodactyl|Stone Edge|p1a: Krowleone
|-supereffective|p1a: Krowleone
|-damage|p1a: Krowleone|0 fnt
|faint|p1a: Krowleone
|
|join|Calloflochie
|c|âBob the Bro|rip
|c|âBurstStream|kknew it
|c|+DMT|:x
|c|+DMT|I told you to sucker
|c|âBurstStream|this is what I get
|c|+DMT|DMT: sucker!
|c|âBurstStream|for lissening to DMT
|
|switch|p1a: Jirachi|Jirachi, shiny|342\/342
|turn|5
|c| waiv|hahaha
|
|move|p1a: Jirachi|Iron Head|p2a: Aerodactyl
|-supereffective|p2a: Aerodactyl
|-damage|p2a: Aerodactyl|47\/301
|move|p2a: Aerodactyl|Aqua Tail|p1a: Jirachi
|-damage|p1a: Jirachi|97\/342
|
|turn|6
|
|switch|p1a: Vaporeon|Vaporeon, M|456\/456
|switch|p2a: Forretress|Forretress, F|354\/354
|
|turn|7
|c|+Calloflochie|mfw bob is playing offense
|
|move|p1a: Vaporeon|Scald|p2a: Forretress
|-damage|p2a: Forretress|197\/354
|move|p2a: Forretress|Stealth Rock|p1a: Vaporeon
|-sidestart|p1: BurstStream|move: Stealth Rock
|
|-heal|p2a: Forretress|219\/354|[from] item: Leftovers
|turn|8
|c|+Calloflochie|jk
|c| waiv|ikr callo
|c|+Calloflochie|blissey
|c|+Calloflochie|on offense
|c|+Calloflochie|zzzzz
|c| waiv|haha 
|c| waiv|exactly what i said
|c|âBob the Bro|yolo
|c| waiv|even bob's offence teams have blissey
|
|move|p1a: Vaporeon|Scald|p2a: Forretress
|-damage|p2a: Forretress|75\/354
|-status|p2a: Forretress|brn
|move|p2a: Forretress|Toxic|p1a: Vaporeon
|-status|p1a: Vaporeon|tox
|
|-heal|p2a: Forretress|97\/354 brn|[from] item: Leftovers
|-damage|p1a: Vaporeon|428\/456 tox|[from] psn
|-damage|p2a: Forretress|53\/354 brn|[from] brn
|turn|9
|c| The UUser|Blissey is a premier offensive mon
|c| The UUser|;p
|c|+DMT|volt if real bob
|c|âBob the Bro|its cm blis
|
|move|p1a: Vaporeon|Baton Pass|p1a: Vaporeon
|c|+DMT|did u volt
|c|âBob the Bro|ofc not
|c|+DMT|k
|c|+Calloflochie|what reason did he have
|c|+Calloflochie|not to volt
|c|+Calloflochie|-
|c|+DMT|cuz he was gunna die to another scald!
|c|+Calloflochie|dude
|c|+Calloflochie|he has offensive mon blissey
|c|+Calloflochie|to eat that incoming scald
|c|+DMT|you mean togekiss
|
|switch|p1a: Jirachi|Jirachi, shiny|97\/342
|-damage|p1a: Jirachi|76\/342|[from] Stealth Rock
|move|p2a: Forretress|Volt Switch|p1a: Jirachi
|-damage|p1a: Jirachi|38\/342
|join|YMAS5
|c|+Calloflochie|oml look at dis
|
|switch|p2a: Chandelure|Chandelure, F|261\/261
|
|turn|10
|c|+Calloflochie|~momentum~
|c|+Calloflochie|dude
|c| waiv|kek
|c|+Calloflochie|he can flinch u
|c|+Calloflochie|2 death
|c|+Calloflochie|at this point
|
|move|p1a: Jirachi|Iron Head|p2a: Chandelure
|-resisted|p2a: Chandelure
|-damage|p2a: Chandelure|201\/261
|cant|p2a: Chandelure|flinch
|
|turn|11
|c|+Calloflochie|he only have 3 resists
|c|+Calloflochie|gg
|c|+DMT|easy yeah
|c|âBob the Bro|i have reflect type on starmie
|c|+DMT|best play
|
|move|p1a: Jirachi|Iron Head|p2a: Chandelure
|-resisted|p2a: Chandelure
|-damage|p2a: Chandelure|131\/261
|move|p2a: Chandelure|Shadow Ball|p1a: Jirachi
|-supereffective|p1a: Jirachi
|-damage|p1a: Jirachi|0 fnt
|faint|p1a: Jirachi
|
|c|+Calloflochie|ofc
|
|switch|p1a: Vaporeon|Vaporeon, M|428\/456 tox
|-damage|p1a: Vaporeon|371\/456 tox|[from] Stealth Rock
|turn|12
|c|+Calloflochie|luck > skill
|c|+Calloflochie|oml
|
|switch|p2a: anal|Starmie|261\/261
|move|p1a: Vaporeon|Scald|p2a: anal
|-resisted|p2a: anal
|-damage|p2a: anal|203\/261
|
|-heal|p1a: Vaporeon|399\/456 tox|[from] item: Leftovers
|-damage|p1a: Vaporeon|371\/456 tox|[from] psn
|turn|13
|
|switch|p1a: Forretress|Forretress, F, shiny|354\/354
|-damage|p1a: Forretress|310\/354|[from] Stealth Rock
|move|p2a: anal|Psyshock|p1a: Forretress
|-resisted|p1a: Forretress
|-damage|p1a: Forretress|240\/354
|-damage|p2a: anal|177\/261|[from] item: Life Orb
|
|-heal|p1a: Forretress|262\/354|[from] item: Leftovers
|turn|14
|c|+Calloflochie|oml
|c|+Calloflochie|predicted
|
|move|p2a: anal|Hydro Pump|p1a: Forretress
|-crit|p1a: Forretress
|-damage|p1a: Forretress|0 fnt
|-damage|p2a: anal|151\/261|[from] item: Life Orb
|faint|p1a: Forretress
|
|c|+Calloflochie|-scub-
|c|+DMT|crit
|c|+DMT|crit
|c|+Calloflochie|ofc
|join|Treozucic
|c|+Calloflochie|lucky ass players
|
|switch|p1a: Alakazam|Alakazam, F|252\/252
|turn|15
|c|+Calloflochie|~
|
|switch|p2a: Forretress|Forretress, F|53\/354 brn
|move|p1a: Alakazam|Psyshock|p2a: Forretress
|-resisted|p2a: Forretress
|-damage|p2a: Forretress|13\/354 brn
|
|-heal|p2a: Forretress|35\/354 brn|[from] item: Leftovers
|-damage|p2a: Forretress|0 fnt|[from] brn
|faint|p2a: Forretress
|leave|Treozucic
|c|âBob the Bro|power
|
|switch|p2a: Blissey|Blissey, F|714\/714
|turn|16
|
|move|p1a: Alakazam|Psyshock|p2a: Blissey
|-damage|p2a: Blissey|438\/714
|move|p2a: Blissey|Seismic Toss|p1a: Alakazam
|-damage|p1a: Alakazam|152\/252
|
|-heal|p2a: Blissey|482\/714|[from] item: Leftovers
|turn|17
|join|Treozucic
|
|move|p1a: Alakazam|Encore|p2a: Blissey
|-start|p2a: Blissey|Encore
|move|p2a: Blissey|Seismic Toss|p1a: Alakazam
|-damage|p1a: Alakazam|52\/252
|
|-heal|p2a: Blissey|526\/714|[from] item: Leftovers
|turn|18
|
|switch|p2a: Aerodactyl|Aerodactyl-Mega, F|47\/301
|move|p1a: Alakazam|Psyshock|p2a: Aerodactyl
|-damage|p2a: Aerodactyl|0 fnt
|faint|p2a: Aerodactyl
|
|
|switch|p2a: Chandelure|Chandelure, F|131\/261
|turn|19
|
|switch|p1a: L'oreal|Ampharos-Mega, M|11\/372
|-damage|p1a: L'oreal|0 fnt|[from] Stealth Rock
|faint|p1a: L'oreal
|move|p2a: Chandelure|Energy Ball|p1: L'oreal|[notarget]
|-notarget
|
|join|Eyan
|
|switch|p1a: Alakazam|Alakazam, F|52\/252
|turn|20
|
|move|p2a: Chandelure|Energy Ball|p1a: Alakazam
|-damage|p1a: Alakazam|0 fnt
|faint|p1a: Alakazam
|
|
|switch|p1a: Vaporeon|Vaporeon, M|371\/456 tox
|-damage|p1a: Vaporeon|314\/456 tox|[from] Stealth Rock
|turn|21
|
|move|p2a: Chandelure|Energy Ball|p1a: Vaporeon
|-supereffective|p1a: Vaporeon
|-damage|p1a: Vaporeon|94\/456 tox
|move|p1a: Vaporeon|Scald|p2a: Chandelure
|-supereffective|p2a: Chandelure
|-damage|p2a: Chandelure|0 fnt
|faint|p2a: Chandelure
|
|-heal|p1a: Vaporeon|122\/456 tox|[from] item: Leftovers
|-damage|p1a: Vaporeon|94\/456 tox|[from] psn
|c| waiv|energy ball sweep
|
|switch|p2a: anal|Starmie|151\/261
|turn|22
|
|move|p2a: anal|Psyshock|p1a: Vaporeon
|-damage|p1a: Vaporeon|0 fnt
|-damage|p2a: anal|125\/261|[from] item: Life Orb
|faint|p1a: Vaporeon
|
|win|Bob the Bro
|leave|DMT
|leave|The UUser
|leave|Bob the Bro
|player|p2
|leave|BurstStream
|player|p1
|leave|waiv
|leave|YMAS5
|leave|Treozucic
|leave|Calloflochie