|join|Bob The Bro
|join|WhiteQueen
|player|p1|Bob The Bro|23
|player|p2|WhiteQueen|102
|gametype|singles
|gen|6
|tier|UU
|rated
|rule|Sleep Clause Mod: Limit one foe put to sleep
|rule|Species Clause: Limit one of each PokÃ©mon
|rule|OHKO Clause: OHKO moves are banned
|rule|Moody Clause: Moody is banned
|rule|Evasion Moves Clause: Evasion moves are banned
|rule|Endless Battle Clause: Forcing endless battles is banned
|rule|HP Percentage Mod: HP is shown in percentages
|clearpoke
|poke|p1|Togekiss, M
|poke|p1|Crobat, F
|poke|p1|Aggron, M
|poke|p1|Blissey, F
|poke|p1|Alomomola, F
|poke|p1|Krookodile, F
|poke|p2|Infernape, F
|poke|p2|Florges, F
|poke|p2|Hydreigon, F
|poke|p2|Forretress, F
|poke|p2|Alakazam, M
|poke|p2|Lucario, M
|rule|Swagger Clause: Swagger is banned
|rule|Baton Pass Clause: Limit one PokÃ©mon knowing Baton Pass
|teampreview
|join|Fat Lenny
|join|so dynamic
|
|start
|switch|p1a: Beta|Crobat, F|325\/325
|switch|p2a: Forretress|Forretress, F|354\/354
|turn|1
|
|move|p1a: Beta|Taunt|p2a: Forretress
|-start|p2a: Forretress|move: Taunt
|move|p2a: Forretress|Volt Switch|p1a: Beta
|-supereffective|p1a: Beta
|-damage|p1a: Beta|241\/325
|
|switch|p2a: Infernape|Infernape, F|293\/293
|
|turn|2
|
|switch|p1a: Delta|Alomomola, F|534\/534
|move|p2a: Infernape|U-turn|p1a: Delta
|-damage|p1a: Delta|476\/534
|-damage|p2a: Infernape|245\/293|[from] item: Rocky Helmet|[of] p1a: Delta
|
|switch|p2a: Forretress|Forretress, F|354\/354
|
|turn|3
|
|move|p1a: Delta|Knock Off|p2a: Forretress
|-damage|p2a: Forretress|313\/354
|-enditem|p2a: Forretress|Leftovers|[from] move: Knock Off|[of] p1a: Delta
|move|p2a: Forretress|Stealth Rock|p1a: Delta
|-sidestart|p1: Bob The Bro|move: Stealth Rock
|
|turn|4
|
|move|p1a: Delta|Scald|p2a: Forretress
|-crit|p2a: Forretress
|-damage|p2a: Forretress|243\/354
|move|p2a: Forretress|Volt Switch|p1a: Delta
|-supereffective|p1a: Delta
|-damage|p1a: Delta|352\/534
|c|âBob The Bro|i swear i havent had a scald burn all day
|c| so dynamic|how does this team handle sableye?
|c|âBob The Bro|it doesnt
|c|âBob The Bro|kek
|c| so dynamic|i c
|c|âBob The Bro|yolo
|c|âBob The Bro|tbh
|c|âBob The Bro|hold up i gotta wipe
|
|switch|p2a: Alakazam|Alakazam, M|251\/251
|
|turn|5
|c| so dynamic|predict krook to dodge burns
|c| Fat Lenny|my man, playing on the shitter
|c| Fat Lenny|heart of my heart
|join|Sarcasting
|leave|Sarcasting
|c|âBob The Bro|you know me man
|c|âBob The Bro|toilet is where you think the clearest
|c| Fat Lenny|wash yo hands tho
|
|detailschange|p2a: Alakazam|Alakazam-Mega, M
|message|Alakazam has Mega Evolved into Mega Alakazam!
|-ability|p2a: Alakazam|Regenerator|[from] ability: Trace|[of] p1a: Delta
|move|p2a: Alakazam|Calm Mind|p2a: Alakazam
|-boost|p2a: Alakazam|spa|1
|-boost|p2a: Alakazam|spd|1
|move|p1a: Delta|Knock Off|p2a: Alakazam
|-supereffective|p2a: Alakazam
|-damage|p2a: Alakazam|133\/251
|
|turn|6
|
|move|p2a: Alakazam|Focus Blast|p1a: Delta
|-damage|p1a: Delta|0 fnt
|faint|p1a: Delta
|
|c| so dynamic|gg
|c|âBob The Bro|o
|c|âBob The Bro|its ogre
|c|âBob The Bro|isnt it
|c| so dynamic|mega zam
|c| so dynamic|balanced
|
|switch|p1a: Rho|Aggron, M|344\/344
|-damage|p1a: Rho|323\/344|[from] Stealth Rock
|turn|7
|c| Fat Lenny|scarfkrook
|c|âBob The Bro|miss blast y\/y?
|c| so dynamic|no scarfbluff
|c| Fat Lenny|n
|c| so dynamic|weak
|
|detailschange|p1a: Rho|Aggron-Mega, M
|message|Aggron has Mega Evolved into Mega Aggron!
|move|p2a: Alakazam|Focus Blast|p1a: Rho
|-supereffective|p1a: Rho
|-damage|p1a: Rho|17\/344
|move|p1a: Rho|Heavy Slam|p2a: Alakazam
|-damage|p2a: Alakazam|0 fnt
|faint|p2a: Alakazam
|
|c| so dynamic|not
|c| so dynamic|bad
|c|âBob The Bro|nb
|c| Fat Lenny|nice
|c| so dynamic|aggron the tank
|c|âBob The Bro|i bleve
|
|switch|p2a: Infernape|Infernape, F|245\/293
|turn|8
|c|âBob The Bro|in aggron
|
|move|p2a: Infernape|Flare Blitz|p1a: Rho
|-supereffective|p1a: Rho
|-damage|p1a: Rho|0 fnt
|-damage|p2a: Infernape|239\/293|[from] recoil|[of] p1a: Rho
|faint|p1a: Rho
|
|c| so dynamic|but now
|c| so dynamic|no fire resists
|
|switch|p1a: Tau|Blissey, F|714\/714
|-damage|p1a: Tau|625\/714|[from] Stealth Rock
|turn|9
|c|âBob The Bro|nice n recoil
|
|switch|p2a: Forretress|Forretress, F|243\/354
|move|p1a: Tau|Wish|p1a: Tau
|
|-heal|p1a: Tau|669\/714|[from] item: Leftovers
|turn|10
|c| so dynamic|not even taking the bait
|
|switch|p1a: Beta|Crobat, F|241\/325
|-damage|p1a: Beta|160\/325|[from] Stealth Rock
|move|p2a: Forretress|Volt Switch|p1a: Beta
|-supereffective|p1a: Beta
|-damage|p1a: Beta|72\/325
|
|switch|p2a: Infernape|Infernape, F|239\/293
|
|-heal|p1a: Beta|325\/325|[from] move: Wish|[wisher] Tau
|turn|11
|c|âBob The Bro|dude lenny dont you just fkn hate it when you've had a shower and your body decides it needs a shit
|join|I<3Magikarp
|c| Fat Lenny|dude its the worst
|
|switch|p2a: Florges|Florges, F|297\/297
|move|p1a: Beta|Defog|p2a: Florges
|-unboost|p2a: Florges|evasion|1
|-sideend|p1: Bob The Bro|Stealth Rock|[from] move: Defog|[of] p1a: Beta
|
|turn|12
|c|âBob The Bro|struggles are too real tbh
|
|move|p1a: Beta|Acrobatics|p2a: Florges
|-damage|p2a: Florges|74\/297
|move|p2a: Florges|Psychic|p1a: Beta
|-supereffective|p1a: Beta
|-damage|p1a: Beta|0 fnt
|faint|p1a: Beta
|
|c| I<3Magikarp|not bad
|c|âBob The Bro|o
|c| Fat Lenny|you dont wannta put clothes on after the shower, cause whats the point, right? your gonna drop trow anyways
|c| Fat Lenny|but then you're all slippery on the porcelein throne and fall off while trying to wipe
|c|âBob The Bro|yea but i dont have clothes on usually anyways
|join|Tipsy Russian
|c| Fat Lenny|struggles
|
|switch|p1a: Omega|Togekiss, M|311\/311
|turn|13
|c| I<3Magikarp|specs florges
|c| I<3Magikarp|never seen that
|c| Fat Lenny|just shit in the tub
|c|âBob The Bro|the power tho
|c| I<3Magikarp|only barely ohko's crobat tbh
|c| I<3Magikarp|still good
|c|âBob The Bro|soz lenny i'm not that uncivilized
|c| Fat Lenny|imo
|
|move|p1a: Omega|Nasty Plot|p1a: Omega
|-boost|p1a: Omega|spa|2
|move|p2a: Florges|Psychic|p1a: Omega
|-damage|p1a: Omega|166\/311
|
|-heal|p1a: Omega|185\/311|[from] item: Leftovers
|turn|14
|c| Fat Lenny|called efficiency bro
|
|move|p1a: Omega|Dazzling Gleam|p2a: Florges
|-damage|p2a: Florges|0 fnt
|faint|p2a: Florges
|
|-heal|p1a: Omega|204\/311|[from] item: Leftovers
|c|âBob The Bro|we learn all about efficiency in engineering
|c|âBob The Bro|but not that kind
|
|switch|p2a: Lucario|Lucario, M|281\/281
|turn|15
|c| Fat Lenny|engineering has many real-life applications
|c|âBob The Bro|reveal iron tail tbh
|
|move|p1a: Omega|Dazzling Gleam|p2a: Lucario
|-damage|p2a: Lucario|0 fnt
|faint|p2a: Lucario
|
|-heal|p1a: Omega|223\/311|[from] item: Leftovers
|c| Fat Lenny|max speed
|
|switch|p2a: Hydreigon|Hydreigon, F|325\/325
|turn|16
|c|âBob The Bro|is that band ape or scarf ape?
|
|move|p2a: Hydreigon|Fire Blast|p1a: Omega|[miss]
|-miss|p2a: Hydreigon|p1a: Omega
|move|p1a: Omega|Roost|p1a: Omega
|-heal|p1a: Omega|311\/311
|
|turn|17
|c| Fat Lenny|band def
|c|âBob The Bro|nb
|
|move|p2a: Hydreigon|Fire Blast|p1a: Omega
|-damage|p1a: Omega|155\/311
|-damage|p2a: Hydreigon|293\/325|[from] item: Life Orb
|move|p1a: Omega|Dazzling Gleam|p2a: Hydreigon
|-supereffective|p2a: Hydreigon
|-damage|p2a: Hydreigon|0 fnt
|faint|p2a: Hydreigon
|
|-heal|p1a: Omega|174\/311|[from] item: Leftovers
|
|switch|p2a: Infernape|Infernape, F|239\/293
|turn|18
|c| so dynamic|no stone edge?
|
|switch|p1a: Tau|Blissey, F|669\/714
|move|p2a: Infernape|Flare Blitz|p1a: Tau
|-damage|p1a: Tau|353\/714
|-damage|p2a: Infernape|135\/293|[from] recoil|[of] p1a: Tau
|
|-heal|p1a: Tau|397\/714|[from] item: Leftovers
|turn|19
|c| so dynamic|strong
|c|âBob The Bro|band my ass
|c|âBob The Bro|nigga
|c| Fat Lenny|or not
|c| Fat Lenny|he was band earlier today
|
|move|p2a: Infernape|Flare Blitz|p1a: Tau
|-damage|p1a: Tau|81\/714
|-damage|p2a: Infernape|31\/293|[from] recoil|[of] p1a: Tau
|move|p1a: Tau|Wish|p1a: Tau
|
|-heal|p1a: Tau|125\/714|[from] item: Leftovers
|turn|20
|c|âBob The Bro|assault vest blis
|c|âBob The Bro|eating it up
|-message|WhiteQueen forfeited.
|
|win|Bob The Bro
|raw|Ladder updating...
|leave|WhiteQueen
|player|p2
|raw|Bob The Bro's rating: 1806 &rarr; <strong>1815<\/strong><br \/>(+9 for winning)
|raw|WhiteQueen's rating: 1577 &rarr; <strong>1568<\/strong><br \/>(-9 for losing)
|c|âBob The Bro|nice n 9 points
|c| Fat Lenny|gggggggg
|leave|Tipsy Russian
|leave|I<3Magikarp