|join|Bob The Bro
|join|Century Express
|player|p1|Bob The Bro|23
|player|p2|Century Express|254
|gametype|singles
|gen|6
|tier|UU
|rated
|rule|Sleep Clause Mod: Limit one foe put to sleep
|rule|Species Clause: Limit one of each PokÃ©mon
|rule|OHKO Clause: OHKO moves are banned
|rule|Moody Clause: Moody is banned
|rule|Evasion Moves Clause: Evasion moves are banned
|rule|Endless Battle Clause: Forcing endless battles is banned
|rule|HP Percentage Mod: HP is shown in percentages
|clearpoke
|poke|p1|Togekiss, F
|poke|p1|Crobat, M
|poke|p1|Aggron, F
|poke|p1|Blissey, F
|poke|p1|Alomomola, M
|poke|p1|Krookodile, F
|poke|p2|Kyurem
|poke|p2|Forretress, M
|poke|p2|Sableye, M
|poke|p2|Ampharos, M
|poke|p2|Swampert, M
|poke|p2|Celebi
|rule|Swagger Clause: Swagger is banned
|rule|Baton Pass Clause: Limit one PokÃ©mon knowing Baton Pass
|teampreview
|
|start
|switch|p1a: Phi|Krookodile, F|331\/331
|switch|p2a: Swampodin|Swampert, M|401\/401
|-ability|p1a: Phi|Intimidate|[of] p2a: Swampodin
|-unboost|p2a: Swampodin|atk|1
|turn|1
|join|BearTet63
|
|move|p1a: Phi|Knock Off|p2a: Swampodin
|-damage|p2a: Swampodin|229\/401
|-enditem|p2a: Swampodin|Leftovers|[from] move: Knock Off|[of] p1a: Phi
|move|p2a: Swampodin|Scald|p1a: Phi
|-supereffective|p1a: Phi
|-damage|p1a: Phi|119\/331
|-status|p1a: Phi|brn
|
|-damage|p1a: Phi|78\/331 brn|[from] brn
|turn|2
|
|switch|p1a: Tau|Blissey, F|714\/714
|move|p2a: Swampodin|Stealth Rock|p1a: Tau
|-sidestart|p1: Bob The Bro|move: Stealth Rock
|
|turn|3
|
|switch|p2a: Gear-O|Forretress, M|354\/354
|move|p1a: Tau|Heal Bell|p1a: Tau
|-cureteam|p1a: Tau|[from] move: HealBell
|
|turn|4
|
|move|p1a: Tau|Wish|p1a: Tau
|move|p2a: Gear-O|Volt Switch|p1a: Tau
|-damage|p1a: Tau|686\/714
|
|switch|p2a: Cancer Gate|Sableye, M|303\/303
|
|-heal|p1a: Tau|714\/714|[from] item: Leftovers
|turn|5
|
|switch|p1a: Phi|Krookodile, F|78\/331
|-damage|p1a: Phi|58\/331|[from] Stealth Rock
|-ability|p1a: Phi|Intimidate|[of] p2a: Cancer Gate
|-unboost|p2a: Cancer Gate|atk|1
|move|p2a: Cancer Gate|Will-O-Wisp|p1a: Phi|[miss]
|-miss|p2a: Cancer Gate|p1a: Phi
|
|-heal|p1a: Phi|331\/331|[from] move: Wish|[wisher] Tau
|turn|6
|
|switch|p1a: Delta|Alomomola, M|534\/534
|-damage|p1a: Delta|468\/534|[from] Stealth Rock
|switch|p2a: Gear-O|Forretress, M|354\/354
|
|turn|7
|
|move|p1a: Delta|Knock Off|p2a: Gear-O
|-damage|p2a: Gear-O|311\/354
|-enditem|p2a: Gear-O|Leftovers|[from] move: Knock Off|[of] p1a: Delta
|move|p2a: Gear-O|Spikes|p1a: Delta
|-sidestart|p1: Bob The Bro|Spikes
|
|turn|8
|
|move|p1a: Delta|Scald|p2a: Gear-O
|-damage|p2a: Gear-O|268\/354
|move|p2a: Gear-O|Volt Switch|p1a: Delta
|-supereffective|p1a: Delta
|-damage|p1a: Delta|326\/534
|
|switch|p2a: Iifa|Celebi|349\/349
|
|turn|9
|
|switch|p1a: Rho|Aggron, F|344\/344
|-damage|p1a: Rho|301\/344|[from] Spikes
|-damage|p1a: Rho|280\/344|[from] Stealth Rock
|move|p2a: Iifa|U-turn|p1a: Rho
|-resisted|p1a: Rho
|-damage|p1a: Rho|262\/344
|-damage|p2a: Iifa|315\/349|[from] item: Life Orb
|
|switch|p2a: Gear-O|Forretress, M|268\/354
|
|turn|10
|
|detailschange|p1a: Rho|Aggron-Mega, F
|message|Aggron has Mega Evolved into Mega Aggron!
|move|p1a: Rho|Stealth Rock|p2a: Gear-O
|-sidestart|p2: Century Express|move: Stealth Rock
|move|p2a: Gear-O|Gyro Ball|p1a: Rho
|-resisted|p1a: Rho
|-damage|p1a: Rho|253\/344
|
|turn|11
|
|switch|p1a: Beta|Crobat, M|325\/325
|-damage|p1a: Beta|244\/325|[from] Stealth Rock
|move|p2a: Gear-O|Spikes|p1a: Beta
|-sidestart|p1: Bob The Bro|Spikes
|
|turn|12
|
|move|p1a: Beta|Defog|p2a: Gear-O
|-unboost|p2a: Gear-O|evasion|1
|-sideend|p2: Century Express|Stealth Rock|[from] move: Defog|[of] p2a: Gear-O
|-sideend|p1: Bob The Bro|Spikes|[from] move: Defog|[of] p1a: Beta
|-sideend|p1: Bob The Bro|Stealth Rock|[from] move: Defog|[of] p1a: Beta
|move|p2a: Gear-O|Gyro Ball|p1a: Beta
|-damage|p1a: Beta|88\/325
|
|turn|13
|leave|BearTet63
|
|move|p1a: Beta|Roost|p1a: Beta
|-heal|p1a: Beta|251\/325
|move|p2a: Gear-O|Volt Switch|p1a: Beta
|-damage|p1a: Beta|209\/325
|
|switch|p2a: Pharosus XII|Ampharos, M|383\/383
|
|turn|14
|
|switch|p1a: Tau|Blissey, F|714\/714
|detailschange|p2a: Pharosus XII|Ampharos-Mega, M
|message|Ampharos has Mega Evolved into Mega Ampharos!
|-ability|p2a: Pharosus XII|Mold Breaker
|move|p2a: Pharosus XII|Volt Switch|p1a: Tau
|-damage|p1a: Tau|620\/714
|
|switch|p2a: Swampodin|Swampert, M|229\/401
|
|-heal|p1a: Tau|664\/714|[from] item: Leftovers
|turn|15
|
|move|p1a: Tau|Seismic Toss|p2a: Swampodin
|-damage|p2a: Swampodin|129\/401
|move|p2a: Swampodin|Stealth Rock|p1a: Tau
|-sidestart|p1: Bob The Bro|move: Stealth Rock
|
|-heal|p1a: Tau|708\/714|[from] item: Leftovers
|turn|16
|
|switch|p2a: Gear-O|Forretress, M|268\/354
|move|p1a: Tau|Wish|p1a: Tau
|
|-heal|p1a: Tau|714\/714|[from] item: Leftovers
|turn|17
|
|switch|p1a: Delta|Alomomola, M|504\/534
|-damage|p1a: Delta|438\/534|[from] Stealth Rock
|move|p2a: Gear-O|Spikes|p1a: Delta
|-sidestart|p1: Bob The Bro|Spikes
|
|-heal|p1a: Delta|534\/534|[from] move: Wish|[wisher] Tau
|turn|18
|
|move|p1a: Delta|Scald|p2a: Gear-O
|-damage|p2a: Gear-O|226\/354
|move|p2a: Gear-O|Spikes|p1a: Delta
|-sidestart|p1: Bob The Bro|Spikes
|
|turn|19
|
|move|p1a: Delta|Scald|p2a: Gear-O
|-damage|p2a: Gear-O|187\/354
|-status|p2a: Gear-O|brn
|move|p2a: Gear-O|Volt Switch|p1a: Delta
|-supereffective|p1a: Delta
|-damage|p1a: Delta|386\/534
|
|switch|p2a: Iifa|Celebi|315\/349
|
|turn|20
|
|move|p2a: Iifa|U-turn|p1a: Delta
|-damage|p1a: Delta|337\/534
|-damage|p2a: Iifa|257\/349|[from] item: Rocky Helmet|[of] p1a: Delta
|-damage|p2a: Iifa|223\/349|[from] item: Life Orb
|
|switch|p2a: Pharosus XII|Ampharos-Mega, M|383\/383
|-ability|p2a: Pharosus XII|Mold Breaker
|move|p1a: Delta|Toxic|p2a: Pharosus XII
|-status|p2a: Pharosus XII|tox
|
|-damage|p2a: Pharosus XII|360\/383 tox|[from] psn
|turn|21
|
|move|p1a: Delta|Wish|p1a: Delta
|move|p2a: Pharosus XII|Volt Switch|p1a: Delta
|-supereffective|p1a: Delta
|-damage|p1a: Delta|0 fnt
|faint|p1a: Delta
|join|SuperSawgy
|
|switch|p2a: Cancer Gate|Sableye, M|303\/303
|
|
|switch|p1a: Omega|Togekiss, F|347\/347
|-damage|p1a: Omega|261\/347|[from] Stealth Rock
|turn|22
|
|switch|p2a: Swampodin|Swampert, M|129\/401
|move|p1a: Omega|Air Slash|p2a: Swampodin
|-damage|p2a: Swampodin|0 fnt
|faint|p2a: Swampodin
|
|-heal|p1a: Omega|347\/347|[from] move: Wish|[wisher] Delta
|
|switch|p2a: Hielowyrm|Kyurem|391\/391
|-ability|p2a: Hielowyrm|Pressure
|turn|23
|
|switch|p1a: Tau|Blissey, F|714\/714
|-damage|p1a: Tau|625\/714|[from] Stealth Rock
|-damage|p1a: Tau|506\/714|[from] Spikes
|move|p2a: Hielowyrm|Ice Beam|p1a: Tau
|-damage|p1a: Tau|320\/714
|
|-heal|p1a: Tau|364\/714|[from] item: Leftovers
|turn|24
|
|switch|p2a: Cancer Gate|Sableye, M|303\/303
|move|p1a: Tau|Wish|p1a: Tau
|
|-heal|p1a: Tau|408\/714|[from] item: Leftovers
|turn|25
|
|move|p1a: Tau|Protect|p1a: Tau
|-singleturn|p1a: Tau|Protect
|move|p2a: Cancer Gate|Knock Off|p1a: Tau
|-activate|p1a: Tau|Protect
|
|-heal|p1a: Tau|714\/714|[from] move: Wish|[wisher] Tau
|turn|26
|
|move|p2a: Cancer Gate|Taunt|p1a: Tau
|-start|p1a: Tau|move: Taunt
|cant|p1a: Tau|move: Taunt|Wish
|
|turn|27
|
|switch|p1a: Omega|Togekiss, F|347\/347
|-damage|p1a: Omega|261\/347|[from] Stealth Rock
|move|p2a: Cancer Gate|Knock Off|p1a: Omega
|-resisted|p1a: Omega
|-damage|p1a: Omega|213\/347
|-enditem|p1a: Omega|Leftovers|[from] move: Knock Off|[of] p2a: Cancer Gate
|
|turn|28
|
|move|p2a: Cancer Gate|Will-O-Wisp|p1a: Omega
|-status|p1a: Omega|brn
|move|p1a: Omega|Thunder Wave|p2a: Cancer Gate
|-status|p2a: Cancer Gate|par
|
|-damage|p1a: Omega|170\/347 brn|[from] brn
|turn|29
|
|switch|p2a: Iifa|Celebi|223\/349
|move|p1a: Omega|Heal Bell|p1a: Omega
|-cureteam|p1a: Omega|[from] move: HealBell
|
|turn|30
|
|move|p2a: Iifa|Psychic|p1a: Omega
|-damage|p1a: Omega|32\/347
|-damage|p2a: Iifa|189\/349|[from] item: Life Orb
|move|p1a: Omega|Thunder Wave|p2a: Iifa
|-status|p2a: Iifa|par
|
|turn|31
|
|switch|p2a: Pharosus XII|Ampharos-Mega, M|360\/383 tox
|-ability|p2a: Pharosus XII|Mold Breaker
|move|p1a: Omega|Air Slash|p2a: Pharosus XII
|-resisted|p2a: Pharosus XII
|-damage|p2a: Pharosus XII|296\/383 tox
|
|-damage|p2a: Pharosus XII|273\/383 tox|[from] psn
|turn|32
|
|switch|p2a: Hielowyrm|Kyurem|391\/391
|-ability|p2a: Hielowyrm|Pressure
|move|p1a: Omega|Air Slash|p2a: Hielowyrm
|-damage|p2a: Hielowyrm|226\/391
|
|turn|33
|
|switch|p1a: Tau|Blissey, F|714\/714
|-damage|p1a: Tau|595\/714|[from] Spikes
|-damage|p1a: Tau|506\/714|[from] Stealth Rock
|move|p2a: Hielowyrm|Focus Blast|p1a: Tau
|-supereffective|p1a: Tau
|-damage|p1a: Tau|168\/714
|
|-heal|p1a: Tau|212\/714|[from] item: Leftovers
|turn|34
|
|move|p1a: Tau|Protect|p1a: Tau
|-singleturn|p1a: Tau|Protect
|move|p2a: Hielowyrm|Focus Blast|p1a: Tau
|-activate|p1a: Tau|Protect
|
|-heal|p1a: Tau|256\/714|[from] item: Leftovers
|turn|35
|
|move|p2a: Hielowyrm|Focus Blast|p1a: Tau|[miss]
|-miss|p2a: Hielowyrm|p1a: Tau
|move|p1a: Tau|Wish|p1a: Tau
|
|-heal|p1a: Tau|300\/714|[from] item: Leftovers
|turn|36
|
|switch|p2a: Cancer Gate|Sableye, M|303\/303 par
|switch|p1a: Beta|Crobat, M|209\/325
|-damage|p1a: Beta|128\/325|[from] Stealth Rock
|
|-heal|p1a: Beta|325\/325|[from] move: Wish|[wisher] Tau
|turn|37
|
|move|p2a: Cancer Gate|Taunt|p1a: Beta
|-start|p1a: Beta|move: Taunt
|cant|p1a: Beta|move: Taunt|Taunt
|
|turn|38
|
|move|p2a: Cancer Gate|Will-O-Wisp|p1a: Beta
|-status|p1a: Beta|brn
|move|p1a: Beta|Acrobatics|p2a: Cancer Gate
|-damage|p2a: Cancer Gate|225\/303 par
|
|-heal|p2a: Cancer Gate|243\/303 par|[from] item: Leftovers
|-damage|p1a: Beta|285\/325 brn|[from] brn
|turn|39
|
|move|p1a: Beta|Acrobatics|p2a: Cancer Gate
|-crit|p2a: Cancer Gate
|-damage|p2a: Cancer Gate|125\/303 par
|move|p2a: Cancer Gate|Knock Off|p1a: Beta
|-damage|p1a: Beta|216\/325 brn
|
|-heal|p2a: Cancer Gate|143\/303 par|[from] item: Leftovers
|-damage|p1a: Beta|176\/325 brn|[from] brn
|-end|p1a: Beta|move: Taunt
|turn|40
|
|move|p2a: Cancer Gate|Taunt|p1a: Beta
|-start|p1a: Beta|move: Taunt
|cant|p1a: Beta|move: Taunt|Defog
|
|-heal|p2a: Cancer Gate|161\/303 par|[from] item: Leftovers
|-damage|p1a: Beta|136\/325 brn|[from] brn
|turn|41
|
|switch|p1a: Phi|Krookodile, F|331\/331
|-damage|p1a: Phi|276\/331|[from] Spikes
|-damage|p1a: Phi|256\/331|[from] Stealth Rock
|-ability|p1a: Phi|Intimidate|[of] p2a: Cancer Gate
|-unboost|p2a: Cancer Gate|atk|1
|switch|p2a: Pharosus XII|Ampharos-Mega, M|273\/383 tox
|-ability|p2a: Pharosus XII|Mold Breaker
|
|-damage|p2a: Pharosus XII|250\/383 tox|[from] psn
|turn|42
|
|move|p1a: Phi|Earthquake|p2a: Pharosus XII
|-supereffective|p2a: Pharosus XII
|-damage|p2a: Pharosus XII|0 fnt
|faint|p2a: Pharosus XII
|
|
|switch|p2a: Iifa|Celebi|189\/349
|turn|43
|
|switch|p1a: Omega|Togekiss, F|32\/347
|-damage|p1a: Omega|0 fnt|[from] Stealth Rock
|faint|p1a: Omega
|move|p2a: Iifa|U-turn|p1: Omega|[notarget]
|-notarget
|
|
|switch|p1a: Beta|Crobat, M|136\/325 brn
|-damage|p1a: Beta|55\/325 brn|[from] Stealth Rock
|turn|44
|
|move|p1a: Beta|Defog|p2a: Iifa
|-unboost|p2a: Iifa|evasion|1
|-sideend|p1: Bob The Bro|Spikes|[from] move: Defog|[of] p1a: Beta
|-sideend|p1: Bob The Bro|Stealth Rock|[from] move: Defog|[of] p1a: Beta
|move|p2a: Iifa|U-turn|p1a: Beta
|-resisted|p1a: Beta
|-damage|p1a: Beta|38\/325 brn
|-damage|p2a: Iifa|155\/349|[from] item: Life Orb
|
|switch|p2a: Hielowyrm|Kyurem|226\/391
|-ability|p2a: Hielowyrm|Pressure
|
|-damage|p1a: Beta|0 fnt|[from] brn
|faint|p1a: Beta
|
|switch|p1a: Tau|Blissey, F|300\/714
|turn|45
|
|move|p2a: Hielowyrm|Focus Blast|p1a: Tau
|-supereffective|p1a: Tau
|-damage|p1a: Tau|0 fnt
|faint|p1a: Tau
|
|
|switch|p1a: Rho|Aggron-Mega, F|253\/344
|turn|46
|
|move|p2a: Hielowyrm|Focus Blast|p1a: Rho
|-supereffective|p1a: Rho
|-damage|p1a: Rho|0 fnt
|faint|p1a: Rho
|
|c|âCentury Express|gg n_n
|
|switch|p1a: Phi|Krookodile, F|256\/331
|-ability|p1a: Phi|Intimidate|[of] p2a: Hielowyrm
|-unboost|p2a: Hielowyrm|atk|1
|turn|47
|
|move|p2a: Hielowyrm|Focus Blast|p1a: Phi
|-supereffective|p1a: Phi
|-damage|p1a: Phi|0 fnt
|faint|p1a: Phi
|
|win|Century Express
|raw|Ladder updating...
|raw|Bob The Bro's rating: 1836 &rarr; <strong>1808<\/strong><br \/>(-28 for losing)
|raw|Century Express's rating: 1685 &rarr; <strong>1713<\/strong><br \/>(+28 for winning)