|join|Bob the Bro
|join|waiv
|player|p1|Bob the Bro|23
|player|p2|waiv|286
|gametype|singles
|gen|6
|tier|UU
|rated
|rule|Sleep Clause Mod: Limit one foe put to sleep
|rule|Species Clause: Limit one of each PokÃ©mon
|rule|OHKO Clause: OHKO moves are banned
|rule|Moody Clause: Moody is banned
|rule|Evasion Moves Clause: Evasion moves are banned
|rule|Endless Battle Clause: Forcing endless battles is banned
|rule|HP Percentage Mod: HP is shown in percentages
|clearpoke
|poke|p1|Celebi
|poke|p1|Aggron, M, shiny
|poke|p1|Crobat, F, shiny
|poke|p1|Blissey, F, shiny
|poke|p1|Alomomola, M, shiny
|poke|p1|Krookodile, F, shiny
|poke|p2|Blissey, F
|poke|p2|Forretress, F
|poke|p2|Hippowdon, M
|poke|p2|Nidoqueen, F
|poke|p2|Suicune
|poke|p2|Whimsicott, F
|rule|Swagger Clause: Swagger is banned
|rule|Baton Pass Clause: Limit one PokÃ©mon knowing Baton Pass
|teampreview
|c|âwaiv|fuck
|c|âwaiv|r u
|join|Emma Bae â¥
|c|âwaiv|m8
|c|âwaiv|i jusssttt got to 1500s
|c|âBob the Bro|o
|c|âwaiv|how u snipe me
|c|âwaiv|like this
|join|So Dynamic
|c|âwaiv|300 point difference
|c|âwaiv|:|
|c|âBob the Bro|welp
|c|âBob the Bro|fat team you got
|c|âwaiv|how long have you
|c|âwaiv|been waiting
|c|âwaiv|for a match LOL
|c|âBob the Bro|like 10 minutes lol
|c|âwaiv|hahahah
|c| So Dynamic|sick all shiny team
|c| So Dynamic|nerd
|
|start
|switch|p1a: The Don|Krookodile, F, shiny|331\/331
|switch|p2a: Whimsicott|Whimsicott, F|261\/261
|-ability|p1a: The Don|Intimidate|[of] p2a: Whimsicott
|-unboost|p2a: Whimsicott|atk|1
|turn|1
|c|âwaiv|is this scarf
|c|âwaiv|or band
|join|Geckos tbh
|
|switch|p1a: fat fuck|Aggron, M, shiny|344\/344
|move|p2a: Whimsicott|U-turn|p1a: fat fuck
|-resisted|p1a: fat fuck
|-damage|p1a: fat fuck|336\/344
|c| So Dynamic|its banded
|c|âBob the Bro|scarf
|
|switch|p2a: Nidoqueen|Nidoqueen, F|384\/384
|
|turn|2
|
|detailschange|p1a: fat fuck|Aggron-Mega, M, shiny
|message|Aggron has Mega Evolved into Mega Aggron!
|move|p2a: Nidoqueen|Toxic Spikes|p1a: fat fuck
|-sidestart|p1: Bob the Bro|move: Toxic Spikes
|move|p1a: fat fuck|Stealth Rock|p2a: Nidoqueen
|-sidestart|p2: waiv|move: Stealth Rock
|
|turn|3
|c| So Dynamic|superpower queen
|c| So Dynamic|plz
|
|move|p2a: Nidoqueen|Earth Power|p1a: fat fuck
|-supereffective|p1a: fat fuck
|-damage|p1a: fat fuck|137\/344
|move|p1a: fat fuck|Metal Burst|p2a: Nidoqueen
|-damage|p2a: Nidoqueen|86\/384
|
|-heal|p2a: Nidoqueen|110\/384|[from] item: Black Sludge
|turn|4
|
|switch|p1a: bob the brobat|Crobat, F, shiny|325\/325
|move|p2a: Nidoqueen|Toxic Spikes|p1a: bob the brobat
|-sidestart|p1: Bob the Bro|move: Toxic Spikes
|
|-heal|p2a: Nidoqueen|134\/384|[from] item: Black Sludge
|turn|5
|c|âwaiv|i'm so sleepy
|
|move|p1a: bob the brobat|Acrobatics|p2a: Nidoqueen
|-damage|p2a: Nidoqueen|0 fnt
|faint|p2a: Nidoqueen
|
|c|âBob the Bro|sam
|c|âBob the Bro|same
|
|switch|p2a: Suicune|Suicune|403\/403
|-damage|p2a: Suicune|353\/403|[from] Stealth Rock
|-ability|p2a: Suicune|Pressure
|turn|6
|c|âBob the Bro|almost 3 lol
|c|âwaiv|damn
|c| Geckos tbh|its 8 where i live lol
|
|move|p1a: bob the brobat|Defog|p2a: Suicune
|-unboost|p2a: Suicune|evasion|1
|-sideend|p2: waiv|Stealth Rock|[from] move: Defog|[of] p2a: Suicune
|-sideend|p1: Bob the Bro|Toxic Spikes|[from] move: Defog|[of] p1a: bob the brobat
|move|p2a: Suicune|Calm Mind|p2a: Suicune
|-boost|p2a: Suicune|spa|1
|-boost|p2a: Suicune|spd|1
|
|-heal|p2a: Suicune|378\/403|[from] item: Leftovers
|turn|7
|c|âwaiv|it's 12:44
|c| Geckos tbh|8:44
|
|move|p1a: bob the brobat|Toxic|p2a: Suicune
|-status|p2a: Suicune|tox
|move|p2a: Suicune|Hydro Pump|p1a: bob the brobat
|-crit|p1a: bob the brobat
|-damage|p1a: bob the brobat|0 fnt
|faint|p1a: bob the brobat
|
|-heal|p2a: Suicune|403\/403 tox|[from] item: Leftovers
|-damage|p2a: Suicune|378\/403 tox|[from] psn
|c| Geckos tbh|bob
|c|âBob the Bro|oh
|c|âBob the Bro|fk
|c| So Dynamic|ah nice
|c| Geckos tbh|you toxiced a suicune
|
|switch|p1a: Fattest fuck|Blissey, F, shiny|714\/714
|turn|8
|c|âBob the Bro|this isnt crocune
|c| Geckos tbh|oh
|c| Geckos tbh|nvm den
|
|move|p2a: Suicune|Calm Mind|p2a: Suicune
|-boost|p2a: Suicune|spa|1
|-boost|p2a: Suicune|spd|1
|move|p1a: Fattest fuck|Wish|p1a: Fattest fuck
|
|-heal|p2a: Suicune|403\/403 tox|[from] item: Leftovers
|-damage|p2a: Suicune|353\/403 tox|[from] psn
|turn|9
|join|BenzMafia
|c| So Dynamic|why did u sac ur t spiker?
|
|move|p2a: Suicune|Ice Beam|p1a: Fattest fuck
|-damage|p1a: Fattest fuck|617\/714
|move|p1a: Fattest fuck|Seismic Toss|p2a: Suicune
|-damage|p2a: Suicune|253\/403 tox
|
|-heal|p1a: Fattest fuck|714\/714|[from] move: Wish|[wisher] Fattest fuck
|-heal|p2a: Suicune|278\/403 tox|[from] item: Leftovers
|-damage|p2a: Suicune|203\/403 tox|[from] psn
|turn|10
|
|move|p2a: Suicune|Rest|p2a: Suicune
|-status|p2a: Suicune|slp
|-heal|p2a: Suicune|403\/403 slp|[silent]
|-status|p2a: Suicune|slp|[from] move: Rest
|move|p1a: Fattest fuck|Seismic Toss|p2a: Suicune
|-damage|p2a: Suicune|303\/403 slp
|
|-heal|p2a: Suicune|328\/403 slp|[from] item: Leftovers
|turn|11
|c|âBob the Bro|o wtf
|
|switch|p1a: cabbage|Celebi|341\/341
|cant|p2a: Suicune|slp
|
|-heal|p2a: Suicune|353\/403 slp|[from] item: Leftovers
|turn|12
|c| Geckos tbh|told you....
|
|switch|p2a: Whimsicott|Whimsicott, F|261\/261
|move|p1a: cabbage|Swords Dance|p1a: cabbage
|-boost|p1a: cabbage|atk|2
|
|turn|13
|c| Geckos tbh|hes running stall why wouldnt he??
|c|âwaiv|who r u
|c|âwaiv|geckos
|
|switch|p1a: ugly fuck|Alomomola, M, shiny|534\/534
|move|p2a: Whimsicott|U-turn|p1a: ugly fuck
|-damage|p1a: ugly fuck|503\/534
|-damage|p2a: Whimsicott|218\/261|[from] item: Rocky Helmet|[of] p1a: ugly fuck
|c| Geckos tbh|a person
|c|âwaiv|cause bob has 5 accounts in the top 20
|c|âwaiv|he doesn't need your advice LOL
|
|switch|p2a: Suicune|Suicune|353\/403 slp
|-ability|p2a: Suicune|Pressure
|
|-heal|p2a: Suicune|378\/403 slp|[from] item: Leftovers
|turn|14
|c| Geckos tbh|\/me mumbles under his breath
|
|cant|p2a: Suicune|slp
|move|p1a: ugly fuck|Knock Off|p2a: Suicune
|-damage|p2a: Suicune|338\/403 slp
|-enditem|p2a: Suicune|Leftovers|[from] move: Knock Off|[of] p1a: ugly fuck
|
|turn|15
|
|-curestatus|p2a: Suicune|slp
|move|p2a: Suicune|Calm Mind|p2a: Suicune
|-boost|p2a: Suicune|spa|1
|-boost|p2a: Suicune|spd|1
|move|p1a: ugly fuck|Toxic|p2a: Suicune|[miss]
|-miss|p1a: ugly fuck|p2a: Suicune
|
|turn|16
|c| Geckos tbh|i was right wasnt i xD
|
|switch|p2a: Forretress|Forretress, F|354\/354
|move|p1a: ugly fuck|Toxic|p2a: Forretress
|-fail|p2a: Forretress
|
|turn|17
|
|move|p1a: ugly fuck|Knock Off|p2a: Forretress
|-damage|p2a: Forretress|321\/354
|-enditem|p2a: Forretress|Leftovers|[from] move: Knock Off|[of] p1a: ugly fuck
|move|p2a: Forretress|Spikes|p1a: ugly fuck
|-sidestart|p1: Bob the Bro|Spikes
|
|turn|18
|
|switch|p1a: The Don|Krookodile, F, shiny|331\/331
|-damage|p1a: The Don|290\/331|[from] Spikes
|-ability|p1a: The Don|Intimidate|[of] p2a: Forretress
|-unboost|p2a: Forretress|atk|1
|move|p2a: Forretress|Volt Switch|p1a: The Don
|-immune|p1a: The Don|[msg]
|
|turn|19
|leave|Geckos tbh
|
|move|p1a: The Don|Earthquake|p2a: Forretress
|-damage|p2a: Forretress|185\/354
|move|p2a: Forretress|Toxic|p1a: The Don
|-status|p1a: The Don|tox
|
|-damage|p1a: The Don|270\/331 tox|[from] psn
|turn|20
|c|âBob the Bro|this is bad
|
|switch|p2a: Hippowdon|Hippowdon, M|420\/420
|-weather|Sandstorm
|move|p1a: The Don|Earthquake|p2a: Hippowdon
|-damage|p2a: Hippowdon|275\/420
|
|-weather|Sandstorm|[upkeep]
|-heal|p2a: Hippowdon|301\/420|[from] item: Leftovers
|-damage|p1a: The Don|230\/331 tox|[from] psn
|turn|21
|c|âwaiv|it's really unfair
|c|âwaiv|that i know your sets :\/
|
|switch|p1a: cabbage|Celebi|341\/341
|-damage|p1a: cabbage|299\/341|[from] Spikes
|move|p2a: Hippowdon|Stealth Rock|p1a: cabbage
|-sidestart|p1: Bob the Bro|move: Stealth Rock
|
|-weather|Sandstorm|[upkeep]
|-damage|p1a: cabbage|278\/341|[from] sandstorm
|-heal|p1a: cabbage|299\/341|[from] item: Leftovers
|-heal|p2a: Hippowdon|327\/420|[from] item: Leftovers
|turn|22
|join|Eyan
|c|âBob the Bro|lol i kinda know yours
|c|âwaiv|tru
|leave|So Dynamic
|c|âwaiv|SINCE THEY ARE
|
|switch|p2a: Whimsicott|Whimsicott, F|218\/261
|move|p1a: cabbage|Zen Headbutt|p2a: Whimsicott
|-damage|p2a: Whimsicott|76\/261
|
|-weather|Sandstorm|[upkeep]
|-damage|p2a: Whimsicott|60\/261|[from] sandstorm
|-damage|p1a: cabbage|278\/341|[from] sandstorm
|-heal|p1a: cabbage|299\/341|[from] item: Leftovers
|turn|23
|c|âwaiv|YOUR SETS
|c|âwaiv|LOL
|join|So Dynamic
|
|switch|p1a: Fattest fuck|Blissey, F, shiny|714\/714
|-damage|p1a: Fattest fuck|625\/714|[from] Stealth Rock
|-damage|p1a: Fattest fuck|536\/714|[from] Spikes
|move|p2a: Whimsicott|U-turn|p1a: Fattest fuck
|-damage|p1a: Fattest fuck|459\/714
|
|switch|p2a: Forretress|Forretress, F|185\/354
|
|-weather|Sandstorm|[upkeep]
|-damage|p1a: Fattest fuck|415\/714|[from] sandstorm
|-heal|p1a: Fattest fuck|459\/714|[from] item: Leftovers
|turn|24
|c|âBob the Bro|kek
|
|move|p1a: Fattest fuck|Heal Bell|p1a: Fattest fuck
|-cureteam|p1a: Fattest fuck|[from] move: HealBell
|move|p2a: Forretress|Spikes|p1a: Fattest fuck
|-sidestart|p1: Bob the Bro|Spikes
|
|-weather|none
|-heal|p1a: Fattest fuck|503\/714|[from] item: Leftovers
|turn|25
|
|move|p1a: Fattest fuck|Wish|p1a: Fattest fuck
|move|p2a: Forretress|Toxic|p1a: Fattest fuck
|-status|p1a: Fattest fuck|tox
|
|-heal|p1a: Fattest fuck|547\/714 tox|[from] item: Leftovers
|-damage|p1a: Fattest fuck|503\/714 tox|[from] psn
|turn|26
|
|switch|p1a: fat fuck|Aggron-Mega, M, shiny|137\/344
|-damage|p1a: fat fuck|116\/344|[from] Stealth Rock
|-damage|p1a: fat fuck|59\/344|[from] Spikes
|move|p2a: Forretress|Toxic|p1a: fat fuck
|-fail|p1a: fat fuck
|
|-heal|p1a: fat fuck|344\/344|[from] move: Wish|[wisher] Fattest fuck
|turn|27
|
|switch|p2a: Blissey|Blissey, F|714\/714
|move|p1a: fat fuck|Stealth Rock|p2a: Blissey
|-sidestart|p2: waiv|move: Stealth Rock
|
|turn|28
|
|move|p2a: Blissey|Thunder Wave|p1a: fat fuck
|-status|p1a: fat fuck|par
|cant|p1a: fat fuck|par
|
|turn|29
|
|move|p2a: Blissey|Wish|p2a: Blissey
|move|p1a: fat fuck|Heavy Slam|p2a: Blissey
|-crit|p2a: Blissey
|-damage|p2a: Blissey|215\/714
|
|-heal|p2a: Blissey|259\/714|[from] item: Leftovers
|turn|30
|c|âwaiv|lol
|c|âwaiv|the opposing fat fuck 
|c|âwaiv|:p
|c|âwaiv|wow nice crit u poop
|
|move|p2a: Blissey|Protect|p2a: Blissey
|-singleturn|p2a: Blissey|Protect
|cant|p1a: fat fuck|par
|
|-heal|p2a: Blissey|616\/714|[from] move: Wish|[wisher] Blissey
|-heal|p2a: Blissey|660\/714|[from] item: Leftovers
|turn|31
|c|âBob the Bro|rip
|
|switch|p2a: Forretress|Forretress, F|185\/354
|-damage|p2a: Forretress|141\/354|[from] Stealth Rock
|move|p1a: fat fuck|Heavy Slam|p2a: Forretress
|-resisted|p2a: Forretress
|-damage|p2a: Forretress|105\/354
|
|turn|32
|
|move|p2a: Forretress|Rapid Spin|p1a: fat fuck
|-resisted|p1a: fat fuck
|-damage|p1a: fat fuck|341\/344 par
|-sideend|p2: waiv|Stealth Rock|[from] move: Rapid Spin|[of] p2a: Forretress
|cant|p1a: fat fuck|par
|
|turn|33
|
|move|p2a: Forretress|Volt Switch|p1a: fat fuck
|-damage|p1a: fat fuck|309\/344 par
|c|âwaiv|fast forretress coming through
|
|switch|p2a: Hippowdon|Hippowdon, M|327\/420
|-weather|Sandstorm
|move|p1a: fat fuck|Stealth Rock|p2a: Hippowdon
|-sidestart|p2: waiv|move: Stealth Rock
|
|-weather|Sandstorm|[upkeep]
|-heal|p2a: Hippowdon|353\/420|[from] item: Leftovers
|turn|34
|
|switch|p1a: ugly fuck|Alomomola, M, shiny|534\/534
|-damage|p1a: ugly fuck|445\/534|[from] Spikes
|-damage|p1a: ugly fuck|379\/534|[from] Stealth Rock
|move|p2a: Hippowdon|Roar|p1a: ugly fuck
|drag|p1a: fat fuck|Aggron-Mega, M, shiny|309\/344 par
|-damage|p1a: fat fuck|288\/344 par|[from] Stealth Rock
|-damage|p1a: fat fuck|231\/344 par|[from] Spikes
|
|-weather|Sandstorm|[upkeep]
|-heal|p2a: Hippowdon|379\/420|[from] item: Leftovers
|turn|35
|c|âwaiv|wait what
|c|âwaiv|i thought i had
|c|âwaiv|3 layers up
|c|âwaiv|....
|c|âwaiv|i couldn't see cause it's so fat
|c|âwaiv|haha
|
|switch|p1a: ugly fuck|Alomomola, M, shiny|534\/534
|-damage|p1a: ugly fuck|445\/534|[from] Spikes
|-damage|p1a: ugly fuck|379\/534|[from] Stealth Rock
|move|p2a: Hippowdon|Roar|p1a: ugly fuck
|drag|p1a: fat fuck|Aggron-Mega, M, shiny|231\/344 par
|-damage|p1a: fat fuck|174\/344 par|[from] Spikes
|-damage|p1a: fat fuck|153\/344 par|[from] Stealth Rock
|
|-weather|Sandstorm|[upkeep]
|-heal|p2a: Hippowdon|405\/420|[from] item: Leftovers
|turn|36
|c|âBob the Bro|lol yea
|
|move|p2a: Hippowdon|Roar|p1a: fat fuck
|drag|p1a: The Don|Krookodile, F, shiny|230\/331
|-damage|p1a: The Don|210\/331|[from] Stealth Rock
|-damage|p1a: The Don|155\/331|[from] Spikes
|-ability|p1a: The Don|Intimidate|[of] p2a: Hippowdon
|-unboost|p2a: Hippowdon|atk|1
|
|-weather|Sandstorm|[upkeep]
|-heal|p2a: Hippowdon|420\/420|[from] item: Leftovers
|turn|37
|
|move|p1a: The Don|Knock Off|p2a: Hippowdon
|-damage|p2a: Hippowdon|272\/420
|-enditem|p2a: Hippowdon|Leftovers|[from] move: Knock Off|[of] p1a: The Don
|move|p2a: Hippowdon|Slack Off|p2a: Hippowdon
|-heal|p2a: Hippowdon|420\/420
|
|-weather|none
|turn|38
|
|switch|p1a: ugly fuck|Alomomola, M, shiny|534\/534
|-damage|p1a: ugly fuck|468\/534|[from] Stealth Rock
|-damage|p1a: ugly fuck|379\/534|[from] Spikes
|move|p2a: Hippowdon|Toxic|p1a: ugly fuck
|-status|p1a: ugly fuck|tox
|
|-damage|p1a: ugly fuck|346\/534 tox|[from] psn
|turn|39
|
|switch|p2a: Blissey|Blissey, F|660\/714
|-damage|p2a: Blissey|571\/714|[from] Stealth Rock
|move|p1a: ugly fuck|Scald|p2a: Blissey
|-damage|p2a: Blissey|535\/714
|-status|p2a: Blissey|brn
|
|-heal|p2a: Blissey|579\/714 brn|[from] item: Leftovers
|-damage|p1a: ugly fuck|280\/534 tox|[from] psn
|-damage|p2a: Blissey|490\/714 brn|[from] brn
|turn|40
|
|move|p1a: ugly fuck|Wish|p1a: ugly fuck
|move|p2a: Blissey|Wish|p2a: Blissey
|
|-heal|p2a: Blissey|534\/714 brn|[from] item: Leftovers
|-damage|p1a: ugly fuck|181\/534 tox|[from] psn
|-damage|p2a: Blissey|445\/714 brn|[from] brn
|turn|41
|c|âwaiv|i have no real blissey counter
|c| Emma Bae â¥|u have
|c| Emma Bae â¥|blissey
|c|âwaiv|hahahah
|c| Emma Bae â¥|;)
|leave|Eyan
|
|switch|p1a: The Don|Krookodile, F, shiny|155\/331
|-damage|p1a: The Don|100\/331|[from] Spikes
|-damage|p1a: The Don|80\/331|[from] Stealth Rock
|-ability|p1a: The Don|Intimidate|[of] p2a: Blissey
|-unboost|p2a: Blissey|atk|1
|switch|p2a: Forretress|Forretress, F|105\/354
|-damage|p2a: Forretress|61\/354|[from] Stealth Rock
|
|-heal|p1a: The Don|331\/331|[from] move: Wish|[wisher] ugly fuck
|-heal|p2a: Forretress|354\/354|[from] move: Wish|[wisher] Blissey
|turn|42
|c|âwaiv|i guess haha
|
|move|p1a: The Don|Earthquake|p2a: Forretress
|-damage|p2a: Forretress|222\/354
|move|p2a: Forretress|Spikes|p1a: The Don
|-sidestart|p1: Bob the Bro|Spikes
|
|turn|43
|
|move|p1a: The Don|Earthquake|p2a: Forretress
|-damage|p2a: Forretress|87\/354
|move|p2a: Forretress|Toxic|p1a: The Don|[miss]
|-miss|p2a: Forretress|p1a: The Don
|
|turn|44
|
|switch|p2a: Hippowdon|Hippowdon, M|420\/420
|-damage|p2a: Hippowdon|394\/420|[from] Stealth Rock
|-weather|Sandstorm
|move|p1a: The Don|Earthquake|p2a: Hippowdon
|-damage|p2a: Hippowdon|222\/420
|
|-weather|Sandstorm|[upkeep]
|turn|45
|c|âBob the Bro|riiiip
|
|move|p1a: The Don|Earthquake|p2a: Hippowdon
|-damage|p2a: Hippowdon|63\/420
|move|p2a: Hippowdon|Slack Off|p2a: Hippowdon
|-heal|p2a: Hippowdon|273\/420
|
|-weather|Sandstorm|[upkeep]
|turn|46
|c|âBob the Bro|crit pls
|
|move|p1a: The Don|Earthquake|p2a: Hippowdon
|-damage|p2a: Hippowdon|120\/420
|move|p2a: Hippowdon|Slack Off|p2a: Hippowdon
|-heal|p2a: Hippowdon|330\/420
|
|-weather|Sandstorm|[upkeep]
|turn|47
|c|âwaiv|no ty
|
|move|p1a: The Don|Earthquake|p2a: Hippowdon
|-damage|p2a: Hippowdon|180\/420
|move|p2a: Hippowdon|Slack Off|p2a: Hippowdon
|-heal|p2a: Hippowdon|390\/420
|
|-weather|Sandstorm|[upkeep]
|turn|48
|
|move|p1a: The Don|Earthquake|p2a: Hippowdon
|-damage|p2a: Hippowdon|240\/420
|move|p2a: Hippowdon|Toxic|p1a: The Don
|-status|p1a: The Don|tox
|
|-weather|none
|-damage|p1a: The Don|311\/331 tox|[from] psn
|turn|49
|
|switch|p1a: Fattest fuck|Blissey, F, shiny|503\/714
|-damage|p1a: Fattest fuck|325\/714|[from] Spikes
|-damage|p1a: Fattest fuck|236\/714|[from] Stealth Rock
|move|p2a: Hippowdon|Slack Off|p2a: Hippowdon
|-heal|p2a: Hippowdon|420\/420
|
|-heal|p1a: Fattest fuck|280\/714|[from] item: Leftovers
|turn|50
|
|switch|p2a: Forretress|Forretress, F|87\/354
|-damage|p2a: Forretress|43\/354|[from] Stealth Rock
|move|p1a: Fattest fuck|Heal Bell|p1a: Fattest fuck
|-cureteam|p1a: Fattest fuck|[from] move: HealBell
|
|-heal|p1a: Fattest fuck|324\/714|[from] item: Leftovers
|turn|51
|
|move|p1a: Fattest fuck|Seismic Toss|p2a: Forretress
|-damage|p2a: Forretress|0 fnt
|faint|p2a: Forretress
|
|-heal|p1a: Fattest fuck|368\/714|[from] item: Leftovers
|
|switch|p2a: Whimsicott|Whimsicott, F|60\/261
|-damage|p2a: Whimsicott|28\/261|[from] Stealth Rock
|turn|52
|
|move|p2a: Whimsicott|Giga Drain|p1a: Fattest fuck
|-crit|p1a: Fattest fuck
|-damage|p1a: Fattest fuck|214\/714
|-heal|p2a: Whimsicott|105\/261|[from] drain|[of] p1a: Fattest fuck
|move|p1a: Fattest fuck|Seismic Toss|p2a: Whimsicott
|-damage|p2a: Whimsicott|5\/261
|
|-heal|p1a: Fattest fuck|258\/714|[from] item: Leftovers
|turn|53
|
|move|p2a: Whimsicott|Giga Drain|p1a: Fattest fuck
|-damage|p1a: Fattest fuck|152\/714
|-heal|p2a: Whimsicott|58\/261|[from] drain|[of] p1a: Fattest fuck
|move|p1a: Fattest fuck|Seismic Toss|p2a: Whimsicott
|-damage|p2a: Whimsicott|0 fnt
|faint|p2a: Whimsicott
|
|-heal|p1a: Fattest fuck|196\/714|[from] item: Leftovers
|
|switch|p2a: Suicune|Suicune|338\/403
|-damage|p2a: Suicune|288\/403|[from] Stealth Rock
|-ability|p2a: Suicune|Pressure
|turn|54
|
|move|p2a: Suicune|Hydro Pump|p1a: Fattest fuck
|-damage|p1a: Fattest fuck|105\/714
|move|p1a: Fattest fuck|Seismic Toss|p2a: Suicune
|-damage|p2a: Suicune|188\/403
|
|-heal|p1a: Fattest fuck|149\/714|[from] item: Leftovers
|turn|55
|c|âwaiv|y
|
|switch|p2a: Hippowdon|Hippowdon, M|420\/420
|-damage|p2a: Hippowdon|394\/420|[from] Stealth Rock
|-weather|Sandstorm
|move|p1a: Fattest fuck|Wish|p1a: Fattest fuck
|
|-weather|Sandstorm|[upkeep]
|-damage|p1a: Fattest fuck|105\/714|[from] sandstorm
|-heal|p1a: Fattest fuck|149\/714|[from] item: Leftovers
|turn|56
|c|âwaiv|e
|c|âwaiv|that's not good LOL
|
|move|p1a: Fattest fuck|Protect|p1a: Fattest fuck
|-singleturn|p1a: Fattest fuck|Protect
|move|p2a: Hippowdon|Roar|p1a: Fattest fuck
|drag|p1a: fat fuck|Aggron-Mega, M, shiny|153\/344
|-damage|p1a: fat fuck|67\/344|[from] Spikes
|-damage|p1a: fat fuck|46\/344|[from] Stealth Rock
|
|-weather|Sandstorm|[upkeep]
|-heal|p1a: fat fuck|344\/344|[from] move: Wish|[wisher] Fattest fuck
|turn|57
|c|âBob the Bro|nb
|
|move|p2a: Hippowdon|Roar|p1a: fat fuck
|drag|p1a: The Don|Krookodile, F, shiny|311\/331
|-damage|p1a: The Don|291\/331|[from] Stealth Rock
|-damage|p1a: The Don|209\/331|[from] Spikes
|-ability|p1a: The Don|Intimidate|[of] p2a: Hippowdon
|-unboost|p2a: Hippowdon|atk|1
|
|-weather|Sandstorm|[upkeep]
|turn|58
|
|move|p1a: The Don|Earthquake|p2a: Hippowdon
|-damage|p2a: Hippowdon|232\/420
|move|p2a: Hippowdon|Toxic|p1a: The Don|[miss]
|-miss|p2a: Hippowdon|p1a: The Don
|
|-weather|Sandstorm|[upkeep]
|turn|59
|c|âwaiv|these toxic misses man
|join|Geckos tbh
|
|switch|p1a: ugly fuck|Alomomola, M, shiny|359\/534
|-damage|p1a: ugly fuck|293\/534|[from] Stealth Rock
|-damage|p1a: ugly fuck|160\/534|[from] Spikes
|move|p2a: Hippowdon|Slack Off|p2a: Hippowdon
|-heal|p2a: Hippowdon|420\/420
|
|-weather|none
|turn|60
|
|move|p1a: ugly fuck|Toxic|p2a: Hippowdon
|-status|p2a: Hippowdon|tox
|move|p2a: Hippowdon|Roar|p1a: ugly fuck
|drag|p1a: fat fuck|Aggron-Mega, M, shiny|344\/344
|-damage|p1a: fat fuck|258\/344|[from] Spikes
|-damage|p1a: fat fuck|237\/344|[from] Stealth Rock
|
|-damage|p2a: Hippowdon|394\/420 tox|[from] psn
|turn|61
|leave|Geckos tbh
|c|âwaiv|fuckin rly
|c| Emma Bae â¥|nooo
|c|âwaiv|needed to not sack my whims
|c|âwaiv|:\/
|
|move|p1a: fat fuck|Heavy Slam|p2a: Hippowdon
|-damage|p2a: Hippowdon|357\/420 tox
|move|p2a: Hippowdon|Roar|p1a: fat fuck
|drag|p1a: The Don|Krookodile, F, shiny|209\/331
|-damage|p1a: The Don|189\/331|[from] Stealth Rock
|-damage|p1a: The Don|107\/331|[from] Spikes
|-ability|p1a: The Don|Intimidate|[of] p2a: Hippowdon
|-unboost|p2a: Hippowdon|atk|1
|
|-damage|p2a: Hippowdon|305\/420 tox|[from] psn
|turn|62
|
|move|p1a: The Don|Earthquake|p2a: Hippowdon
|-crit|p2a: Hippowdon
|-damage|p2a: Hippowdon|58\/420 tox
|move|p2a: Hippowdon|Roar|p1a: The Don
|drag|p1a: fat fuck|Aggron-Mega, M, shiny|237\/344
|-damage|p1a: fat fuck|151\/344|[from] Spikes
|-damage|p1a: fat fuck|130\/344|[from] Stealth Rock
|
|-damage|p2a: Hippowdon|0 fnt|[from] psn
|faint|p2a: Hippowdon
|c| Emma Bae â¥|Wow
|
|switch|p2a: Suicune|Suicune|188\/403
|-damage|p2a: Suicune|138\/403|[from] Stealth Rock
|-ability|p2a: Suicune|Pressure
|turn|63
|
|move|p2a: Suicune|Hydro Pump|p1a: fat fuck|[miss]
|-miss|p2a: Suicune|p1a: fat fuck
|move|p1a: fat fuck|Roar|p2a: Suicune
|drag|p2a: Blissey|Blissey, F|445\/714
|-damage|p2a: Blissey|356\/714|[from] Stealth Rock
|
|-heal|p2a: Blissey|400\/714|[from] item: Leftovers
|turn|64
|c|âBob the Bro|rip
|
|move|p2a: Blissey|Wish|p2a: Blissey
|move|p1a: fat fuck|Heavy Slam|p2a: Blissey
|-damage|p2a: Blissey|60\/714
|
|-heal|p2a: Blissey|104\/714|[from] item: Leftovers
|turn|65
|
|move|p2a: Blissey|Protect|p2a: Blissey
|-singleturn|p2a: Blissey|Protect
|move|p1a: fat fuck|Roar|p2a: Blissey
|drag|p2a: Suicune|Suicune|138\/403
|-damage|p2a: Suicune|88\/403|[from] Stealth Rock
|-ability|p2a: Suicune|Pressure
|
|-heal|p2a: Suicune|403\/403|[from] move: Wish|[wisher] Blissey
|turn|66
|c|âBob the Bro|ofk
|
|move|p2a: Suicune|Hydro Pump|p1a: fat fuck
|-damage|p1a: fat fuck|30\/344
|move|p1a: fat fuck|Roar|p2a: Suicune
|drag|p2a: Blissey|Blissey, F|104\/714
|-damage|p2a: Blissey|15\/714|[from] Stealth Rock
|
|-heal|p2a: Blissey|59\/714|[from] item: Leftovers
|turn|67
|join|Eyan
|
|move|p2a: Blissey|Wish|p2a: Blissey
|move|p1a: fat fuck|Heavy Slam|p2a: Blissey
|-damage|p2a: Blissey|0 fnt
|faint|p2a: Blissey
|
|
|switch|p2a: Suicune|Suicune|403\/403
|-damage|p2a: Suicune|353\/403|[from] Stealth Rock
|-ability|p2a: Suicune|Pressure
|turn|68
|
|switch|p1a: The Don|Krookodile, F, shiny|107\/331
|-damage|p1a: The Don|25\/331|[from] Spikes
|-damage|p1a: The Don|5\/331|[from] Stealth Rock
|-ability|p1a: The Don|Intimidate|[of] p2a: Suicune
|-unboost|p2a: Suicune|atk|1
|move|p2a: Suicune|Calm Mind|p2a: Suicune
|-boost|p2a: Suicune|spa|1
|-boost|p2a: Suicune|spd|1
|
|-heal|p2a: Suicune|403\/403|[from] move: Wish|[wisher] Blissey
|turn|69
|c|âwaiv|shiet
|
|move|p1a: The Don|Earthquake|p2a: Suicune
|-damage|p2a: Suicune|223\/403
|move|p2a: Suicune|Ice Beam|p1a: The Don
|-supereffective|p1a: The Don
|-damage|p1a: The Don|0 fnt
|faint|p1a: The Don
|
|c|âwaiv|dat 2% tho
|c|âwaiv|nrly
|c|âwaiv|had it
|
|switch|p1a: ugly fuck|Alomomola, M, shiny|338\/534
|-damage|p1a: ugly fuck|272\/534|[from] Stealth Rock
|-damage|p1a: ugly fuck|139\/534|[from] Spikes
|turn|70
|c|âwaiv|but i doubt
|
|move|p2a: Suicune|Hydro Pump|p1a: ugly fuck
|-resisted|p1a: ugly fuck
|-damage|p1a: ugly fuck|0 fnt
|faint|p1a: ugly fuck
|
|
|switch|p1a: cabbage|Celebi|299\/341
|-damage|p1a: cabbage|257\/341|[from] Stealth Rock
|-damage|p1a: cabbage|172\/341|[from] Spikes
|turn|71
|c|âwaiv|oh
|c|âwaiv|ye
|c|âBob the Bro|rip me
|c|âwaiv|if i had
|c|âwaiv|damnit!
|c|âwaiv|i think this kills
|c|âwaiv|seed bomb
|c|âBob the Bro|are you max def
|c|âwaiv|unless you have like 0 atk evs
|c|âwaiv|ye
|c|âBob the Bro|nah doesnt kill
|c|âwaiv|wait
|c|âwaiv|no i'm not max
|c|âwaiv|i'm like
|c|âwaiv|348
|c|âwaiv|lol
|c|âwaiv|50 evs from max
|c|âwaiv|you probs have like
|c|âwaiv|50% chance or something hey
|c|âBob the Bro|seed bomb does like 45% max
|c| Emma Bae â¥|ok
|c| Emma Bae â¥|just
|c| Emma Bae â¥|seed bomb
|c| Emma Bae â¥|then
|c| Emma Bae â¥|jethuth
|
|move|p1a: cabbage|Recover|p1a: cabbage
|-heal|p1a: cabbage|341\/341
|move|p2a: Suicune|Ice Beam|p1a: cabbage
|-supereffective|p1a: cabbage
|-damage|p1a: cabbage|129\/341
|
|-heal|p1a: cabbage|150\/341|[from] item: Leftovers
|turn|72
|
|move|p1a: cabbage|Zen Headbutt|p2a: Suicune
|-damage|p2a: Suicune|148\/403
|move|p2a: Suicune|Ice Beam|p1a: cabbage
|-supereffective|p1a: cabbage
|-damage|p1a: cabbage|0 fnt
|faint|p1a: cabbage
|
|c|âwaiv|oh
|c|âwaiv|the flinch chance
|c|âwaiv|nb
|c|âBob the Bro|gg
|
|switch|p1a: fat fuck|Aggron-Mega, M, shiny|30\/344
|-damage|p1a: fat fuck|9\/344|[from] Stealth Rock
|-damage|p1a: fat fuck|0 fnt|[from] Spikes
|faint|p1a: fat fuck
|c| Emma Bae â¥|who wins?
|join|Vic Laddering
|join|NekoNecross
|
|switch|p1a: Fattest fuck|Blissey, F, shiny|149\/714
|-damage|p1a: Fattest fuck|0 fnt|[from] Spikes
|faint|p1a: Fattest fuck
|
|win|waiv
|raw|Ladder updating...
|raw|Bob the Bro's rating: 1786 &rarr; <strong>1753<\/strong><br \/>(-33 for losing)
|raw|waiv's rating: 1508 &rarr; <strong>1541<\/strong><br \/>(+33 for winning)
|c|âwaiv|gg
|c| Emma Bae â¥|WAIV
|c| Emma Bae â¥|YESSS
|c| Emma Bae â¥|bnnbnbnbn
|c|âwaiv|hazard stacking is real
|c| Emma Bae â¥|:')
|leave|Vic Laddering
|c|âwaiv|my battles with u are always da best bobo <3
|leave|Bob the Bro
|player|p1