|join|Bob the Bro
|join|Volbeatdown
|player|p1|Bob the Bro|23
|player|p2|Volbeatdown|126
|gametype|singles
|gen|6
|tier|UU
|rule|Sleep Clause Mod: Limit one foe put to sleep
|rule|Species Clause: Limit one of each PokÃ©mon
|rule|OHKO Clause: OHKO moves are banned
|rule|Moody Clause: Moody is banned
|rule|Evasion Moves Clause: Evasion moves are banned
|rule|Endless Battle Clause: Forcing endless battles is banned
|rule|HP Percentage Mod: HP is shown in percentages
|clearpoke
|poke|p1|Jirachi
|poke|p1|Suicune
|poke|p1|Zygarde
|poke|p1|Swampert, F
|poke|p1|Crobat, F
|poke|p1|Machamp, F
|poke|p2|Celebi
|poke|p2|Sharpedo, F
|poke|p2|Entei, shiny
|poke|p2|Combusken, F
|poke|p2|Yanmega, F
|poke|p2|Reuniclus, F
|rule|Swagger Clause: Swagger is banned
|rule|Baton Pass Clause: Limit one PokÃ©mon knowing Baton Pass
|teampreview
|c|âBob the Bro|m
|c|âBob the Bro|f
|c|âBob the Bro|w
|c|âVolbeatdown|m
|c|âVolbeatdown|f
|c|âVolbeatdown|w
|join|LessThanThreeKek
|
|start
|switch|p1a: Machamp|Machamp, F|321\/321
|switch|p2a: Celebi|Celebi|404\/404
|turn|1
|
|move|p2a: Celebi|Baton Pass|p2a: Celebi
|
|switch|p2a: Combusken|Combusken, F|261\/261
|move|p1a: Machamp|Knock Off|p2a: Combusken
|-resisted|p2a: Combusken
|-damage|p2a: Combusken|111\/261
|-enditem|p2a: Combusken|Weakness Policy|[from] move: Knock Off|[of] p1a: Machamp
|
|turn|2
|c| LessThanThreeKek|lol
|c|âBob the Bro|sick
|c| LessThanThreeKek|the damage
|c|âVolbeatdown|burn
|
|switch|p1a: Swampert|Swampert, F|404\/404
|move|p2a: Combusken|Fire Punch|p1a: Swampert
|-resisted|p1a: Swampert
|-damage|p1a: Swampert|363\/404
|-status|p1a: Swampert|brn
|
|-heal|p1a: Swampert|388\/404 brn|[from] item: Leftovers
|-damage|p1a: Swampert|338\/404 brn|[from] brn
|-boost|p2a: Combusken|spe|1|[from] ability: Speed Boost
|turn|3
|c|âVolbeatdown|here
|c|âVolbeatdown|EZ
|c| LessThanThreeKek|LOL
|c|âBob the Bro|mfw
|c|âBob the Bro|sick hax
|
|move|p2a: Combusken|Fire Punch|p1a: Swampert
|-resisted|p1a: Swampert
|-damage|p1a: Swampert|293\/404 brn
|move|p1a: Swampert|Stealth Rock|p2a: Combusken
|-sidestart|p2: Volbeatdown|move: Stealth Rock
|
|-heal|p1a: Swampert|318\/404 brn|[from] item: Leftovers
|-damage|p1a: Swampert|268\/404 brn|[from] brn
|-boost|p2a: Combusken|spe|1|[from] ability: Speed Boost
|turn|4
|c| LessThanThreeKek|well trained
|
|move|p2a: Combusken|Endure|p2a: Combusken
|-singleturn|p2a: Combusken|move: Endure
|move|p1a: Swampert|Scald|p2a: Combusken
|-crit|p2a: Combusken
|-supereffective|p2a: Combusken
|-damage|p2a: Combusken|1\/261
|
|-heal|p1a: Swampert|293\/404 brn|[from] item: Leftovers
|-damage|p1a: Swampert|243\/404 brn|[from] brn
|-boost|p2a: Combusken|spe|1|[from] ability: Speed Boost
|turn|5
|c|âVolbeatdown|ezpz
|
|move|p2a: Combusken|Reversal|p1a: Swampert
|-damage|p1a: Swampert|14\/404 brn
|move|p1a: Swampert|Roar|p2a: Combusken
|drag|p2a: Celebi|Celebi|404\/404
|-damage|p2a: Celebi|354\/404|[from] Stealth Rock
|
|-heal|p1a: Swampert|39\/404 brn|[from] item: Leftovers
|-damage|p1a: Swampert|0 fnt|[from] brn
|faint|p1a: Swampert
|c| LessThanThreeKek|rip
|c|âVolbeatdown|LEMON SQUEEZY
|
|switch|p1a: Machamp|Machamp, F|321\/321
|turn|6
|c| LessThanThreeKek|champ
|
|move|p2a: Celebi|Baton Pass|p2a: Celebi
|
|switch|p2a: Combusken|Combusken, F|1\/261
|-damage|p2a: Combusken|0 fnt|[from] Stealth Rock
|faint|p2a: Combusken
|move|p1a: Machamp|Knock Off|p2: Combusken|[notarget]
|-notarget
|
|
|switch|p2a: Entei|Entei, shiny|371\/371
|-damage|p2a: Entei|279\/371|[from] Stealth Rock
|-ability|p2a: Entei|Pressure
|turn|7
|join|NyQwil
|
|switch|p1a: Suicune|Suicune|404\/404
|-ability|p1a: Suicune|Pressure
|move|p2a: Entei|Sacred Fire|p1a: Suicune
|-resisted|p1a: Suicune
|-damage|p1a: Suicune|347\/404
|-status|p1a: Suicune|brn
|
|-heal|p1a: Suicune|372\/404 brn|[from] item: Leftovers
|-damage|p1a: Suicune|322\/404 brn|[from] brn
|turn|8
|
|switch|p1a: Machamp|Machamp, F|321\/321
|move|p2a: Entei|Natural Gift|p1a: Machamp
|-damage|p1a: Machamp|167\/321
|
|turn|9
|c|âBob the Bro|fkn wut
|c|âVolbeatdown|ebic
|
|switch|p1a: Suicune|Suicune|322\/404 brn
|-ability|p1a: Suicune|Pressure
|move|p2a: Entei|Sacred Fire|p1a: Suicune
|-resisted|p1a: Suicune
|-damage|p1a: Suicune|259\/404 brn
|
|-heal|p1a: Suicune|284\/404 brn|[from] item: Leftovers
|-damage|p1a: Suicune|234\/404 brn|[from] brn
|turn|10
|
|move|p2a: Entei|Natural Gift|p1a: Suicune
|-fail|p1a: Suicune
|move|p1a: Suicune|Rest|p1a: Suicune
|-status|p1a: Suicune|slp
|-heal|p1a: Suicune|404\/404 slp|[silent]
|-status|p1a: Suicune|slp|[from] move: Rest
|
|turn|11
|c|âBob the Bro|ebin
|c|âVolbeatdown|o
|c|âVolbeatdown|yh
|c| NyQwil|lel
|
|switch|p2a: Celebi|Celebi|354\/404
|-damage|p2a: Celebi|304\/404|[from] Stealth Rock
|cant|p1a: Suicune|slp
|
|turn|12
|c|âVolbeatdown|forgot about that shit mechanic
|
|switch|p1a: Jirachi|Jirachi|341\/341
|move|p2a: Celebi|Swords Dance|p2a: Celebi
|-boost|p2a: Celebi|atk|2
|
|turn|13
|
|move|p1a: Jirachi|U-turn|p2a: Celebi
|-supereffective|p2a: Celebi
|-damage|p2a: Celebi|36\/404
|-enditem|p2a: Celebi|Weakness Policy
|-boost|p2a: Celebi|atk|2|[from] item: Weakness Policy
|-boost|p2a: Celebi|spa|2|[from] item: Weakness Policy
|c|âVolbeatdown|eezee
|c|âVolbeatdown|peezee
|c|âBob the Bro|rip
|c|âVolbeatdown|i think you lose
|
|switch|p1a: Crobat|Crobat, F|325\/325
|move|p2a: Celebi|Baton Pass|p2a: Celebi
|c|âVolbeatdown|tbh
|
|switch|p2a: Sharpedo|Sharpedo, F|281\/281
|-damage|p2a: Sharpedo|246\/281|[from] Stealth Rock
|
|turn|14
|
|move|p2a: Sharpedo|Protect|p2a: Sharpedo
|-singleturn|p2a: Sharpedo|Protect
|move|p1a: Crobat|Brave Bird|p2a: Sharpedo
|-activate|p2a: Sharpedo|Protect
|
|-boost|p2a: Sharpedo|spe|1|[from] ability: Speed Boost
|turn|15
|
|move|p2a: Sharpedo|Ice Fang|p1a: Crobat
|-supereffective|p1a: Crobat
|-damage|p1a: Crobat|0 fnt
|faint|p1a: Crobat
|
|-boost|p2a: Sharpedo|spe|1|[from] ability: Speed Boost
|c|âVolbeatdown|radical
|
|switch|p1a: Suicune|Suicune|404\/404 slp
|-ability|p1a: Suicune|Pressure
|turn|16
|c|âBob the Bro|eat this
|c|âVolbeatdown|you just lost
|c|âVolbeatdown|how do you feel
|c| LessThanThreeKek|wow
|c| LessThanThreeKek|you are so bad
|c| LessThanThreeKek|bob
|
|detailschange|p2a: Sharpedo|Sharpedo-Mega, F
|-mega|p2a: Sharpedo|Sharpedo|Sharpedonite
|move|p2a: Sharpedo|Crunch|p1a: Suicune
|-damage|p1a: Suicune|0 fnt
|faint|p1a: Suicune
|
|c|âBob the Bro|Â¯\_(ã)_\/Â¯
|c|âBob the Bro|thought that uturn kills
|c|âBob the Bro|Â¯\_(ã)_\/Â¯Â¯\_(ã)_\/Â¯
|c| LessThanThreeKek|wait
|
|switch|p1a: Zygarde|Zygarde|357\/357
|-ability|p1a: Zygarde|Aura Break
|turn|17
|c| LessThanThreeKek|miss
|c| LessThanThreeKek|there
|
|move|p2a: Sharpedo|Ice Fang|p1a: Zygarde
|-supereffective|p1a: Zygarde
|-damage|p1a: Zygarde|0 fnt
|faint|p1a: Zygarde
|
|c| LessThanThreeKek|rip
|
|switch|p1a: Jirachi|Jirachi|341\/341
|turn|18
|
|move|p2a: Sharpedo|Crunch|p1a: Jirachi
|-supereffective|p1a: Jirachi
|-damage|p1a: Jirachi|0 fnt
|faint|p1a: Jirachi
|
|
|switch|p1a: Machamp|Machamp, F|167\/321
|turn|19
|c|âBob the Bro|bg
|c| LessThanThreeKek|cruch
|c| LessThanThreeKek|pls
|c|âVolbeatdown|bg
|
|move|p2a: Sharpedo|Waterfall|p1a: Machamp
|-damage|p1a: Machamp|0 fnt
|faint|p1a: Machamp
|
|win|Volbeatdown
|c| LessThanThreeKek|to see damage