|join|DMT
|join|Bob the Bro
|player|p1|DMT|184
|player|p2|Bob the Bro|23
|gametype|singles
|gen|6
|tier|UU
|rule|Sleep Clause Mod: Limit one foe put to sleep
|rule|Species Clause: Limit one of each PokÃ©mon
|rule|OHKO Clause: OHKO moves are banned
|rule|Moody Clause: Moody is banned
|rule|Evasion Moves Clause: Evasion moves are banned
|rule|Endless Battle Clause: Forcing endless battles is banned
|rule|HP Percentage Mod: HP is shown in percentages
|clearpoke
|poke|p1|Shedinja
|poke|p1|Absol, M
|poke|p1|Xatu, M
|poke|p1|Cobalion
|poke|p1|Archeops, F
|poke|p1|Tentacruel, F
|poke|p2|Zygarde
|poke|p2|Aggron, F
|poke|p2|Forretress, F
|poke|p2|Jellicent, M
|poke|p2|Blissey, F
|poke|p2|Aromatisse, F
|rule|Swagger Clause: Swagger is banned
|rule|Baton Pass Clause: Limit one PokÃ©mon knowing Baton Pass
|teampreview
|join|Magma Admin~
|join|Living Proof
|join|so dynamic
|join|prof. waiv ââ¿â
|join|the fun in this
|join|Bud Hertz
|c|âBob the Bro|oh
|join|upforgot
|c|âBob the Bro|oldschool
|join|Super Mario Kek
|c|âDMT|goin
|c| Bud Hertz|pepper
|c| Bud Hertz|your
|c|âDMT|yes
|c| Bud Hertz|angus
|c| the fun in this|dmt u shudve brought plusle
|c| Bud Hertz|dmt going in dry
|c| Bud Hertz|( Í¡Â° ÍÊ Í¡Â°)
|join|Colbrushie
|c|âDMT|yeah I should have
|join|SmashBrosBrawl
|c| the fun in this|he is magnet rise plusle weak
|c|âDMT|plusle sweeps you bob
|join|Zygarde <3
|c| Bob the Dmt|interesting
|c|âDMT|HP fire and focus punch
|join|UniterFlash
|c| Colbrushie|guide to beating bob
|c| Magma Admin~|tru
|
|start
|switch|p1a: Redneck|Archeops, F|291\/291
|switch|p2a: Nukem|Aggron, F|344\/344
|turn|1
|join|dracklor
|join|BGSP
|c| Colbrushie|cm reuniclus
|join|DrReuniclus3
|c|âBob the Bro|i lost to meowiekins 's sheddy team last night pretty bad
|leave|dracklor
|
|detailschange|p2a: Nukem|Aggron-Mega, F
|message|Aggron has Mega Evolved into Mega Aggron!
|move|p1a: Redneck|U-turn|p2a: Nukem
|-resisted|p2a: Nukem
|-damage|p2a: Nukem|325\/344
|c|âDMT|lolol
|c| the fun in this|bob should i add two more pokes to the team
|c|âDMT|his team is p good
|c| the fun in this|in that case what pokes
|
|switch|p1a: Win Condition|Shedinja|1\/1
|move|p2a: Nukem|Heavy Slam|p1a: Win Condition
|-activate|p1a: Win Condition|ability: Wonder Guard
|
|turn|2
|
|switch|p1a: DOOT DOOT|Xatu, M|334\/334
|move|p2a: Nukem|Stealth Rock|p1a: DOOT DOOT
|move|p1a: DOOT DOOT|Stealth Rock|p2a: Nukem|[from]Magic Bounce
|-sidestart|p2: Bob the Bro|move: Stealth Rock
|
|turn|3
|c|âBob the Bro|o rekt
|c| Bob the Dmt|OH
|c| Bob the Dmt|OH
|c|+SmashBrosBrawl|>>>>>>>>>.
|c| Bob the Dmt|OH
|c|âDMT|:O
|c| so dynamic|ez
|c|+SmashBrosBrawl|lol fagot
|join|dracklor
|
|move|p1a: DOOT DOOT|Night Shade|p2a: Nukem
|-damage|p2a: Nukem|225\/344
|move|p2a: Nukem|Stealth Rock|p1a: DOOT DOOT
|move|p1a: DOOT DOOT|Stealth Rock|p2a: Nukem|[from]Magic Bounce
|-fail|p2a: Nukem
|
|turn|4
|join|plini
|c| Colbrushie|this is the true dmteam
|leave|Magma Admin~
|c|âDMT|n
|c| Colbrushie|rely on double spam
|c|+SmashBrosBrawl|LOL
|c| Bob the Dmt|;p;
|c| Bud Hertz|LOL
|c|+SmashBrosBrawl|good play
|c| Bob the Dmt|is dmt
|c|âDMT|you're playin DMT style bob :S
|c| Bob the Dmt|evil?
|c|+SmashBrosBrawl|do it one more time
|
|move|p1a: DOOT DOOT|U-turn|p2a: Nukem
|-resisted|p2a: Nukem
|-damage|p2a: Nukem|217\/344
|
|switch|p1a: Combat Clothes|Cobalion|386\/386
|move|p2a: Nukem|Heavy Slam|p1a: Combat Clothes
|-resisted|p1a: Combat Clothes
|-damage|p1a: Combat Clothes|359\/386
|
|turn|5
|c|+SmashBrosBrawl|>uturning
|c| Colbrushie|NO
|c| prof. waiv ââ¿â|lol
|c| Colbrushie|WHERE AER THE ROCKS
|c| prof. waiv ââ¿â|oml the plays
|c| Bob the Dmt|BOB THE BOT
|c| prof. waiv ââ¿â|:|
|c| the fun in this|bob u p bad rn no wonder i outplayed u
|
|switch|p2a: Badaboom|Forretress, F|354\/354
|-damage|p2a: Badaboom|310\/354|[from] Stealth Rock
|move|p1a: Combat Clothes|Volt Switch|p2a: Badaboom
|-damage|p2a: Badaboom|241\/354
|c| Bob the Dmt|WHAT ARE YOU DOING BOBBY
|
|switch|p1a: Fairy\/Dark plz|Absol, M|271\/271
|
|-heal|p2a: Badaboom|263\/354|[from] item: Leftovers
|turn|6
|c| Bob the Dmt|ohwell
|c| prof. waiv ââ¿â|nice plays
|
|switch|p2a: Bunny|Aromatisse, F|406\/406
|-damage|p2a: Bunny|356\/406|[from] Stealth Rock
|detailschange|p1a: Fairy\/Dark plz|Absol-Mega, M
|message|Absol has Mega Evolved into Mega Absol!
|move|p1a: Fairy\/Dark plz|Knock Off|p2a: Bunny
|-resisted|p2a: Bunny
|-damage|p2a: Bunny|257\/406
|-enditem|p2a: Bunny|Leftovers|[from] move: Knock Off|[of] p1a: Fairy\/Dark plz
|
|turn|7
|join|chaosowner34
|c| plini|wait zygardes back?
|c|âBob the Bro|i am bad
|c|âDMT|yes
|c| Bob the Dmt|be gobo greeed
|c| upforgot|iron tail
|c| Bob the Dmt|oh
|leave|UniterFlash
|
|move|p1a: Fairy\/Dark plz|Baton Pass|p1a: Fairy\/Dark plz
|c| so dynamic|sd where
|c|+SmashBrosBrawl|iron tail
|c| the fun in this|dmtis team reminds me of meowies
|
|switch|p1a: Ten Tickles|Tentacruel, F|364\/364
|move|p2a: Bunny|Wish|p2a: Bunny
|
|turn|8
|c| Bob the Dmt|oh
|c| prof. waiv ââ¿â|nah bobo still wins 
|c| Bud Hertz|ten tickles
|c| prof. waiv ââ¿â|i believe
|c| Bud Hertz|( Í¡Â° ÍÊ Í¡Â°)
|
|switch|p2a: Badaboom|Forretress, F|263\/354
|-damage|p2a: Badaboom|219\/354|[from] Stealth Rock
|move|p1a: Ten Tickles|Toxic Spikes|p2a: Badaboom
|-sidestart|p2: Bob the Bro|move: Toxic Spikes
|
|-heal|p2a: Badaboom|354\/354|[from] move: Wish|[wisher] Bunny
|turn|9
|c| Bob the Dmt|hi aggron
|c| so dynamic|bob loses
|c| Bob the Dmt|what
|c| Bob the Dmt|bob
|c| the fun in this|my tentacruel name in gen 4 was 10tickles
|c| prof. waiv ââ¿â|i believe in bob he is based bro
|
|move|p1a: Ten Tickles|Scald|p2a: Badaboom
|-damage|p2a: Badaboom|236\/354
|-status|p2a: Badaboom|brn
|move|p2a: Badaboom|Rapid Spin|p1a: Ten Tickles
|-damage|p1a: Ten Tickles|355\/364
|-sideend|p2: Bob the Bro|Toxic Spikes|[from] move: Rapid Spin|[of] p2a: Badaboom
|-sideend|p2: Bob the Bro|Stealth Rock|[from] move: Rapid Spin|[of] p2a: Badaboom
|
|-heal|p1a: Ten Tickles|364\/364|[from] item: Black Sludge
|-heal|p2a: Badaboom|258\/354 brn|[from] item: Leftovers
|-damage|p2a: Badaboom|214\/354 brn|[from] brn
|turn|10
|c|âDMT|ik you have toxic though that's the thing
|c|âBob the Bro|fk
|c|âDMT|:P
|c| Bud Hertz|just
|c| Bud Hertz|RAISE YOUR TSPIKES
|
|switch|p1a: DOOT DOOT|Xatu, M|334\/334
|switch|p2a: Norfleet|Zygarde|420\/420
|-ability|p2a: Norfleet|Aura Break
|
|turn|11
|c| Bob the Dmt|oh
|c| Bob the Dmt|sub
|c| Bob the Dmt|sub
|c|âDMT|stone edge!
|c| Bob the Dmt|kek
|
|switch|p1a: Win Condition|Shedinja|1\/1
|move|p2a: Norfleet|Coil|p2a: Norfleet
|-boost|p2a: Norfleet|atk|1
|-boost|p2a: Norfleet|def|1
|-boost|p2a: Norfleet|accuracy|1
|
|turn|12
|c|+SmashBrosBrawl|nice 
|c|+SmashBrosBrawl|play
|c| Bob the Dmt|ugh
|c| Bob the Dmt|kek
|c| prof. waiv ââ¿â|hp fire y\/y
|
|switch|p2a: Mongol|Jellicent, M|394\/394
|move|p1a: Win Condition|Swords Dance|p1a: Win Condition
|-boost|p1a: Win Condition|atk|2
|
|turn|13
|c| Bob the Dmt|oh
|c|+SmashBrosBrawl|nice
|c|+SmashBrosBrawl|play
|c| Bob the Dmt|rip
|
|switch|p1a: Fairy\/Dark plz|Absol-Mega, M|271\/271
|move|p2a: Mongol|Scald|p1a: Fairy\/Dark plz
|-damage|p1a: Fairy\/Dark plz|136\/271
|-status|p1a: Fairy\/Dark plz|brn
|
|-damage|p1a: Fairy\/Dark plz|103\/271 brn|[from] brn
|turn|14
|c|âDMT|?
|c| so dynamic|predict wisp miss
|join|BurstStream
|c|âDMT|lame
|c|+SmashBrosBrawl|LOL
|c| Colbrushie|rekt
|c|+SmashBrosBrawl|PREDICK
|c| Bob the Dmt|more rip
|c|+SmashBrosBrawl|dmt
|c| Bob the Dmt|;p;
|c|+SmashBrosBrawl|u are 
|c| so dynamic|nice and
|c|+SmashBrosBrawl|a dum
|c| Bob the Dmt|lol
|c| prof. waiv ââ¿â|see
|c| so dynamic|smashed
|
|switch|p2a: Bunny|Aromatisse, F|257\/406
|move|p1a: Fairy\/Dark plz|Swords Dance|p1a: Fairy\/Dark plz
|-boost|p1a: Fairy\/Dark plz|atk|2
|
|-damage|p1a: Fairy\/Dark plz|70\/271 brn|[from] brn
|turn|15
|c| BurstStream|Oh the Classic
|c|âDMT|I'm making DMT palys
|c| BurstStream|Shedinja Shessions
|c| prof. waiv ââ¿â|always believe in bobo
|c| Bob the Dmt|BOB
|join|ZvZ
|
|move|p1a: Fairy\/Dark plz|Swords Dance|p1a: Fairy\/Dark plz
|-boost|p1a: Fairy\/Dark plz|atk|2
|move|p2a: Bunny|Wish|p2a: Bunny
|
|-damage|p1a: Fairy\/Dark plz|37\/271 brn|[from] brn
|turn|16
|c| Bob the Dmt|to shendinja imo
|c| Bob the Dmt|kek
|c| Bob the Dmt|NO
|c| Bob the Dmt|what
|c| Colbrushie|KEK
|c| Bob the Dmt|is this
|c| so dynamic|epic
|c| Colbrushie|sd again
|c| Colbrushie|sd again
|c|+SmashBrosBrawl|he literally
|c|âDMT|at this point
|c|+SmashBrosBrawl|wished
|
|switch|p2a: Nukem|Aggron-Mega, F|217\/344
|move|p1a: Fairy\/Dark plz|Baton Pass|p1a: Fairy\/Dark plz
|c| Bob the Dmt|sturdy aggron
|c|âDMT|if I win I postcom
|c| prof. waiv ââ¿â|IN
|join|gobosox
|c| Colbrushie|YOU DIDN'T
|c| prof. waiv ââ¿â|IN
|c|âDMT|:S
|c| prof. waiv ââ¿â|IN
|c| Colbrushie|SD AGAIN
|join|dodmen
|c|+SmashBrosBrawl|roar this man nigga
|c| prof. waiv ââ¿â|rekt
|c| Bob the Dmt|COBA
|c|+SmashBrosBrawl|go to coba
|
|switch|p1a: Win Condition|Shedinja|1\/1
|
|-heal|p2a: Nukem|344\/344|[from] move: Wish|[wisher] Bunny
|turn|17
|c|+SmashBrosBrawl|ye
|c| prof. waiv ââ¿â|xatu
|c|+SmashBrosBrawl|dmt
|c|+SmashBrosBrawl|you fucking
|c| Bob the Dmt|and voltsiwch
|c|+SmashBrosBrawl|spastic
|c| Bob the Dmt|what is this
|c|+SmashBrosBrawl|he is gonna roar
|c|âDMT|???????
|c| BurstStream|Also if Only 
|c| BurstStream|you had SD Haxorus
|c| dodmen|he is
|c| prof. waiv ââ¿â|what are you doing dmt
|c| dodmen|metal burst
|c| Bob the Dmt|sandstorm aggron imo
|c| BurstStream|for the Glory
|c|âDMT|idk what I'm doing
|c|âDMT|idk if metal burst
|c|+SmashBrosBrawl|shouldve passed to cobalion
|c|âDMT|hurts me
|c|âDMT|coba can't ohko
|c|âDMT|and metal burst
|c|âDMT|can ohko back
|c|âDMT|:S
|c|+SmashBrosBrawl|zzz
|join|mezomi
|c|+SmashBrosBrawl|taunt first
|
|move|p1a: Win Condition|Shadow Sneak|p2a: Nukem
|-damage|p2a: Nukem|262\/344
|move|p2a: Nukem|Roar|p1a: Win Condition
|drag|p1a: DOOT DOOT|Xatu, M|334\/334
|
|turn|18
|c|âDMT|yes ofcourse
|join|dark1laser
|c|+SmashBrosBrawl|big dmg
|c| Bob the Dmt|LOL
|c| Living Proof|Metal Burst is Steel
|leave|mezomi
|
|move|p1a: DOOT DOOT|Night Shade|p2a: Nukem
|-damage|p2a: Nukem|162\/344
|move|p2a: Nukem|Heavy Slam|p1a: DOOT DOOT
|-damage|p1a: DOOT DOOT|177\/334
|-damage|p2a: Nukem|105\/344|[from] item: Rocky Helmet|[of] p1a: DOOT DOOT
|
|turn|19
|c| dark1laser|hi todd
|
|switch|p2a: Tunguska|Blissey, F|714\/714
|move|p1a: DOOT DOOT|U-turn|p2a: Tunguska
|-damage|p2a: Tunguska|656\/714
|c|âDMT|hi todd!
|
|switch|p1a: Ten Tickles|Tentacruel, F|364\/364
|
|-heal|p2a: Tunguska|700\/714|[from] item: Leftovers
|turn|20
|c|+SmashBrosBrawl|>blissey
|c| DrReuniclus3|hi todd!
|
|move|p1a: Ten Tickles|Toxic Spikes|p2a: Tunguska
|-sidestart|p2: Bob the Bro|move: Toxic Spikes
|move|p2a: Tunguska|Wish|p2a: Tunguska
|
|-heal|p2a: Tunguska|714\/714|[from] item: Leftovers
|turn|21
|c|+SmashBrosBrawl|>wish
|
|switch|p2a: Nukem|Aggron-Mega, F|105\/344
|move|p1a: Ten Tickles|Scald|p2a: Nukem
|-damage|p2a: Nukem|39\/344
|
|-heal|p2a: Nukem|344\/344|[from] move: Wish|[wisher] Tunguska
|turn|22
|c|âDMT|burn
|c|âDMT|wtf
|c|âDMT|it didn't burn!
|c| dark1laser|u guys know todd?
|c| BurstStream|Also where
|c|+SmashBrosBrawl|it tickled
|
|switch|p1a: DOOT DOOT|Xatu, M|177\/334
|switch|p2a: Tunguska|Blissey, F|714\/714
|-status|p2a: Tunguska|psn
|
|-damage|p2a: Tunguska|625\/714 psn|[from] psn
|turn|23
|c|+SmashBrosBrawl|literally
|
|move|p1a: DOOT DOOT|U-turn|p2a: Tunguska
|-damage|p2a: Tunguska|570\/714 psn
|c| BurstStream|is your Zygarde
|c| BurstStream|6-0
|
|switch|p1a: Redneck|Archeops, F|291\/291
|move|p2a: Tunguska|Wish|p2a: Tunguska
|
|-heal|p2a: Tunguska|614\/714 psn|[from] item: Leftovers
|-damage|p2a: Tunguska|525\/714 psn|[from] psn
|turn|24
|
|move|p2a: Tunguska|Protect|p2a: Tunguska
|-singleturn|p2a: Tunguska|Protect
|move|p1a: Redneck|Switcheroo|p2a: Tunguska
|-activate|p2a: Tunguska|Protect
|
|-heal|p2a: Tunguska|714\/714 psn|[from] move: Wish|[wisher] Tunguska
|-damage|p2a: Tunguska|625\/714 psn|[from] psn
|turn|25
|
|move|p1a: Redneck|Switcheroo|p2a: Tunguska
|-activate|p1a: Redneck|move: Trick|[of] p2a: Tunguska
|-item|p2a: Tunguska|Choice Scarf|[from] Trick
|-item|p1a: Redneck|Leftovers|[from] Trick
|move|p2a: Tunguska|Wish|p2a: Tunguska
|
|-damage|p2a: Tunguska|536\/714 psn|[from] psn
|turn|26
|c|âDMT|gotem
|c|âBob the Bro|o
|c|+SmashBrosBrawl|not
|c|+SmashBrosBrawl|bad
|
|switch|p2a: Badaboom|Forretress, F|214\/354 brn
|move|p1a: Redneck|U-turn|p2a: Badaboom
|-resisted|p2a: Badaboom
|-damage|p2a: Badaboom|190\/354 brn
|join|Shit user
|c|+SmashBrosBrawl|,,,,,,,,,,,
|c| prof. waiv ââ¿â|dat triple predict tho
|join|new alt bcuz
|c|+SmashBrosBrawl|,,,,,,,,,,,,,,,,,,,,,,,,,,,,,,,,,,,,,,,,
|c|+SmashBrosBrawl|,,,,,,,,,,,,,,,,,,,,,,,,,,,,,,,,,,,,,,,,,
|
|switch|p1a: DOOT DOOT|Xatu, M|177\/334
|
|-heal|p2a: Badaboom|354\/354 brn|[from] move: Wish|[wisher] Tunguska
|-damage|p2a: Badaboom|310\/354 brn|[from] brn
|turn|27
|c| prof. waiv ââ¿â|dmt u man
|c| dodmen|sr here
|c|âDMT|sr here ez
|
|switch|p2a: Tunguska|Blissey, F|536\/714
|-status|p2a: Tunguska|psn
|move|p1a: DOOT DOOT|Roost|p1a: DOOT DOOT
|-heal|p1a: DOOT DOOT|334\/334
|
|-damage|p2a: Tunguska|447\/714 psn|[from] psn
|turn|28
|c|âDMT|E
|c|âDMT|Z
|c|+SmashBrosBrawl|scarf blissey
|c|+SmashBrosBrawl|blizzard here
|
|move|p1a: DOOT DOOT|U-turn|p2a: Tunguska
|-crit|p2a: Tunguska
|-damage|p2a: Tunguska|366\/714 psn
|join|Rocky Helmet Gatr
|c| dodmen|damn
|
|switch|p1a: Combat Clothes|Cobalion|359\/386
|move|p2a: Tunguska|Counter|p1a: Combat Clothes
|-damage|p1a: Combat Clothes|197\/386
|
|-damage|p2a: Tunguska|277\/714 psn|[from] psn
|turn|29
|c|âDMT|oh
|c|+SmashBrosBrawl|lol
|c| dodmen|sick damage
|c|âDMT|right
|c| prof. waiv ââ¿â|fuck
|c| prof. waiv ââ¿â|that is real right there
|
|switch|p2a: Nukem|Aggron-Mega, F|344\/344
|move|p1a: Combat Clothes|Volt Switch|p2a: Nukem
|-damage|p2a: Nukem|306\/344
|c| Rocky Helmet Gatr|im here bb's
|
|switch|p1a: DOOT DOOT|Xatu, M|334\/334
|
|turn|30
|
|move|p1a: DOOT DOOT|Night Shade|p2a: Nukem
|-damage|p2a: Nukem|206\/344
|move|p2a: Nukem|Metal Burst|p1a: DOOT DOOT
|-damage|p1a: DOOT DOOT|184\/334
|
|turn|31
|c|âDMT|rocks here
|c|+SmashBrosBrawl|lolabsolisded
|c|âDMT|awe
|c| Rocky Helmet Gatr|oog
|c| Colbrushie|that
|c| Colbrushie|works
|c| Colbrushie|kek
|
|switch|p2a: Badaboom|Forretress, F|310\/354 brn
|move|p1a: DOOT DOOT|Roost|p1a: DOOT DOOT
|-heal|p1a: DOOT DOOT|334\/334
|
|-heal|p2a: Badaboom|332\/354 brn|[from] item: Leftovers
|-damage|p2a: Badaboom|288\/354 brn|[from] brn
|turn|32
|
|move|p1a: DOOT DOOT|Night Shade|p2a: Badaboom
|-damage|p2a: Badaboom|188\/354 brn
|move|p2a: Badaboom|Rapid Spin|p1a: DOOT DOOT
|-crit|p1a: DOOT DOOT
|-damage|p1a: DOOT DOOT|324\/334
|-damage|p2a: Badaboom|129\/354 brn|[from] item: Rocky Helmet|[of] p1a: DOOT DOOT
|-sideend|p2: Bob the Bro|Toxic Spikes|[from] move: Rapid Spin|[of] p2a: Badaboom
|
|-heal|p2a: Badaboom|151\/354 brn|[from] item: Leftovers
|-damage|p2a: Badaboom|107\/354 brn|[from] brn
|turn|33
|c| Rocky Helmet Gatr|eziest night shade of ur life
|join|ScarfCounterBliss
|leave|plini
|c| dodmen|sr here
|c| so dynamic|spikes here
|
|switch|p2a: Tunguska|Blissey, F|277\/714
|move|p1a: DOOT DOOT|Night Shade|p2a: Tunguska
|-immune|p2a: Tunguska|[msg]
|
|turn|34
|join|not even OG_Wanka
|c|âDMT|this is sew in tents
|c| the fun in this|i come back here
|c| the fun in this|what do i see
|c| the fun in this|6-6
|c|+SmashBrosBrawl|no sell
|
|switch|p1a: Ten Tickles|Tentacruel, F|364\/364
|move|p2a: Tunguska|Wish|p2a: Tunguska
|
|turn|35
|c| the fun in this|i got him down 2 pokes in 20 turns
|c| ScarfCounterBliss|always the 6-6
|c| the fun in this|dmt
|
|switch|p2a: Badaboom|Forretress, F|107\/354 brn
|move|p1a: Ten Tickles|Scald|p2a: Badaboom
|-damage|p2a: Badaboom|0 fnt
|faint|p2a: Badaboom
|
|c|âDMT|burn
|c| dark1laser|is that banded?
|c| ScarfCounterBliss|its ok
|c|âDMT|burn
|c|âDMT|burn
|c|âDMT|burn
|c|âDMT|burn
|c|âDMT|or forre ded
|c|+SmashBrosBrawl|...
|c| Rocky Helmet Gatr|nb
|c| ScarfCounterBliss|nice n burn
|c| dodmen|EPIC
|c| dark1laser|oh w8
|c| Colbrushie|well
|c| Colbrushie|tspikes win now
|c|âBob the Bro|ok its ogre
|c|âDMT|I think so
|c|âDMT|wait
|c|âDMT|don't
|c|âDMT|don't quit ;o;
|
|switch|p2a: Mongol|Jellicent, M|394\/394
|turn|36
|c|+SmashBrosBrawl|quit
|c|âDMT|I wanna play this out
|c| Rocky Helmet Gatr|not over yet
|c|+SmashBrosBrawl|its over
|c|+SmashBrosBrawl|fucking
|c|+SmashBrosBrawl|ogre
|c| dodmen|it's not over
|c| Rocky Helmet Gatr|rocky helmet mega aggron 
|
|switch|p1a: Fairy\/Dark plz|Absol-Mega, M|37\/271 brn
|move|p2a: Mongol|Will-O-Wisp|p1a: Fairy\/Dark plz
|move|p1a: Fairy\/Dark plz|Will-O-Wisp|p2a: Mongol|[from]Magic Bounce|[miss]
|-miss|p1a: Fairy\/Dark plz|p2a: Mongol
|
|-damage|p1a: Fairy\/Dark plz|4\/271 brn|[from] brn
|turn|37
|c| Rocky Helmet Gatr|imo
|c|âDMT|lame
|c| ScarfCounterBliss|Blissey can just pull another counter
|c| Bob the Dmt|LOL
|c| Bud Hertz|wow
|c| dodmen|SICK
|c| dodmen|DODGE
|
|switch|p2a: Bunny|Aromatisse, F|257\/406
|move|p1a: Fairy\/Dark plz|Baton Pass|p1a: Fairy\/Dark plz
|c|+SmashBrosBrawl|epic
|c|âBob the Bro|nb
|
|switch|p1a: Ten Tickles|Tentacruel, F|364\/364
|
|turn|38
|c| dodmen|you probably want dual tspikes anyway
|c|âDMT|mhm
|c| prof. waiv ââ¿â|ye it's gg
|c| Bob the Dmt|just
|
|switch|p2a: Mongol|Jellicent, M|394\/394
|move|p1a: Ten Tickles|Toxic Spikes|p2a: Mongol
|-sidestart|p2: Bob the Bro|move: Toxic Spikes
|
|turn|39
|c|âDMT|I need
|c|+SmashBrosBrawl|>gg
|c|âDMT|postcom material
|c| Bob the Dmt|switch to jelli
|c|âDMT|tho
|
|move|p1a: Ten Tickles|Toxic Spikes|p2a: Mongol
|-sidestart|p2: Bob the Bro|move: Toxic Spikes
|move|p2a: Mongol|Scald|p1a: Ten Tickles
|-resisted|p1a: Ten Tickles
|-damage|p1a: Ten Tickles|334\/364
|
|-heal|p1a: Ten Tickles|356\/364|[from] item: Black Sludge
|turn|40
|c|+SmashBrosBrawl|>implying the match wasnt decided at team preview
|c| Bob the Dmt|after the first t-spike...
|
|switch|p1a: DOOT DOOT|Xatu, M|324\/334
|move|p2a: Mongol|Will-O-Wisp|p1a: DOOT DOOT
|move|p1a: DOOT DOOT|Will-O-Wisp|p2a: Mongol|[from]Magic Bounce
|-status|p2a: Mongol|brn
|
|-damage|p2a: Mongol|345\/394 brn|[from] brn
|turn|41
|leave|Shit user
|c| Bud Hertz|>implying dmt isn't greatest pokemon player of all itme
|c| Bob the Dmt|OH
|c|âDMT|that's actually
|c|âDMT|bad for me
|c| dodmen|so when were u gonna
|c| dark1laser|so much bounce
|c|âDMT|this thing is a pain now
|join|NUB QoL
|
|move|p1a: DOOT DOOT|Giga Drain|p2a: Mongol
|-supereffective|p2a: Mongol
|-damage|p2a: Mongol|261\/394 brn
|-heal|p1a: DOOT DOOT|334\/334|[from] drain|[of] p2a: Mongol
|move|p2a: Mongol|Scald|p1a: DOOT DOOT
|-damage|p1a: DOOT DOOT|228\/334
|
|-heal|p2a: Mongol|285\/394 brn|[from] item: Leftovers
|-damage|p2a: Mongol|236\/394 brn|[from] brn
|turn|42
|c| dodmen|make him toxiced
|c| the fun in this|just putting zygard on a team makes it lose
|c| Bob the Dmt|lol
|c|âBob the Bro|lol i wanted that burn
|join|Can-Eh-Dian
|c|âDMT|that did nothing
|c|+SmashBrosBrawl|>implying half the team can harm shedinja
|c| BurstStream|That
|c| BurstStream|MF'ing
|c| Bob the Dmt|no burn
|c| BurstStream|lack of dmg
|c| Bob the Dmt|just
|
|move|p1a: DOOT DOOT|U-turn|p2a: Mongol
|-resisted|p2a: Mongol
|-damage|p2a: Mongol|217\/394 brn
|
|switch|p1a: Combat Clothes|Cobalion|197\/386
|move|p2a: Mongol|Recover|p2a: Mongol
|-heal|p2a: Mongol|394\/394 brn
|
|-damage|p2a: Mongol|345\/394 brn|[from] brn
|turn|43
|
|move|p1a: Combat Clothes|Volt Switch|p2a: Mongol
|-crit|p2a: Mongol
|-supereffective|p2a: Mongol
|-damage|p2a: Mongol|237\/394 brn
|
|switch|p1a: DOOT DOOT|Xatu, M|228\/334
|move|p2a: Mongol|Scald|p1a: DOOT DOOT
|-damage|p1a: DOOT DOOT|113\/334
|
|-heal|p2a: Mongol|261\/394 brn|[from] item: Leftovers
|-damage|p2a: Mongol|212\/394 brn|[from] brn
|turn|44
|c| Bob the Dmt|what
|c| dark1laser|zygarde cant touch sheddy rite?
|c| Bob the Dmt|are you doing?
|c|âDMT|idk
|c| Bob the Dmt|save the burn
|c| Bob the Dmt|lool
|c|âBob the Bro|burn where
|
|move|p1a: DOOT DOOT|U-turn|p2a: Mongol
|-resisted|p2a: Mongol
|-damage|p2a: Mongol|194\/394 brn
|c| BurstStream|Dude 
|
|switch|p1a: Ten Tickles|Tentacruel, F|356\/364
|move|p2a: Mongol|Recover|p2a: Mongol
|-heal|p2a: Mongol|391\/394 brn
|
|-heal|p1a: Ten Tickles|364\/364|[from] item: Black Sludge
|-heal|p2a: Mongol|394\/394 brn|[from] item: Leftovers
|-damage|p2a: Mongol|345\/394 brn|[from] brn
|turn|45
|c| BurstStream|Its the Legendary
|c| Can-Eh-Dian|rocky helmet zygarde imo
|c| BurstStream|Sub Toxic Zygarde
|c| Bud Hertz|spray your acid
|c| the fun in this|zygarde looses to hp ice minun
|c|âDMT|of course not
|c| Bob the Dmt|just let
|c|+SmashBrosBrawl|dmt
|leave|Zygarde <3
|c| prof. waiv ââ¿â|> no stab electric or grass or dark left
|c| Bud Hertz|all over his face
|c| dark1laser|nice
|c|âDMT|it's 6pm and I haven't finished my coffee
|c| Bob the Dmt|absol rest in peace
|c|+SmashBrosBrawl|your team would be better without archeops
|
|move|p1a: Ten Tickles|Acid Spray|p2a: Mongol
|-resisted|p2a: Mongol
|-damage|p2a: Mongol|329\/394 brn
|-unboost|p2a: Mongol|spd|2
|move|p2a: Mongol|Will-O-Wisp|p1a: Ten Tickles
|-status|p1a: Ten Tickles|brn
|
|-heal|p2a: Mongol|353\/394 brn|[from] item: Leftovers
|-damage|p1a: Ten Tickles|319\/364 brn|[from] brn
|-damage|p2a: Mongol|304\/394 brn|[from] brn
|turn|46
|c| Bob the Dmt|imo
|c|âDMT|this is a pokemon kinda night
|c| dark1laser|bobby
|c|+SmashBrosBrawl|on the grounds that it sucks
|
|switch|p1a: DOOT DOOT|Xatu, M|113\/334
|move|p2a: Mongol|Scald|p1a: DOOT DOOT
|-damage|p1a: DOOT DOOT|1\/334
|
|-heal|p2a: Mongol|328\/394 brn|[from] item: Leftovers
|-damage|p2a: Mongol|279\/394 brn|[from] brn
|turn|47
|c|âDMT|almost
|c|âDMT|just lost
|c|âDMT|!
|c| BurstStream|He needs SD Haxorus 
|c|âBob the Bro|fkn burn where
|c| BurstStream|just for the lolz
|c| Can-Eh-Dian|ez
|c|âDMT|lol
|
|move|p1a: DOOT DOOT|Roost|p1a: DOOT DOOT
|-heal|p1a: DOOT DOOT|168\/334
|move|p2a: Mongol|Scald|p1a: DOOT DOOT
|-damage|p1a: DOOT DOOT|54\/334
|
|-heal|p2a: Mongol|303\/394 brn|[from] item: Leftovers
|-damage|p2a: Mongol|254\/394 brn|[from] brn
|turn|48
|c|âDMT|no burn 4 u
|c|âBob the Bro|oml
|c| dodmen|KEK
|c|+SmashBrosBrawl|,,,
|c| Bud Hertz|BURN
|c| Bud Hertz|where
|
|move|p1a: DOOT DOOT|Giga Drain|p2a: Mongol
|-supereffective|p2a: Mongol
|-damage|p2a: Mongol|68\/394 brn
|-heal|p1a: DOOT DOOT|147\/334|[from] drain|[of] p2a: Mongol
|move|p2a: Mongol|Scald|p1a: DOOT DOOT
|-damage|p1a: DOOT DOOT|33\/334
|
|-heal|p2a: Mongol|92\/394 brn|[from] item: Leftovers
|-damage|p2a: Mongol|43\/394 brn|[from] brn
|turn|49
|c| the fun in this|bob the bro ur rly being an asle ow
|c| Rocky Helmet Gatr|DMT= confirmed haxlord
|c| Bud Hertz|dmt
|c|+SmashBrosBrawl|COUNTER TEAM
|c| Bud Hertz|is a hacker
|c|âDMT|:^]
|c| Colbrushie|BURN
|c| Colbrushie|WHERE
|c| Can-Eh-Dian|ez
|c| dodmen|SHIELD DUST
|c| dodmen|XATU
|
|switch|p2a: Nukem|Aggron-Mega, F|206\/344
|move|p1a: DOOT DOOT|Giga Drain|p2a: Nukem
|-resisted|p2a: Nukem
|-damage|p2a: Nukem|183\/344
|-heal|p1a: DOOT DOOT|45\/334|[from] drain|[of] p2a: Nukem
|
|turn|50
|c| dark1laser|why didnt u rroost?
|join|SkarmoryLife ::
|
|move|p1a: DOOT DOOT|Roost|p1a: DOOT DOOT
|-heal|p1a: DOOT DOOT|212\/334
|move|p2a: Nukem|Heavy Slam|p1a: DOOT DOOT
|-damage|p1a: DOOT DOOT|52\/334
|-damage|p2a: Nukem|126\/344|[from] item: Rocky Helmet|[of] p1a: DOOT DOOT
|
|turn|51
|c|âDMT|because choke
|c| dodmen|DON't
|
|move|p1a: DOOT DOOT|Roost|p1a: DOOT DOOT
|-heal|p1a: DOOT DOOT|219\/334
|move|p2a: Nukem|Heavy Slam|p1a: DOOT DOOT
|-damage|p1a: DOOT DOOT|48\/334
|-damage|p2a: Nukem|69\/344|[from] item: Rocky Helmet|[of] p1a: DOOT DOOT
|
|turn|52
|c| dodmen|u dare
|c| dodmen|clit
|c| dark1laser|roost
|c| Can-Eh-Dian|ez
|c| dark1laser|in
|c| dark1laser|in
|
|move|p1a: DOOT DOOT|Night Shade|p2a: Nukem
|-damage|p2a: Nukem|0 fnt
|faint|p2a: Nukem
|
|c| the fun in this|i bet he eqd that turn
|c| the fun in this|:)
|c| dark1laser|dmt
|join|plini
|c|âDMT|?
|
|switch|p2a: Tunguska|Blissey, F|277\/714
|-status|p2a: Tunguska|tox
|turn|53
|c| dark1laser|ur gud
|c| dodmen|implying
|
|move|p1a: DOOT DOOT|Roost|p1a: DOOT DOOT
|-heal|p1a: DOOT DOOT|215\/334
|move|p2a: Tunguska|Wish|p2a: Tunguska
|
|-damage|p2a: Tunguska|233\/714 tox|[from] psn
|turn|54
|leave|prof. waiv ââ¿â
|c| dark1laser|use giga drain
|c|+SmashBrosBrawl|gdrain bliss
|c| dark1laser|cuz high hp
|c|+SmashBrosBrawl|huge hp
|
|switch|p2a: Bunny|Aromatisse, F|257\/406
|-status|p2a: Bunny|tox
|move|p1a: DOOT DOOT|Night Shade|p2a: Bunny
|-damage|p2a: Bunny|157\/406 tox
|
|-heal|p2a: Bunny|406\/406 tox|[from] move: Wish|[wisher] Tunguska
|-damage|p2a: Bunny|381\/406 tox|[from] psn
|turn|55
|join|Kitty Cratt
|c| dark1laser|u get lots of hp bak
|join|Hydrocity3
|c| dodmen|aromatherapy
|c| dodmen|aromatherapy
|
|move|p1a: DOOT DOOT|U-turn|p2a: Bunny
|-resisted|p2a: Bunny
|-damage|p2a: Bunny|367\/406 tox
|c| dodmen|aromatherapy
|c| dodmen|aromatherapy
|c| dodmen|aromatherapy
|c| dodmen|aromatherapy
|c| dodmen|aromatherapy
|c| dodmen|aromatherapy
|
|switch|p1a: Combat Clothes|Cobalion|197\/386
|move|p2a: Bunny|Wish|p2a: Bunny
|
|-damage|p2a: Bunny|317\/406 tox|[from] psn
|turn|56
|c| dodmen|aromatherapy
|c|+SmashBrosBrawl|literally go to sheddy
|c| dodmen|aromatherapy
|c|+SmashBrosBrawl|and kill everyone
|c| dodmen|aromatherapy
|c| dodmen|aromatherapy
|c| dodmen|aromatherapy
|c| dodmen|aromatherapy
|c| dark1laser|why is bob playing semistall
|
|move|p1a: Combat Clothes|Volt Switch|p2a: Bunny
|-damage|p2a: Bunny|265\/406 tox
|
|switch|p1a: Win Condition|Shedinja|1\/1
|move|p2a: Bunny|Moonblast|p1a: Win Condition
|-activate|p1a: Win Condition|ability: Wonder Guard
|
|-heal|p2a: Bunny|406\/406 tox|[from] move: Wish|[wisher] Bunny
|-damage|p2a: Bunny|331\/406 tox|[from] psn
|turn|57
|c|+SmashBrosBrawl|dmt
|c|+SmashBrosBrawl|haxorus kills everyone
|c| dodmen|dmt is a god
|c|+SmashBrosBrawl|on ur team
|c|âDMT|yeah
|c|âDMT|it does
|c| dodmen|dmt i a lord
|c|âDMT|so does mega amph
|c|+SmashBrosBrawl|good thing haxorus sucks
|c|âDMT|also rotom H
|c| Bud Hertz|what about
|c|âDMT|I really like haxorus
|c| Bud Hertz|shedinja
|c| Bud Hertz|!!!!!!!!!!1
|
|switch|p2a: Mongol|Jellicent, M|43\/394 brn
|move|p1a: Win Condition|Swords Dance|p1a: Win Condition
|-boost|p1a: Win Condition|atk|2
|
|-heal|p2a: Mongol|67\/394 brn|[from] item: Leftovers
|-damage|p2a: Mongol|18\/394 brn|[from] brn
|turn|58
|c| Hydrocity3|lol sword dance
|c|âBob the Bro|i hve nothing to hit sheddy except willo on this tbh
|join|Shit user
|c| Colbrushie|big players make big plays
|c|âDMT|but since zyg\/zam dropped and tini\/toge banned
|c|âDMT|shed is better
|c| dodmen|EPIC
|leave|Shit user
|c| dodmen|P
|c| dodmen|I
|c|âDMT|yeah ik :^]
|c| dodmen|C
|
|move|p1a: Win Condition|Shadow Sneak|p2a: Mongol
|-supereffective|p2a: Mongol
|-damage|p2a: Mongol|0 fnt
|faint|p2a: Mongol
|
|join|NUX Kody
|join|I<3Magikarp
|c| dodmen|nice
|c| dodmen|6-0
|c| dodmen|NICE
|c|+SmashBrosBrawl|nice
|
|switch|p2a: Norfleet|Zygarde|420\/420
|-status|p2a: Norfleet|tox
|-ability|p2a: Norfleet|Aura Break
|turn|59
|c|+SmashBrosBrawl|ghost
|c| BurstStream|Also Imb4
|c|+SmashBrosBrawl|the stone edge
|c| BurstStream|there is a random Toxic
|c|+SmashBrosBrawl|is here
|
|move|p2a: Norfleet|Coil|p2a: Norfleet
|-boost|p2a: Norfleet|atk|1
|-boost|p2a: Norfleet|def|1
|-boost|p2a: Norfleet|accuracy|1
|move|p1a: Win Condition|X-Scissor|p2a: Norfleet
|-damage|p2a: Norfleet|291\/420 tox
|
|-heal|p2a: Norfleet|317\/420 tox|[from] item: Leftovers
|-damage|p2a: Norfleet|291\/420 tox|[from] psn
|turn|60
|c| BurstStream|to hit you
|c|âDMT|POWER
|c| Hydrocity3|when was zygarde ever uu?
|c|âDMT|since like
|leave|NUX Kody
|c|âDMT|yesterda
|c|âDMT|y
|
|move|p2a: Norfleet|Substitute|p2a: Norfleet
|-start|p2a: Norfleet|Substitute
|-damage|p2a: Norfleet|186\/420 tox
|move|p1a: Win Condition|X-Scissor|p2a: Norfleet
|-end|p2a: Norfleet|Substitute
|
|-heal|p2a: Norfleet|212\/420 tox|[from] item: Leftovers
|-damage|p2a: Norfleet|160\/420 tox|[from] psn
|turn|61
|c|âDMT|iirc
|c| Can-Eh-Dian|not even rocky helmet zyg
|
|move|p1a: Win Condition|Shadow Sneak|p2a: Norfleet
|-damage|p2a: Norfleet|96\/420 tox
|move|p2a: Norfleet|Substitute|p2a: Norfleet
|-fail|p2a: Norfleet|move: Substitute|[weak]
|
|-heal|p2a: Norfleet|122\/420 tox|[from] item: Leftovers
|-damage|p2a: Norfleet|44\/420 tox|[from] psn
|turn|62
|c| Colbrushie|rekt
|c| so dynamic|DMT is good at pokemon
|
|move|p2a: Norfleet|Extreme Speed|p1a: Win Condition
|-immune|p1a: Win Condition|[msg]
|move|p1a: Win Condition|Shadow Sneak|p2a: Norfleet
|-damage|p2a: Norfleet|0 fnt
|faint|p2a: Norfleet
|
|c|âBob the Bro|rip
|c| Colbrushie|wat
|leave|Rocky Helmet Gatr
|c|âDMT|why can't I do this on ladder
|
|switch|p2a: Tunguska|Blissey, F|233\/714
|-status|p2a: Tunguska|tox
|turn|63
|c|+SmashBrosBrawl|epic
|leave|NUB QoL
|
|move|p1a: Win Condition|X-Scissor|p2a: Tunguska
|-damage|p2a: Tunguska|0 fnt
|faint|p2a: Tunguska
|
|
|switch|p2a: Bunny|Aromatisse, F|331\/406 tox
|turn|64
|c| Living Proof|Because not as much pressure DMT
|c| BurstStream|DMT have you ever though  or running Max HP Shdinja
|c| BurstStream|for the lewls
|join|prof. waiv ââ¿â
|
|move|p1a: Win Condition|Shadow Sneak|p2a: Bunny
|-damage|p2a: Bunny|226\/406 tox
|move|p2a: Bunny|Moonblast|p1a: Win Condition
|-activate|p1a: Win Condition|ability: Wonder Guard
|
|-damage|p2a: Bunny|201\/406 tox|[from] psn
|turn|65
|c|âDMT|you can't
|c|âDMT|I've tried
|c| prof. waiv ââ¿â|hp fire
|
|move|p1a: Win Condition|Shadow Sneak|p2a: Bunny
|-damage|p2a: Bunny|86\/406 tox
|move|p2a: Bunny|Moonblast|p1a: Win Condition
|-activate|p1a: Win Condition|ability: Wonder Guard
|
|-damage|p2a: Bunny|36\/406 tox|[from] psn
|turn|66
|c| BurstStream|Thats
|c| prof. waiv ââ¿â|tho
|c|âDMT|gg bob
|c| prof. waiv ââ¿â|:(
|
|move|p1a: Win Condition|Shadow Sneak|p2a: Bunny
|-crit|p2a: Bunny
|-damage|p2a: Bunny|0 fnt
|faint|p2a: Bunny
|
|win|DMT
|c| BurstStream|its for the lewlz
|c|âDMT|k wait
|c|âDMT|what team
|c|âDMT|vs trevor
|leave|Colbrushie
|c| prof. waiv ââ¿â|ooooft
|c|âDMT|?
|leave|so dynamic
|leave|Hydrocity3
|c|âBob the Bro|bg coz sheddy counters this team
|c| prof. waiv ââ¿â|nice and 6-0
|leave|new alt bcuz
|c|âDMT|tru tru
|leave|prof. waiv ââ¿â
|leave|Living Proof
|leave|I<3Magikarp
|leave|Bob the Bro
|player|p2
|c| Can-Eh-Dian|linda based sloot imo
|c| Bob the Dmt|66
|c| Bob the Dmt|devil
|leave|Can-Eh-Dian
|leave|plini
|join|DrReuniclus3
|leave|DrReuniclus3
|leave|dodmen
|leave|Bob the Dmt
|join|DrReuniclus3
|leave|DrReuniclus3
|leave|ZvZ
|leave|upforgot
|join|Colbrushie
|leave|Colbrushie
|leave|BGSP
|leave|SkarmoryLife ::
|leave|BurstStream
|leave|Bud Hertz
|leave|the fun in this
|leave|dracklor
|leave|SmashBrosBrawl
|leave|Kitty Cratt
|join|the fun in this
|join|plini
|join|DrReuniclus3
|join|BurstStream
|leave|plini
|join|DmTrevor
|leave|BurstStream
|leave|the fun in this