|join|Bob the Bro
|join|Pkmn Champ Lance
|player|p1|Bob the Bro|23
|player|p2|Pkmn Champ Lance|153
|gametype|singles
|gen|6
|tier|UU
|rated
|rule|Sleep Clause Mod: Limit one foe put to sleep
|rule|Species Clause: Limit one of each PokÃ©mon
|rule|OHKO Clause: OHKO moves are banned
|rule|Moody Clause: Moody is banned
|rule|Evasion Moves Clause: Evasion moves are banned
|rule|Endless Battle Clause: Forcing endless battles is banned
|rule|HP Percentage Mod: HP is shown in percentages
|clearpoke
|poke|p1|Zygarde
|poke|p1|Aggron, M
|poke|p1|Forretress, F
|poke|p1|Jellicent, M
|poke|p1|Blissey, F
|poke|p1|Aromatisse, F
|poke|p2|Zygarde
|poke|p2|Hippowdon, M
|poke|p2|Lucario, F
|poke|p2|Ampharos, F
|poke|p2|Mienshao, M
|poke|p2|Florges, F
|rule|Swagger Clause: Swagger is banned
|rule|Baton Pass Clause: Limit one PokÃ©mon knowing Baton Pass
|teampreview
|c|âPkmn Champ Lance|are you also yifeng or did you steal his team or vice versa
|c|âBob the Bro|idk
|c|âPkmn Champ Lance|good answer
|
|start
|switch|p1a: Transformer|Forretress, F|354\/354
|switch|p2a: Ampharos|Ampharos, F|322\/322
|turn|1
|
|detailschange|p2a: Ampharos|Ampharos-Mega, F
|message|Ampharos has Mega Evolved into Mega Ampharos!
|-ability|p2a: Ampharos|Mold Breaker
|move|p2a: Ampharos|Thunderbolt|p1a: Transformer
|-crit|p1a: Transformer
|-damage|p1a: Transformer|0 fnt
|faint|p1a: Transformer
|
|c|âPkmn Champ Lance|lol
|
|switch|p1a: Sham|Blissey, F|714\/714
|turn|2
|
|switch|p2a: Florges|Florges, F|360\/360
|move|p1a: Sham|Seismic Toss|p2a: Florges
|-damage|p2a: Florges|260\/360
|
|-heal|p2a: Florges|282\/360|[from] item: Leftovers
|turn|3
|
|switch|p1a: Fabled Tortoise|Aggron, M|344\/344
|move|p2a: Florges|Wish|p2a: Florges
|
|-heal|p2a: Florges|304\/360|[from] item: Leftovers
|turn|4
|
|switch|p2a: Ampharos|Ampharos-Mega, F|322\/322
|-ability|p2a: Ampharos|Mold Breaker
|detailschange|p1a: Fabled Tortoise|Aggron-Mega, M
|message|Aggron has Mega Evolved into Mega Aggron!
|move|p1a: Fabled Tortoise|Stealth Rock|p2a: Ampharos
|-sidestart|p2: Pkmn Champ Lance|move: Stealth Rock
|
|turn|5
|
|move|p2a: Ampharos|Focus Blast|p1a: Fabled Tortoise
|-supereffective|p1a: Fabled Tortoise
|-damage|p1a: Fabled Tortoise|24\/344
|-unboost|p1a: Fabled Tortoise|spd|1
|move|p1a: Fabled Tortoise|Metal Burst|p2a: Ampharos
|-damage|p2a: Ampharos|0 fnt
|faint|p2a: Ampharos
|
|c|âPkmn Champ Lance|!data metal burst
|c|~|\/data-move Metal Burst

|
|switch|p2a: Lucario|Lucario, F|281\/281
|-damage|p2a: Lucario|273\/281|[from] Stealth Rock
|turn|6
|
|switch|p1a: Cradle|Aromatisse, F|406\/406
|move|p2a: Lucario|Vacuum Wave|p1a: Cradle
|-resisted|p1a: Cradle
|-damage|p1a: Cradle|363\/406
|-damage|p2a: Lucario|245\/281|[from] item: Life Orb
|
|-heal|p1a: Cradle|388\/406|[from] item: Leftovers
|turn|7
|
|switch|p1a: Bee|Jellicent, M|394\/394
|move|p2a: Lucario|Flash Cannon|p1a: Bee
|-crit|p1a: Bee
|-resisted|p1a: Bee
|-damage|p1a: Bee|299\/394
|-damage|p2a: Lucario|217\/281|[from] item: Life Orb
|
|-heal|p1a: Bee|323\/394|[from] item: Leftovers
|turn|8
|
|switch|p2a: Florges|Florges, F|304\/360
|-damage|p2a: Florges|259\/360|[from] Stealth Rock
|move|p1a: Bee|Will-O-Wisp|p2a: Florges
|-status|p2a: Florges|brn
|
|-heal|p2a: Florges|281\/360 brn|[from] item: Leftovers
|-heal|p1a: Bee|347\/394|[from] item: Leftovers
|-damage|p2a: Florges|236\/360 brn|[from] brn
|turn|9
|
|move|p2a: Florges|Wish|p2a: Florges
|move|p1a: Bee|Taunt|p2a: Florges
|-start|p2a: Florges|move: Taunt
|
|-heal|p2a: Florges|258\/360 brn|[from] item: Leftovers
|-heal|p1a: Bee|371\/394|[from] item: Leftovers
|-damage|p2a: Florges|213\/360 brn|[from] brn
|turn|10
|
|move|p2a: Florges|Moonblast|p1a: Bee
|-damage|p1a: Bee|275\/394
|move|p1a: Bee|Will-O-Wisp|p2a: Florges
|-fail|p2a: Florges|brn
|
|-heal|p2a: Florges|360\/360 brn|[from] move: Wish|[wisher] Florges
|-heal|p1a: Bee|299\/394|[from] item: Leftovers
|-damage|p2a: Florges|315\/360 brn|[from] brn
|turn|11
|
|move|p2a: Florges|Moonblast|p1a: Bee
|-damage|p1a: Bee|208\/394
|move|p1a: Bee|Scald|p2a: Florges
|-damage|p2a: Florges|255\/360 brn
|
|-heal|p2a: Florges|277\/360 brn|[from] item: Leftovers
|-heal|p1a: Bee|232\/394|[from] item: Leftovers
|-damage|p2a: Florges|232\/360 brn|[from] brn
|turn|12
|
|move|p2a: Florges|Moonblast|p1a: Bee
|-damage|p1a: Bee|127\/394
|move|p1a: Bee|Recover|p1a: Bee
|-heal|p1a: Bee|324\/394
|
|-heal|p2a: Florges|254\/360 brn|[from] item: Leftovers
|-heal|p1a: Bee|348\/394|[from] item: Leftovers
|-damage|p2a: Florges|209\/360 brn|[from] brn
|-end|p2a: Florges|move: Taunt
|turn|13
|
|move|p2a: Florges|Wish|p2a: Florges
|move|p1a: Bee|Taunt|p2a: Florges
|-start|p2a: Florges|move: Taunt
|
|-heal|p2a: Florges|231\/360 brn|[from] item: Leftovers
|-heal|p1a: Bee|372\/394|[from] item: Leftovers
|-damage|p2a: Florges|186\/360 brn|[from] brn
|turn|14
|
|move|p2a: Florges|Moonblast|p1a: Bee
|-damage|p1a: Bee|272\/394
|move|p1a: Bee|Scald|p2a: Florges
|-damage|p2a: Florges|129\/360 brn
|
|-heal|p2a: Florges|309\/360 brn|[from] move: Wish|[wisher] Florges
|-heal|p2a: Florges|331\/360 brn|[from] item: Leftovers
|-heal|p1a: Bee|296\/394|[from] item: Leftovers
|-damage|p2a: Florges|286\/360 brn|[from] brn
|turn|15
|
|move|p2a: Florges|Moonblast|p1a: Bee
|-damage|p1a: Bee|193\/394
|move|p1a: Bee|Will-O-Wisp|p2a: Florges
|-fail|p2a: Florges|brn
|
|-heal|p2a: Florges|308\/360 brn|[from] item: Leftovers
|-heal|p1a: Bee|217\/394|[from] item: Leftovers
|-damage|p2a: Florges|263\/360 brn|[from] brn
|turn|16
|join|I<3Magikarp
|
|move|p2a: Florges|Moonblast|p1a: Bee
|-damage|p1a: Bee|121\/394
|-unboost|p1a: Bee|spa|1
|move|p1a: Bee|Will-O-Wisp|p2a: Florges
|-fail|p2a: Florges|brn
|
|-heal|p2a: Florges|285\/360 brn|[from] item: Leftovers
|-heal|p1a: Bee|145\/394|[from] item: Leftovers
|-damage|p2a: Florges|240\/360 brn|[from] brn
|-end|p2a: Florges|move: Taunt
|turn|17
|
|move|p2a: Florges|Wish|p2a: Florges
|move|p1a: Bee|Recover|p1a: Bee
|-heal|p1a: Bee|342\/394
|
|-heal|p2a: Florges|262\/360 brn|[from] item: Leftovers
|-heal|p1a: Bee|366\/394|[from] item: Leftovers
|-damage|p2a: Florges|217\/360 brn|[from] brn
|turn|18
|
|move|p2a: Florges|Moonblast|p1a: Bee
|-damage|p1a: Bee|270\/394
|-unboost|p1a: Bee|spa|1
|move|p1a: Bee|Will-O-Wisp|p2a: Florges
|-fail|p2a: Florges|brn
|
|-heal|p2a: Florges|360\/360 brn|[from] move: Wish|[wisher] Florges
|-heal|p1a: Bee|294\/394|[from] item: Leftovers
|-damage|p2a: Florges|315\/360 brn|[from] brn
|turn|19
|
|move|p2a: Florges|Moonblast|p1a: Bee
|-damage|p1a: Bee|194\/394
|move|p1a: Bee|Recover|p1a: Bee
|-heal|p1a: Bee|391\/394
|
|-heal|p2a: Florges|337\/360 brn|[from] item: Leftovers
|-heal|p1a: Bee|394\/394|[from] item: Leftovers
|-damage|p2a: Florges|292\/360 brn|[from] brn
|turn|20
|
|move|p2a: Florges|Wish|p2a: Florges
|move|p1a: Bee|Taunt|p2a: Florges
|-start|p2a: Florges|move: Taunt
|
|-heal|p2a: Florges|314\/360 brn|[from] item: Leftovers
|-damage|p2a: Florges|269\/360 brn|[from] brn
|turn|21
|
|move|p2a: Florges|Moonblast|p1a: Bee
|-damage|p1a: Bee|298\/394
|move|p1a: Bee|Will-O-Wisp|p2a: Florges
|-fail|p2a: Florges|brn
|
|-heal|p2a: Florges|360\/360 brn|[from] move: Wish|[wisher] Florges
|-heal|p1a: Bee|322\/394|[from] item: Leftovers
|-damage|p2a: Florges|315\/360 brn|[from] brn
|turn|22
|
|move|p2a: Florges|Moonblast|p1a: Bee
|-damage|p1a: Bee|219\/394
|-unboost|p1a: Bee|spa|1
|move|p1a: Bee|Scald|p2a: Florges
|-damage|p2a: Florges|291\/360 brn
|
|-heal|p2a: Florges|313\/360 brn|[from] item: Leftovers
|-heal|p1a: Bee|243\/394|[from] item: Leftovers
|-damage|p2a: Florges|268\/360 brn|[from] brn
|turn|23
|
|move|p2a: Florges|Moonblast|p1a: Bee
|-damage|p1a: Bee|150\/394
|-unboost|p1a: Bee|spa|1
|move|p1a: Bee|Recover|p1a: Bee
|-heal|p1a: Bee|347\/394
|
|-heal|p2a: Florges|290\/360 brn|[from] item: Leftovers
|-heal|p1a: Bee|371\/394|[from] item: Leftovers
|-damage|p2a: Florges|245\/360 brn|[from] brn
|-end|p2a: Florges|move: Taunt
|turn|24
|join|Swagilyph
|
|move|p2a: Florges|Wish|p2a: Florges
|move|p1a: Bee|Taunt|p2a: Florges
|-start|p2a: Florges|move: Taunt
|
|-heal|p2a: Florges|267\/360 brn|[from] item: Leftovers
|-heal|p1a: Bee|394\/394|[from] item: Leftovers
|-damage|p2a: Florges|222\/360 brn|[from] brn
|turn|25
|c| Swagilyph|I heard you made a stall team with blands shield names
|c| Swagilyph|and I love you for that
|
|move|p2a: Florges|Moonblast|p1a: Bee
|-damage|p1a: Bee|298\/394
|move|p1a: Bee|Will-O-Wisp|p2a: Florges
|-fail|p2a: Florges|brn
|
|-heal|p2a: Florges|360\/360 brn|[from] move: Wish|[wisher] Florges
|-heal|p1a: Bee|322\/394|[from] item: Leftovers
|-damage|p2a: Florges|315\/360 brn|[from] brn
|turn|26
|c|âBob the Bro|bl2 is life
|c| Swagilyph|got the pre sequel?
|c|âBob the Bro|lol nah gonna get that after my exams
|c| Swagilyph|fair enough
|c|âBob the Bro|you play on xbox or pc?
|c| Swagilyph|wait for some dlc to come out too
|c| Swagilyph|pc
|c|âBob the Bro|wow scrub
|c| Swagilyph|ikr
|c| Swagilyph|120 fps is really shitty
|c|âBob the Bro|30 fps is for the real men tbh
|
|switch|p2a: Zygarde|Zygarde|378\/378
|-damage|p2a: Zygarde|355\/378|[from] Stealth Rock
|-ability|p2a: Zygarde|Aura Break
|move|p1a: Bee|Will-O-Wisp|p2a: Zygarde
|-status|p2a: Zygarde|brn
|
|-heal|p1a: Bee|346\/394|[from] item: Leftovers
|-damage|p2a: Zygarde|308\/378 brn|[from] brn
|turn|27
|c| Swagilyph|I mean I record it on 30 so I know the struggle
|c| Swagilyph|I played like a collective 4000 hours on xbox blands 1 and 2 so I know whats up
|c|âBob the Bro|do you even xbox one 
|c| Swagilyph|nah bruh too much money for a shittier pc imo
|c|âBob the Bro|master chief collection tho
|
|switch|p1a: Sham|Blissey, F|714\/714
|move|p2a: Zygarde|Dragon Dance|p2a: Zygarde
|-boost|p2a: Zygarde|atk|1
|-boost|p2a: Zygarde|spe|1
|
|-damage|p2a: Zygarde|261\/378 brn|[from] brn
|turn|28
|c| Swagilyph|alright so sham and bee
|
|move|p2a: Zygarde|Dragon Dance|p2a: Zygarde
|-boost|p2a: Zygarde|atk|1
|-boost|p2a: Zygarde|spe|1
|move|p1a: Sham|Wish|p1a: Sham
|
|-damage|p2a: Zygarde|214\/378 brn|[from] brn
|turn|29
|c| Swagilyph|what was forre for reference
|c|âBob the Bro|i dunno tbh
|c|âBob the Bro|nothing else fit it
|c|âBob the Bro|oh
|c|âBob the Bro|transformer
|c| Swagilyph|mmm ok
|
|move|p2a: Zygarde|Earthquake|p1a: Sham
|-damage|p1a: Sham|425\/714
|move|p1a: Sham|Seismic Toss|p2a: Zygarde
|-damage|p2a: Zygarde|114\/378 brn
|
|-heal|p1a: Sham|714\/714|[from] move: Wish|[wisher] Sham
|-damage|p2a: Zygarde|67\/378 brn|[from] brn
|turn|30
|c| Swagilyph|you got impaler on one? eh ill wait and see
|c|âBob the Bro|isnt the impaler seraph
|
|move|p2a: Zygarde|Rest|p2a: Zygarde
|-status|p2a: Zygarde|slp
|-heal|p2a: Zygarde|378\/378 slp|[silent]
|-status|p2a: Zygarde|slp|[from] move: Rest
|-enditem|p2a: Zygarde|Chesto Berry|[eat]
|-curestatus|p2a: Zygarde|slp
|move|p1a: Sham|Wish|p1a: Sham
|
|turn|31
|c| Swagilyph|nah warrior drops it
|c| Swagilyph|regular legendary
|
|switch|p1a: Cradle|Aromatisse, F|388\/406
|move|p2a: Zygarde|Dragon Dance|p2a: Zygarde
|-boost|p2a: Zygarde|atk|1
|-boost|p2a: Zygarde|spe|1
|
|-heal|p1a: Cradle|406\/406|[from] move: Wish|[wisher] Sham
|turn|32
|c|âBob the Bro|oh nb
|c| Swagilyph|seraph shit was garb imo
|
|move|p2a: Zygarde|Earthquake|p1a: Cradle
|-damage|p1a: Cradle|57\/406
|move|p1a: Cradle|Moonblast|p2a: Zygarde
|-supereffective|p2a: Zygarde
|-damage|p2a: Zygarde|136\/378
|-unboost|p2a: Zygarde|spa|1
|
|-heal|p1a: Cradle|82\/406|[from] item: Leftovers
|turn|33
|
|switch|p1a: Fabled Tortoise|Aggron-Mega, M|24\/344
|move|p2a: Zygarde|Earthquake|p1a: Fabled Tortoise
|-supereffective|p1a: Fabled Tortoise
|-damage|p1a: Fabled Tortoise|0 fnt
|faint|p1a: Fabled Tortoise
|
|c|âBob the Bro|lol ikr
|
|switch|p1a: HideOfTerramorphou|Zygarde|404\/404
|-ability|p1a: HideOfTerramorphou|Aura Break
|turn|34
|c| Swagilyph|I played krieg though so it was all about the infinity pistol
|
|move|p2a: Zygarde|Outrage|p1a: HideOfTerramorphou
|-supereffective|p1a: HideOfTerramorphou
|-damage|p1a: HideOfTerramorphou|0 fnt
|faint|p1a: HideOfTerramorphou
|
|
|switch|p1a: Cradle|Aromatisse, F|82\/406
|turn|35
|
|move|p2a: Zygarde|Outrage|p1a: Cradle
|-immune|p1a: Cradle|[msg]
|move|p1a: Cradle|Moonblast|p2a: Zygarde
|-supereffective|p2a: Zygarde
|-damage|p2a: Zygarde|0 fnt
|faint|p2a: Zygarde
|
|-heal|p1a: Cradle|107\/406|[from] item: Leftovers
|
|switch|p2a: Lucario|Lucario, F|217\/281
|-damage|p2a: Lucario|209\/281|[from] Stealth Rock
|turn|36
|c|âBob the Bro|krieg is for elitists
|c|âBob the Bro|fkn 8 dollars to buy it
|c| Swagilyph|nah man I just thought it was fun
|
|switch|p2a: Mienshao|Mienshao, M|271\/271
|-damage|p2a: Mienshao|255\/271|[from] Stealth Rock
|switch|p1a: Bee|Jellicent, M|346\/394
|
|-heal|p1a: Bee|370\/394|[from] item: Leftovers
|turn|37
|c| Swagilyph|I had all characters lvl 72 on xbox
|join|waiv
|
|switch|p1a: Cradle|Aromatisse, F|107\/406
|move|p2a: Mienshao|Knock Off|p1a: Cradle
|-resisted|p1a: Cradle
|-damage|p1a: Cradle|53\/406
|-enditem|p1a: Cradle|Leftovers|[from] move: Knock Off|[of] p2a: Mienshao
|
|turn|38
|c|âBob the Bro|wow nerd
|c| waiv|lawl
|c| Swagilyph|yup
|c| waiv|pokemon champ lance tho
|c| waiv|bob 
|c|âBob the Bro|crit tbolt first turn probs cost me the game
|c| waiv|u beat the elite 4?!
|c|âBob the Bro|getting critted left n right today
|c|âPkmn Champ Lance|You can call me Lance, the Dragon Trainer.
|c| waiv|-_- damn
|
|switch|p2a: Lucario|Lucario, F|209\/281
|-damage|p2a: Lucario|201\/281|[from] Stealth Rock
|move|p1a: Cradle|Wish|p1a: Cradle
|
|turn|39
|c| Swagilyph|wait which one was the cradle the exploding one
|
|move|p2a: Lucario|Flash Cannon|p1a: Cradle
|-supereffective|p1a: Cradle
|-damage|p1a: Cradle|0 fnt
|-damage|p2a: Lucario|173\/281|[from] item: Life Orb
|faint|p1a: Cradle
|
|c|âBob the Bro|yea
|
|switch|p1a: Bee|Jellicent, M|370\/394
|turn|40
|c| Swagilyph|ah k
|
|switch|p2a: Hippowdon|Hippowdon, M|420\/420
|-damage|p2a: Hippowdon|394\/420|[from] Stealth Rock
|-weather|Sandstorm
|move|p1a: Bee|Will-O-Wisp|p2a: Hippowdon
|-status|p2a: Hippowdon|brn
|
|-weather|Sandstorm|[upkeep]
|-damage|p1a: Bee|346\/394|[from] sandstorm
|-heal|p1a: Bee|370\/394|[from] item: Leftovers
|-heal|p2a: Hippowdon|420\/420 brn|[from] item: Leftovers
|-damage|p2a: Hippowdon|368\/420 brn|[from] brn
|turn|41
|
|move|p1a: Bee|Taunt|p2a: Hippowdon
|-start|p2a: Hippowdon|move: Taunt
|cant|p2a: Hippowdon|move: Taunt|Toxic
|
|-weather|Sandstorm|[upkeep]
|-damage|p1a: Bee|346\/394|[from] sandstorm
|-heal|p1a: Bee|370\/394|[from] item: Leftovers
|-heal|p2a: Hippowdon|394\/420 brn|[from] item: Leftovers
|-damage|p2a: Hippowdon|342\/420 brn|[from] brn
|turn|42
|
|switch|p2a: Florges|Florges, F|315\/360 brn
|-damage|p2a: Florges|270\/360 brn|[from] Stealth Rock
|move|p1a: Bee|Scald|p2a: Florges
|-damage|p2a: Florges|215\/360 brn
|
|-weather|Sandstorm|[upkeep]
|-damage|p2a: Florges|193\/360 brn|[from] sandstorm
|-damage|p1a: Bee|346\/394|[from] sandstorm
|-heal|p2a: Florges|215\/360 brn|[from] item: Leftovers
|-heal|p1a: Bee|370\/394|[from] item: Leftovers
|-damage|p2a: Florges|170\/360 brn|[from] brn
|turn|43
|c|âBob the Bro|cradle is fkn worst shield in game tbh
|
|move|p2a: Florges|Wish|p2a: Florges
|move|p1a: Bee|Taunt|p2a: Florges
|-start|p2a: Florges|move: Taunt
|
|-weather|Sandstorm|[upkeep]
|-damage|p2a: Florges|148\/360 brn|[from] sandstorm
|-damage|p1a: Bee|346\/394|[from] sandstorm
|-heal|p2a: Florges|170\/360 brn|[from] item: Leftovers
|-heal|p1a: Bee|370\/394|[from] item: Leftovers
|-damage|p2a: Florges|125\/360 brn|[from] brn
|turn|44
|c| Swagilyph|in ps you start off with a shield called the dinky shield
|
|switch|p1a: Sham|Blissey, F|714\/714
|move|p2a: Florges|Moonblast|p1a: Sham
|-damage|p1a: Sham|615\/714
|
|-weather|none
|-heal|p2a: Florges|305\/360 brn|[from] move: Wish|[wisher] Florges
|-heal|p2a: Florges|327\/360 brn|[from] item: Leftovers
|-heal|p1a: Sham|659\/714|[from] item: Leftovers
|-damage|p2a: Florges|282\/360 brn|[from] brn
|turn|45
|c| Swagilyph|funnier everytime I get it
|c|âBob the Bro|lol wtf
|
|switch|p2a: Hippowdon|Hippowdon, M|342\/420 brn
|-damage|p2a: Hippowdon|316\/420 brn|[from] Stealth Rock
|-weather|Sandstorm
|move|p1a: Sham|Seismic Toss|p2a: Hippowdon
|-damage|p2a: Hippowdon|216\/420 brn
|
|-weather|Sandstorm|[upkeep]
|-damage|p1a: Sham|615\/714|[from] sandstorm
|-heal|p1a: Sham|659\/714|[from] item: Leftovers
|-heal|p2a: Hippowdon|242\/420 brn|[from] item: Leftovers
|-damage|p2a: Hippowdon|190\/420 brn|[from] brn
|turn|46
|c| Swagilyph|ye
|c|âBob the Bro|you've play bl1 right?
|c| Swagilyph|ofc
|c|âBob the Bro|mah man
|
|move|p1a: Sham|Seismic Toss|p2a: Hippowdon
|-damage|p2a: Hippowdon|90\/420 brn
|move|p2a: Hippowdon|Slack Off|p2a: Hippowdon
|-heal|p2a: Hippowdon|300\/420 brn
|
|-weather|Sandstorm|[upkeep]
|-damage|p1a: Sham|615\/714|[from] sandstorm
|-heal|p1a: Sham|659\/714|[from] item: Leftovers
|-heal|p2a: Hippowdon|326\/420 brn|[from] item: Leftovers
|-damage|p2a: Hippowdon|274\/420 brn|[from] brn
|turn|47
|c| Swagilyph|zombie island is on par with assault on dragon keep
|
|move|p1a: Sham|Seismic Toss|p2a: Hippowdon
|-damage|p2a: Hippowdon|174\/420 brn
|move|p2a: Hippowdon|Slack Off|p2a: Hippowdon
|-heal|p2a: Hippowdon|384\/420 brn
|
|-weather|Sandstorm|[upkeep]
|-damage|p1a: Sham|615\/714|[from] sandstorm
|-heal|p1a: Sham|659\/714|[from] item: Leftovers
|-heal|p2a: Hippowdon|410\/420 brn|[from] item: Leftovers
|-damage|p2a: Hippowdon|358\/420 brn|[from] brn
|turn|48
|c|âBob the Bro|general knoxx tho
|
|move|p1a: Sham|Protect|p1a: Sham
|-singleturn|p1a: Sham|Protect
|move|p2a: Hippowdon|Toxic|p1a: Sham
|-activate|p1a: Sham|Protect
|
|-weather|Sandstorm|[upkeep]
|-damage|p1a: Sham|615\/714|[from] sandstorm
|-heal|p1a: Sham|659\/714|[from] item: Leftovers
|-heal|p2a: Hippowdon|384\/420 brn|[from] item: Leftovers
|-damage|p2a: Hippowdon|332\/420 brn|[from] brn
|turn|49
|c| Swagilyph|love that one too but zombie island was it for me
|
|move|p1a: Sham|Seismic Toss|p2a: Hippowdon
|-damage|p2a: Hippowdon|232\/420 brn
|move|p2a: Hippowdon|Slack Off|p2a: Hippowdon
|-heal|p2a: Hippowdon|420\/420 brn
|
|-weather|none
|-heal|p1a: Sham|703\/714|[from] item: Leftovers
|-damage|p2a: Hippowdon|368\/420 brn|[from] brn
|turn|50
|
|move|p1a: Sham|Protect|p1a: Sham
|-singleturn|p1a: Sham|Protect
|move|p2a: Hippowdon|Toxic|p1a: Sham
|-activate|p1a: Sham|Protect
|
|-heal|p1a: Sham|714\/714|[from] item: Leftovers
|-heal|p2a: Hippowdon|394\/420 brn|[from] item: Leftovers
|-damage|p2a: Hippowdon|342\/420 brn|[from] brn
|turn|51
|leave|waiv
|
|move|p1a: Sham|Seismic Toss|p2a: Hippowdon
|-damage|p2a: Hippowdon|242\/420 brn
|move|p2a: Hippowdon|Toxic|p1a: Sham
|-status|p1a: Sham|tox
|
|-heal|p2a: Hippowdon|268\/420 brn|[from] item: Leftovers
|-damage|p1a: Sham|670\/714 tox|[from] psn
|-damage|p2a: Hippowdon|216\/420 brn|[from] brn
|turn|52
|c| Swagilyph|do you win this?
|c|âBob the Bro|idk
|c|âBob the Bro|i might
|
|move|p1a: Sham|Seismic Toss|p2a: Hippowdon
|-damage|p2a: Hippowdon|116\/420 brn
|move|p2a: Hippowdon|Slack Off|p2a: Hippowdon
|-heal|p2a: Hippowdon|326\/420 brn
|
|-heal|p1a: Sham|714\/714 tox|[from] item: Leftovers
|-heal|p2a: Hippowdon|352\/420 brn|[from] item: Leftovers
|-damage|p1a: Sham|626\/714 tox|[from] psn
|-damage|p2a: Hippowdon|300\/420 brn|[from] brn
|turn|53
|c| Swagilyph|heal bell?
|c|âBob the Bro|nah lol
|
|switch|p1a: Bee|Jellicent, M|370\/394
|move|p2a: Hippowdon|Slack Off|p2a: Hippowdon
|-heal|p2a: Hippowdon|420\/420 brn
|
|-heal|p1a: Bee|394\/394|[from] item: Leftovers
|-damage|p2a: Hippowdon|368\/420 brn|[from] brn
|turn|54
|
|switch|p2a: Mienshao|Mienshao, M|255\/271
|-damage|p2a: Mienshao|239\/271|[from] Stealth Rock
|move|p1a: Bee|Taunt|p2a: Mienshao
|-start|p2a: Mienshao|move: Taunt
|
|turn|55
|c|âBob the Bro|if i didnt get critted turn 1 i would won ez
|
|move|p2a: Mienshao|Knock Off|p1a: Bee
|-supereffective|p1a: Bee
|-damage|p1a: Bee|132\/394
|-enditem|p1a: Bee|Leftovers|[from] move: Knock Off|[of] p2a: Mienshao
|move|p1a: Bee|Will-O-Wisp|p2a: Mienshao|[miss]
|-miss|p1a: Bee|p2a: Mienshao
|
|turn|56
|c| Swagilyph|welp
|
|switch|p1a: Sham|Blissey, F|626\/714
|move|p2a: Mienshao|Knock Off|p1a: Sham
|-damage|p1a: Sham|424\/714
|-enditem|p1a: Sham|Leftovers|[from] move: Knock Off|[of] p2a: Mienshao
|
|turn|57
|
|switch|p2a: Florges|Florges, F|282\/360 brn
|-damage|p2a: Florges|237\/360 brn|[from] Stealth Rock
|move|p1a: Sham|Wish|p1a: Sham
|
|-heal|p2a: Florges|259\/360 brn|[from] item: Leftovers
|-damage|p2a: Florges|214\/360 brn|[from] brn
|turn|58
|
|switch|p1a: Bee|Jellicent, M|132\/394
|move|p2a: Florges|Aromatherapy|p2a: Florges
|-cureteam|p2a: Florges|[from] move: Aromatherapy
|
|-heal|p1a: Bee|394\/394|[from] move: Wish|[wisher] Sham
|-heal|p2a: Florges|236\/360|[from] item: Leftovers
|turn|59
|
|move|p2a: Florges|Wish|p2a: Florges
|move|p1a: Bee|Will-O-Wisp|p2a: Florges
|-status|p2a: Florges|brn
|
|-heal|p2a: Florges|258\/360 brn|[from] item: Leftovers
|-damage|p2a: Florges|213\/360 brn|[from] brn
|turn|60
|
|switch|p1a: Sham|Blissey, F|424\/714
|move|p2a: Florges|Moonblast|p1a: Sham
|-damage|p1a: Sham|331\/714
|
|-heal|p2a: Florges|360\/360 brn|[from] move: Wish|[wisher] Florges
|-damage|p2a: Florges|315\/360 brn|[from] brn
|turn|61
|join|waiv
|
|move|p2a: Florges|Wish|p2a: Florges
|move|p1a: Sham|Wish|p1a: Sham
|
|-heal|p2a: Florges|337\/360 brn|[from] item: Leftovers
|-damage|p2a: Florges|292\/360 brn|[from] brn
|turn|62
|leave|waiv
|
|switch|p2a: Lucario|Lucario, F|173\/281
|-damage|p2a: Lucario|165\/281|[from] Stealth Rock
|move|p1a: Sham|Seismic Toss|p2a: Lucario
|-damage|p2a: Lucario|65\/281
|
|-heal|p2a: Lucario|245\/281|[from] move: Wish|[wisher] Florges
|-heal|p1a: Sham|688\/714|[from] move: Wish|[wisher] Sham
|turn|63
|
|switch|p1a: Bee|Jellicent, M|394\/394
|move|p2a: Lucario|Nasty Plot|p2a: Lucario
|-boost|p2a: Lucario|spa|2
|
|turn|64
|
|move|p2a: Lucario|Nasty Plot|p2a: Lucario
|-boost|p2a: Lucario|spa|2
|move|p1a: Bee|Will-O-Wisp|p2a: Lucario|[miss]
|-miss|p1a: Bee|p2a: Lucario
|
|turn|65
|
|move|p2a: Lucario|Flash Cannon|p1a: Bee
|-resisted|p1a: Bee
|-damage|p1a: Bee|187\/394
|-damage|p2a: Lucario|217\/281|[from] item: Life Orb
|move|p1a: Bee|Will-O-Wisp|p2a: Lucario
|-status|p2a: Lucario|brn
|
|-damage|p2a: Lucario|182\/281 brn|[from] brn
|turn|66
|
|switch|p1a: Sham|Blissey, F|688\/714
|move|p2a: Lucario|Flash Cannon|p1a: Sham
|-damage|p1a: Sham|324\/714
|-damage|p2a: Lucario|154\/281 brn|[from] item: Life Orb
|
|-damage|p2a: Lucario|119\/281 brn|[from] brn
|turn|67
|
|move|p1a: Sham|Protect|p1a: Sham
|-singleturn|p1a: Sham|Protect
|move|p2a: Lucario|Flash Cannon|p1a: Sham
|-activate|p1a: Sham|Protect
|
|-damage|p2a: Lucario|84\/281 brn|[from] brn
|turn|68
|
|move|p1a: Sham|Protect|p1a: Sham
|-singleturn|p1a: Sham|Protect
|move|p2a: Lucario|Flash Cannon|p1a: Sham
|-activate|p1a: Sham|Protect
|
|-damage|p2a: Lucario|49\/281 brn|[from] brn
|turn|69
|leave|Swagilyph
|
|move|p2a: Lucario|Flash Cannon|p1a: Sham
|-damage|p1a: Sham|0 fnt
|-damage|p2a: Lucario|21\/281 brn|[from] item: Life Orb
|faint|p1a: Sham
|
|-damage|p2a: Lucario|0 fnt|[from] brn
|faint|p2a: Lucario
|
|switch|p1a: Bee|Jellicent, M|187\/394
|switch|p2a: Hippowdon|Hippowdon, M|368\/420
|-damage|p2a: Hippowdon|342\/420|[from] Stealth Rock
|-weather|Sandstorm
|turn|70
|
|move|p1a: Bee|Will-O-Wisp|p2a: Hippowdon
|-status|p2a: Hippowdon|brn
|move|p2a: Hippowdon|Toxic|p1a: Bee|[miss]
|-miss|p2a: Hippowdon|p1a: Bee
|
|-weather|Sandstorm|[upkeep]
|-damage|p1a: Bee|163\/394|[from] sandstorm
|-heal|p2a: Hippowdon|368\/420 brn|[from] item: Leftovers
|-damage|p2a: Hippowdon|316\/420 brn|[from] brn
|turn|71
|
|move|p1a: Bee|Taunt|p2a: Hippowdon
|-start|p2a: Hippowdon|move: Taunt
|cant|p2a: Hippowdon|move: Taunt|Toxic
|
|-weather|Sandstorm|[upkeep]
|-damage|p1a: Bee|139\/394|[from] sandstorm
|-heal|p2a: Hippowdon|342\/420 brn|[from] item: Leftovers
|-damage|p2a: Hippowdon|290\/420 brn|[from] brn
|turn|72
|
|switch|p2a: Florges|Florges, F|292\/360 brn
|-damage|p2a: Florges|247\/360 brn|[from] Stealth Rock
|move|p1a: Bee|Recover|p1a: Bee
|-heal|p1a: Bee|336\/394
|
|-weather|Sandstorm|[upkeep]
|-damage|p2a: Florges|225\/360 brn|[from] sandstorm
|-damage|p1a: Bee|312\/394|[from] sandstorm
|-heal|p2a: Florges|247\/360 brn|[from] item: Leftovers
|-damage|p2a: Florges|202\/360 brn|[from] brn
|turn|73
|
|move|p2a: Florges|Wish|p2a: Florges
|move|p1a: Bee|Taunt|p2a: Florges
|-start|p2a: Florges|move: Taunt
|
|-weather|Sandstorm|[upkeep]
|-damage|p2a: Florges|180\/360 brn|[from] sandstorm
|-damage|p1a: Bee|288\/394|[from] sandstorm
|-heal|p2a: Florges|202\/360 brn|[from] item: Leftovers
|-damage|p2a: Florges|157\/360 brn|[from] brn
|turn|74
|
|move|p2a: Florges|Moonblast|p1a: Bee
|-damage|p1a: Bee|182\/394
|move|p1a: Bee|Scald|p2a: Florges
|-damage|p2a: Florges|97\/360 brn
|
|-weather|none
|-heal|p2a: Florges|277\/360 brn|[from] move: Wish|[wisher] Florges
|-heal|p2a: Florges|299\/360 brn|[from] item: Leftovers
|-damage|p2a: Florges|254\/360 brn|[from] brn
|turn|75
|
|move|p2a: Florges|Moonblast|p1a: Bee
|-damage|p1a: Bee|82\/394
|-unboost|p1a: Bee|spa|1
|move|p1a: Bee|Recover|p1a: Bee
|-heal|p1a: Bee|279\/394
|
|-heal|p2a: Florges|276\/360 brn|[from] item: Leftovers
|-damage|p2a: Florges|231\/360 brn|[from] brn
|turn|76
|
|move|p2a: Florges|Moonblast|p1a: Bee
|-damage|p1a: Bee|173\/394
|move|p1a: Bee|Recover|p1a: Bee
|-heal|p1a: Bee|370\/394
|
|-heal|p2a: Florges|253\/360 brn|[from] item: Leftovers
|-damage|p2a: Florges|208\/360 brn|[from] brn
|-end|p2a: Florges|move: Taunt
|turn|77
|
|move|p2a: Florges|Wish|p2a: Florges
|move|p1a: Bee|Taunt|p2a: Florges
|-start|p2a: Florges|move: Taunt
|
|-heal|p2a: Florges|230\/360 brn|[from] item: Leftovers
|-damage|p2a: Florges|185\/360 brn|[from] brn
|turn|78
|
|move|p2a: Florges|Moonblast|p1a: Bee
|-crit|p1a: Bee
|-damage|p1a: Bee|223\/394
|move|p1a: Bee|Scald|p2a: Florges
|-damage|p2a: Florges|151\/360 brn
|
|-heal|p2a: Florges|331\/360 brn|[from] move: Wish|[wisher] Florges
|-heal|p2a: Florges|353\/360 brn|[from] item: Leftovers
|-damage|p2a: Florges|308\/360 brn|[from] brn
|turn|79
|
|move|p2a: Florges|Moonblast|p1a: Bee
|-damage|p1a: Bee|121\/394
|move|p1a: Bee|Recover|p1a: Bee
|-heal|p1a: Bee|318\/394
|
|-heal|p2a: Florges|330\/360 brn|[from] item: Leftovers
|-damage|p2a: Florges|285\/360 brn|[from] brn
|turn|80
|
|move|p2a: Florges|Moonblast|p1a: Bee
|-damage|p1a: Bee|225\/394
|move|p1a: Bee|Recover|p1a: Bee
|-heal|p1a: Bee|394\/394
|
|-heal|p2a: Florges|307\/360 brn|[from] item: Leftovers
|-damage|p2a: Florges|262\/360 brn|[from] brn
|-end|p2a: Florges|move: Taunt
|turn|81
|
|move|p2a: Florges|Aromatherapy|p2a: Florges
|-cureteam|p2a: Florges|[from] move: Aromatherapy
|move|p1a: Bee|Taunt|p2a: Florges
|-start|p2a: Florges|move: Taunt
|
|-heal|p2a: Florges|284\/360|[from] item: Leftovers
|turn|82
|
|move|p2a: Florges|Moonblast|p1a: Bee
|-damage|p1a: Bee|303\/394
|-unboost|p1a: Bee|spa|1
|move|p1a: Bee|Will-O-Wisp|p2a: Florges
|-status|p2a: Florges|brn
|
|-heal|p2a: Florges|306\/360 brn|[from] item: Leftovers
|-damage|p2a: Florges|261\/360 brn|[from] brn
|turn|83
|
|move|p2a: Florges|Moonblast|p1a: Bee
|-damage|p1a: Bee|212\/394
|move|p1a: Bee|Scald|p2a: Florges
|-damage|p2a: Florges|230\/360 brn
|
|-heal|p2a: Florges|252\/360 brn|[from] item: Leftovers
|-damage|p2a: Florges|207\/360 brn|[from] brn
|turn|84
|
|move|p2a: Florges|Moonblast|p1a: Bee
|-damage|p1a: Bee|106\/394
|move|p1a: Bee|Will-O-Wisp|p2a: Florges
|-fail|p2a: Florges|brn
|
|-heal|p2a: Florges|229\/360 brn|[from] item: Leftovers
|-damage|p2a: Florges|184\/360 brn|[from] brn
|-end|p2a: Florges|move: Taunt
|turn|85
|
|move|p2a: Florges|Wish|p2a: Florges
|move|p1a: Bee|Recover|p1a: Bee
|-heal|p1a: Bee|303\/394
|
|-heal|p2a: Florges|206\/360 brn|[from] item: Leftovers
|-damage|p2a: Florges|161\/360 brn|[from] brn
|turn|86
|leave|I<3Magikarp
|
|move|p2a: Florges|Protect|p2a: Florges
|-singleturn|p2a: Florges|Protect
|move|p1a: Bee|Scald|p2a: Florges
|-activate|p2a: Florges|Protect
|
|-heal|p2a: Florges|341\/360 brn|[from] move: Wish|[wisher] Florges
|-heal|p2a: Florges|360\/360 brn|[from] item: Leftovers
|-damage|p2a: Florges|315\/360 brn|[from] brn
|turn|87
|
|move|p2a: Florges|Wish|p2a: Florges
|move|p1a: Bee|Taunt|p2a: Florges
|-start|p2a: Florges|move: Taunt
|
|-heal|p2a: Florges|337\/360 brn|[from] item: Leftovers
|-damage|p2a: Florges|292\/360 brn|[from] brn
|turn|88
|
|move|p2a: Florges|Moonblast|p1a: Bee
|-crit|p1a: Bee
|-damage|p1a: Bee|164\/394
|move|p1a: Bee|Scald|p2a: Florges
|-damage|p2a: Florges|264\/360 brn
|
|-heal|p2a: Florges|360\/360 brn|[from] move: Wish|[wisher] Florges
|-damage|p2a: Florges|315\/360 brn|[from] brn
|turn|89
|
|switch|p2a: Mienshao|Mienshao, M|239\/271
|-damage|p2a: Mienshao|223\/271|[from] Stealth Rock
|move|p1a: Bee|Recover|p1a: Bee
|-heal|p1a: Bee|361\/394
|
|turn|90
|
|move|p2a: Mienshao|Knock Off|p1a: Bee
|-supereffective|p1a: Bee
|-damage|p1a: Bee|211\/394
|move|p1a: Bee|Will-O-Wisp|p2a: Mienshao|[miss]
|-miss|p1a: Bee|p2a: Mienshao
|
|turn|91
|
|move|p2a: Mienshao|Knock Off|p1a: Bee
|-supereffective|p1a: Bee
|-damage|p1a: Bee|49\/394
|move|p1a: Bee|Recover|p1a: Bee
|-heal|p1a: Bee|246\/394
|
|turn|92
|
|move|p2a: Mienshao|Knock Off|p1a: Bee
|-supereffective|p1a: Bee
|-damage|p1a: Bee|96\/394
|move|p1a: Bee|Recover|p1a: Bee
|-heal|p1a: Bee|293\/394
|
|turn|93
|
|move|p2a: Mienshao|Knock Off|p1a: Bee
|-supereffective|p1a: Bee
|-damage|p1a: Bee|141\/394
|move|p1a: Bee|Will-O-Wisp|p2a: Mienshao
|-status|p2a: Mienshao|brn
|
|-damage|p2a: Mienshao|190\/271 brn|[from] brn
|turn|94
|
|move|p2a: Mienshao|Knock Off|p1a: Bee
|-supereffective|p1a: Bee
|-damage|p1a: Bee|55\/394
|move|p1a: Bee|Recover|p1a: Bee
|-heal|p1a: Bee|252\/394
|
|-damage|p2a: Mienshao|157\/271 brn|[from] brn
|turn|95
|
|switch|p2a: Florges|Florges, F|315\/360 brn
|-damage|p2a: Florges|270\/360 brn|[from] Stealth Rock
|move|p1a: Bee|Recover|p1a: Bee
|-heal|p1a: Bee|394\/394
|
|-heal|p2a: Florges|292\/360 brn|[from] item: Leftovers
|-damage|p2a: Florges|247\/360 brn|[from] brn
|turn|96
|
|move|p2a: Florges|Aromatherapy|p2a: Florges
|-cureteam|p2a: Florges|[from] move: Aromatherapy
|move|p1a: Bee|Taunt|p2a: Florges
|-start|p2a: Florges|move: Taunt
|
|-heal|p2a: Florges|269\/360|[from] item: Leftovers
|turn|97
|
|switch|p2a: Hippowdon|Hippowdon, M|290\/420
|-damage|p2a: Hippowdon|264\/420|[from] Stealth Rock
|-weather|Sandstorm
|move|p1a: Bee|Will-O-Wisp|p2a: Hippowdon
|-status|p2a: Hippowdon|brn
|
|-weather|Sandstorm|[upkeep]
|-damage|p1a: Bee|370\/394|[from] sandstorm
|-heal|p2a: Hippowdon|290\/420 brn|[from] item: Leftovers
|-damage|p2a: Hippowdon|238\/420 brn|[from] brn
|turn|98
|
|move|p1a: Bee|Taunt|p2a: Hippowdon
|-start|p2a: Hippowdon|move: Taunt
|cant|p2a: Hippowdon|move: Taunt|Slack Off
|
|-weather|Sandstorm|[upkeep]
|-damage|p1a: Bee|346\/394|[from] sandstorm
|-heal|p2a: Hippowdon|264\/420 brn|[from] item: Leftovers
|-damage|p2a: Hippowdon|212\/420 brn|[from] brn
|turn|99
|
|switch|p2a: Mienshao|Mienshao, M|157\/271
|-damage|p2a: Mienshao|141\/271|[from] Stealth Rock
|move|p1a: Bee|Scald|p2a: Mienshao
|-damage|p2a: Mienshao|80\/271
|-status|p2a: Mienshao|brn
|
|-weather|Sandstorm|[upkeep]
|-damage|p2a: Mienshao|64\/271 brn|[from] sandstorm
|-damage|p1a: Bee|322\/394|[from] sandstorm
|-damage|p2a: Mienshao|31\/271 brn|[from] brn
|turn|100
|
|move|p2a: Mienshao|Knock Off|p1a: Bee
|-supereffective|p1a: Bee
|-damage|p1a: Bee|242\/394
|move|p1a: Bee|Scald|p2a: Mienshao
|-damage|p2a: Mienshao|0 fnt
|faint|p2a: Mienshao
|
|-weather|Sandstorm|[upkeep]
|-damage|p1a: Bee|218\/394|[from] sandstorm
|
|switch|p2a: Florges|Florges, F|269\/360
|-damage|p2a: Florges|224\/360|[from] Stealth Rock
|turn|101
|
|move|p2a: Florges|Protect|p2a: Florges
|-singleturn|p2a: Florges|Protect
|move|p1a: Bee|Taunt|p2a: Florges
|-activate|p2a: Florges|Protect
|
|-weather|none
|-heal|p2a: Florges|246\/360|[from] item: Leftovers
|turn|102
|
|move|p2a: Florges|Wish|p2a: Florges
|move|p1a: Bee|Taunt|p2a: Florges
|-start|p2a: Florges|move: Taunt
|
|-heal|p2a: Florges|268\/360|[from] item: Leftovers
|turn|103
|
|switch|p2a: Hippowdon|Hippowdon, M|212\/420 brn
|-damage|p2a: Hippowdon|186\/420 brn|[from] Stealth Rock
|-weather|Sandstorm
|move|p1a: Bee|Scald|p2a: Hippowdon
|-supereffective|p2a: Hippowdon
|-damage|p2a: Hippowdon|66\/420 brn
|
|-weather|Sandstorm|[upkeep]
|-damage|p1a: Bee|194\/394|[from] sandstorm
|-heal|p2a: Hippowdon|246\/420 brn|[from] move: Wish|[wisher] Florges
|-heal|p2a: Hippowdon|272\/420 brn|[from] item: Leftovers
|-damage|p2a: Hippowdon|220\/420 brn|[from] brn
|turn|104
|
|move|p1a: Bee|Taunt|p2a: Hippowdon
|-start|p2a: Hippowdon|move: Taunt
|cant|p2a: Hippowdon|move: Taunt|Toxic
|
|-weather|Sandstorm|[upkeep]
|-damage|p1a: Bee|170\/394|[from] sandstorm
|-heal|p2a: Hippowdon|246\/420 brn|[from] item: Leftovers
|-damage|p2a: Hippowdon|194\/420 brn|[from] brn
|turn|105
|
|switch|p2a: Florges|Florges, F|268\/360
|-damage|p2a: Florges|223\/360|[from] Stealth Rock
|move|p1a: Bee|Scald|p2a: Florges
|-damage|p2a: Florges|192\/360
|-status|p2a: Florges|brn
|
|-weather|Sandstorm|[upkeep]
|-damage|p2a: Florges|170\/360 brn|[from] sandstorm
|-damage|p1a: Bee|146\/394|[from] sandstorm
|-heal|p2a: Florges|192\/360 brn|[from] item: Leftovers
|-damage|p2a: Florges|147\/360 brn|[from] brn
|turn|106
|
|move|p2a: Florges|Wish|p2a: Florges
|move|p1a: Bee|Recover|p1a: Bee
|-heal|p1a: Bee|343\/394
|
|-weather|Sandstorm|[upkeep]
|-damage|p2a: Florges|125\/360 brn|[from] sandstorm
|-damage|p1a: Bee|319\/394|[from] sandstorm
|-heal|p2a: Florges|147\/360 brn|[from] item: Leftovers
|-damage|p2a: Florges|102\/360 brn|[from] brn
|turn|107
|
|move|p2a: Florges|Aromatherapy|p2a: Florges
|-cureteam|p2a: Florges|[from] move: Aromatherapy
|move|p1a: Bee|Scald|p2a: Florges
|-damage|p2a: Florges|72\/360
|
|-weather|none
|-heal|p2a: Florges|252\/360|[from] move: Wish|[wisher] Florges
|-heal|p2a: Florges|274\/360|[from] item: Leftovers
|turn|108
|
|move|p2a: Florges|Protect|p2a: Florges
|-singleturn|p2a: Florges|Protect
|move|p1a: Bee|Scald|p2a: Florges
|-activate|p2a: Florges|Protect
|
|-heal|p2a: Florges|296\/360|[from] item: Leftovers
|turn|109
|
|move|p2a: Florges|Wish|p2a: Florges
|move|p1a: Bee|Taunt|p2a: Florges
|-start|p2a: Florges|move: Taunt
|
|-heal|p2a: Florges|318\/360|[from] item: Leftovers
|turn|110
|
|switch|p2a: Hippowdon|Hippowdon, M|194\/420
|-damage|p2a: Hippowdon|168\/420|[from] Stealth Rock
|-weather|Sandstorm
|move|p1a: Bee|Will-O-Wisp|p2a: Hippowdon
|-status|p2a: Hippowdon|brn
|
|-weather|Sandstorm|[upkeep]
|-damage|p1a: Bee|295\/394|[from] sandstorm
|-heal|p2a: Hippowdon|348\/420 brn|[from] move: Wish|[wisher] Florges
|-heal|p2a: Hippowdon|374\/420 brn|[from] item: Leftovers
|-damage|p2a: Hippowdon|322\/420 brn|[from] brn
|turn|111
|
|move|p1a: Bee|Taunt|p2a: Hippowdon
|-start|p2a: Hippowdon|move: Taunt
|move|p2a: Hippowdon|Earthquake|p1a: Bee
|-damage|p1a: Bee|228\/394
|
|-weather|Sandstorm|[upkeep]
|-damage|p1a: Bee|204\/394|[from] sandstorm
|-heal|p2a: Hippowdon|348\/420 brn|[from] item: Leftovers
|-damage|p2a: Hippowdon|296\/420 brn|[from] brn
|turn|112
|
|switch|p2a: Florges|Florges, F|318\/360
|-damage|p2a: Florges|273\/360|[from] Stealth Rock
|move|p1a: Bee|Scald|p2a: Florges
|-damage|p2a: Florges|246\/360
|
|-weather|Sandstorm|[upkeep]
|-damage|p2a: Florges|224\/360|[from] sandstorm
|-damage|p1a: Bee|180\/394|[from] sandstorm
|-heal|p2a: Florges|246\/360|[from] item: Leftovers
|turn|113
|
|move|p2a: Florges|Protect|p2a: Florges
|-singleturn|p2a: Florges|Protect
|move|p1a: Bee|Taunt|p2a: Florges
|-activate|p2a: Florges|Protect
|
|-weather|Sandstorm|[upkeep]
|-damage|p2a: Florges|224\/360|[from] sandstorm
|-damage|p1a: Bee|156\/394|[from] sandstorm
|-heal|p2a: Florges|246\/360|[from] item: Leftovers
|turn|114
|join|MrAldoPls
|
|move|p2a: Florges|Aromatherapy|p2a: Florges
|-cureteam|p2a: Florges|[from] move: Aromatherapy
|move|p1a: Bee|Taunt|p2a: Florges
|-start|p2a: Florges|move: Taunt
|
|-weather|none
|-heal|p2a: Florges|268\/360|[from] item: Leftovers
|turn|115
|
|switch|p2a: Hippowdon|Hippowdon, M|296\/420
|-damage|p2a: Hippowdon|270\/420|[from] Stealth Rock
|-weather|Sandstorm
|move|p1a: Bee|Scald|p2a: Hippowdon
|-supereffective|p2a: Hippowdon
|-damage|p2a: Hippowdon|156\/420
|
|-weather|Sandstorm|[upkeep]
|-damage|p1a: Bee|132\/394|[from] sandstorm
|-heal|p2a: Hippowdon|182\/420|[from] item: Leftovers
|turn|116
|
|move|p1a: Bee|Scald|p2a: Hippowdon
|-supereffective|p2a: Hippowdon
|-damage|p2a: Hippowdon|68\/420
|move|p2a: Hippowdon|Earthquake|p1a: Bee
|-crit|p1a: Bee
|-damage|p1a: Bee|0 fnt
|faint|p1a: Bee
|
|win|Pkmn Champ Lance
|raw|Ladder updating...
|raw|Bob the Bro's rating: 1706 &rarr; <strong>1677<\/strong><br \/>(-29 for losing)
|raw|Pkmn Champ Lance's rating: 1525 &rarr; <strong>1555<\/strong><br \/>(+30 for winning)
|leave|Bob the Bro
|player|p1
|c|âPkmn Champ Lance|gg