|join|Beastly
|join|Bob the Bro
|player|p1|Beastly|89
|player|p2|Bob the Bro|23
|gametype|singles
|gen|6
|tier|UU
|rule|Sleep Clause Mod: Limit one foe put to sleep
|rule|Species Clause: Limit one of each PokÃ©mon
|rule|OHKO Clause: OHKO moves are banned
|rule|Moody Clause: Moody is banned
|rule|Evasion Moves Clause: Evasion moves are banned
|rule|Endless Battle Clause: Forcing endless battles is banned
|rule|HP Percentage Mod: HP is shown in percentages
|clearpoke
|poke|p1|Alakazam, F
|poke|p1|Krookodile, F
|poke|p1|Rotom-Heat
|poke|p1|Swampert, F
|poke|p1|Roserade, F
|poke|p1|Florges, F
|poke|p2|Alakazam, F
|poke|p2|Forretress, F
|poke|p2|Jellicent, F
|poke|p2|Jirachi, shiny
|poke|p2|Tentacruel, M
|poke|p2|Blissey, F
|rule|Swagger Clause: Swagger is banned
|rule|Baton Pass Clause: Limit one PokÃ©mon knowing Baton Pass
|teampreview
|c|âBeastly|gl hf
|c|âBob the Bro|ditto
|
|start
|switch|p1a: Rotom-Heat|Rotom-Heat|241\/241
|switch|p2a: Clinton|Jirachi, shiny|341\/341
|turn|1
|
|switch|p2a: John|Blissey, F|714\/714
|move|p1a: Rotom-Heat|Volt Switch|p2a: John
|-damage|p2a: John|626\/714
|
|switch|p1a: Krookodile|Krookodile, F|332\/332
|-ability|p1a: Krookodile|Intimidate|[of] p2a: John
|-unboost|p2a: John|atk|1
|
|-heal|p2a: John|670\/714|[from] item: Leftovers
|turn|2
|
|move|p2a: John|Protect|p2a: John
|-singleturn|p2a: John|Protect
|move|p1a: Krookodile|Knock Off|p2a: John
|-activate|p2a: John|Protect
|
|-heal|p2a: John|714\/714|[from] item: Leftovers
|turn|3
|c|âBeastly|fyi you dont have much for this do you
|
|switch|p2a: Dee Emm Tee|Forretress, F|354\/354
|move|p1a: Krookodile|Knock Off|p2a: Dee Emm Tee
|-damage|p2a: Dee Emm Tee|191\/354
|-enditem|p2a: Dee Emm Tee|Leftovers|[from] move: Knock Off|[of] p1a: Krookodile
|
|turn|4
|c|âBeastly|nope you do
|c|âBeastly|that ate that up
|
|move|p1a: Krookodile|Knock Off|p2a: Dee Emm Tee
|-damage|p2a: Dee Emm Tee|92\/354
|move|p2a: Dee Emm Tee|Gyro Ball|p1a: Krookodile
|-damage|p1a: Krookodile|208\/332
|
|turn|5
|c|âBob the Bro|nah new team
|
|switch|p2a: John|Blissey, F|714\/714
|move|p1a: Krookodile|Knock Off|p2a: John
|-damage|p2a: John|195\/714
|-enditem|p2a: John|Leftovers|[from] move: Knock Off|[of] p1a: Krookodile
|
|turn|6
|c|âBeastly|cb krook is just a monster
|c|âBeastly|either way
|
|switch|p2a: Dee Emm Tee|Forretress, F|92\/354
|move|p1a: Krookodile|Knock Off|p2a: Dee Emm Tee
|-damage|p2a: Dee Emm Tee|0 fnt
|faint|p2a: Dee Emm Tee
|
|
|switch|p2a: Rowfgt|Alakazam, F|251\/251
|turn|7
|c|âBeastly|and i have nothing for this
|
|switch|p1a: Florges|Florges, F|360\/360
|move|p2a: Rowfgt|Energy Ball|p1a: Florges
|-damage|p1a: Florges|281\/360
|
|-heal|p1a: Florges|303\/360|[from] item: Leftovers
|turn|8
|
|detailschange|p2a: Rowfgt|Alakazam-Mega, F
|message|Alakazam has Mega Evolved into Mega Alakazam!
|-ability|p2a: Rowfgt|Flower Veil|[from] ability: Trace|[of] p1a: Florges
|move|p2a: Rowfgt|Psyshock|p1a: Florges
|-damage|p1a: Florges|149\/360
|move|p1a: Florges|Wish|p1a: Florges
|
|-heal|p1a: Florges|171\/360|[from] item: Leftovers
|turn|9
|
|switch|p2a: Snapperaim|Tentacruel, M|364\/364
|move|p1a: Florges|Moonblast|p2a: Snapperaim
|-resisted|p2a: Snapperaim
|-damage|p2a: Snapperaim|312\/364
|
|-heal|p1a: Florges|351\/360|[from] move: Wish|[wisher] Florges
|-heal|p2a: Snapperaim|334\/364|[from] item: Black Sludge
|-heal|p1a: Florges|360\/360|[from] item: Leftovers
|turn|10
|
|switch|p1a: Alakazam|Alakazam, F|252\/252
|move|p2a: Snapperaim|Acid Spray|p1a: Alakazam
|-damage|p1a: Alakazam|213\/252
|-unboost|p1a: Alakazam|spd|2
|
|-heal|p2a: Snapperaim|356\/364|[from] item: Black Sludge
|turn|11
|
|switch|p2a: Clinton|Jirachi, shiny|341\/341
|detailschange|p1a: Alakazam|Alakazam-Mega, F
|message|Alakazam has Mega Evolved into Mega Alakazam!
|-ability|p1a: Alakazam|Serene Grace|[from] ability: Trace|[of] p2a: Clinton
|move|p1a: Alakazam|Shadow Ball|p2a: Clinton
|-supereffective|p2a: Clinton
|-damage|p2a: Clinton|113\/341
|-unboost|p2a: Clinton|spd|1
|
|turn|12
|
|switch|p1a: Swampert|Swampert, F|404\/404
|move|p2a: Clinton|U-turn|p1a: Swampert
|-damage|p1a: Swampert|345\/404
|
|switch|p2a: Billfren|Jellicent, F|394\/394
|
|-heal|p1a: Swampert|370\/404|[from] item: Leftovers
|turn|13
|
|move|p2a: Billfren|Scald|p1a: Swampert
|-damage|p1a: Swampert|274\/404
|move|p1a: Swampert|Stealth Rock|p2a: Billfren
|-sidestart|p2: Bob the Bro|move: Stealth Rock
|
|-heal|p1a: Swampert|299\/404|[from] item: Leftovers
|turn|14
|
|switch|p1a: Roserade|Roserade, F|324\/324
|move|p2a: Billfren|Scald|p1a: Roserade
|-resisted|p1a: Roserade
|-damage|p1a: Roserade|285\/324
|
|turn|15
|
|switch|p2a: Snapperaim|Tentacruel, M|356\/364
|-damage|p2a: Snapperaim|311\/364|[from] Stealth Rock
|move|p1a: Roserade|Giga Drain|p2a: Snapperaim
|-crit|p2a: Snapperaim
|-damage|p2a: Snapperaim|76\/364
|-damage|p1a: Roserade|167\/324|[from] ability: Liquid Ooze|[of] p2a: Snapperaim
|-damage|p1a: Roserade|135\/324|[from] item: Life Orb
|
|-heal|p2a: Snapperaim|98\/364|[from] item: Black Sludge
|turn|16
|
|move|p2a: Snapperaim|Rapid Spin|p1a: Roserade
|-damage|p1a: Roserade|118\/324
|-sideend|p2: Bob the Bro|Stealth Rock|[from] move: Rapid Spin|[of] p2a: Snapperaim
|move|p1a: Roserade|Giga Drain|p2a: Snapperaim
|-damage|p2a: Snapperaim|0 fnt
|-damage|p1a: Roserade|69\/324|[from] ability: Liquid Ooze|[of] p2a: Snapperaim
|-damage|p1a: Roserade|37\/324|[from] item: Life Orb
|faint|p2a: Snapperaim
|
|
|switch|p2a: Clinton|Jirachi, shiny|113\/341
|turn|17
|
|move|p2a: Clinton|U-turn|p1a: Roserade
|-crit|p1a: Roserade
|-damage|p1a: Roserade|0 fnt
|faint|p1a: Roserade
|
|switch|p2a: Rowfgt|Alakazam-Mega, F|251\/251
|
|
|switch|p1a: Rotom-Heat|Rotom-Heat|241\/241
|-ability|p2a: Rowfgt|Levitate|[from] ability: Trace|[of] p1a: Rotom-Heat
|turn|18
|
|move|p1a: Rotom-Heat|Volt Switch|p2a: Rowfgt
|-damage|p2a: Rowfgt|130\/251
|
|switch|p1a: Florges|Florges, F|360\/360
|move|p2a: Rowfgt|Psyshock|p1a: Florges
|-damage|p1a: Florges|183\/360
|
|-heal|p1a: Florges|205\/360|[from] item: Leftovers
|turn|19
|
|switch|p2a: John|Blissey, F|195\/714
|move|p1a: Florges|Moonblast|p2a: John
|-damage|p2a: John|93\/714
|-unboost|p2a: John|spa|1
|
|-heal|p1a: Florges|227\/360|[from] item: Leftovers
|turn|20
|
|move|p1a: Florges|Moonblast|p2a: John
|-damage|p2a: John|0 fnt
|faint|p2a: John
|
|-heal|p1a: Florges|249\/360|[from] item: Leftovers
|c|âBeastly|the rolls
|
|switch|p2a: Clinton|Jirachi, shiny|113\/341
|turn|21
|join|dingbat
|
|move|p1a: Florges|Protect|p1a: Florges
|-singleturn|p1a: Florges|Protect
|move|p2a: Clinton|Iron Head|p1a: Florges
|-activate|p1a: Florges|Protect
|
|-heal|p1a: Florges|271\/360|[from] item: Leftovers
|turn|22
|
|switch|p1a: Rotom-Heat|Rotom-Heat|241\/241
|move|p2a: Clinton|Iron Head|p1a: Rotom-Heat
|-crit|p1a: Rotom-Heat
|-resisted|p1a: Rotom-Heat
|-damage|p1a: Rotom-Heat|200\/241
|
|turn|23
|
|move|p2a: Clinton|Iron Head|p1a: Rotom-Heat
|-resisted|p1a: Rotom-Heat
|-damage|p1a: Rotom-Heat|172\/241
|cant|p1a: Rotom-Heat|flinch
|
|turn|24
|
|move|p2a: Clinton|Iron Head|p1a: Rotom-Heat
|-resisted|p1a: Rotom-Heat
|-damage|p1a: Rotom-Heat|145\/241
|cant|p1a: Rotom-Heat|flinch
|
|turn|25
|
|move|p2a: Clinton|Iron Head|p1a: Rotom-Heat
|-resisted|p1a: Rotom-Heat
|-damage|p1a: Rotom-Heat|117\/241
|cant|p1a: Rotom-Heat|flinch
|
|turn|26
|c|âBeastly|dont do this to me
|c| dingbat|flinch to death y\/n
|
|move|p2a: Clinton|Iron Head|p1a: Rotom-Heat
|-resisted|p1a: Rotom-Heat
|-damage|p1a: Rotom-Heat|88\/241
|cant|p1a: Rotom-Heat|flinch
|
|turn|27
|c|âBob the Bro|y
|c|âBeastly|its my luck i wouldnt doubt it
|
|move|p2a: Clinton|Iron Head|p1a: Rotom-Heat
|-resisted|p1a: Rotom-Heat
|-damage|p1a: Rotom-Heat|61\/241
|cant|p1a: Rotom-Heat|flinch
|
|turn|28
|c|âBob the Bro|nothning else i can do tbh
|c|âBeastly|WOW
|c|âBeastly|lol
|c|âBeastly|this is insane
|
|move|p2a: Clinton|Iron Head|p1a: Rotom-Heat
|-resisted|p1a: Rotom-Heat
|-damage|p1a: Rotom-Heat|33\/241
|cant|p1a: Rotom-Heat|flinch
|
|turn|29
|c| dingbat|just 2 more flinches
|c| dingbat|1
|c|âBeastly|DUDE
|
|move|p2a: Clinton|Iron Head|p1a: Rotom-Heat
|-resisted|p1a: Rotom-Heat
|-damage|p1a: Rotom-Heat|7\/241
|cant|p1a: Rotom-Heat|flinch
|
|turn|30
|c|âBeastly|LOL
|c| dingbat|LOOOOOOOOOOOOOOOOOOOOOOOOOOOOOOOOOOOOOOOOOOOOOOOOOOOOOOOOOOOOOOOOOOOOOOOOOOOOOOOOOOOOOOOOOOOOOOOOOOL
|c|âBob the Bro|kek
|
|move|p2a: Clinton|Iron Head|p1a: Rotom-Heat
|-resisted|p1a: Rotom-Heat
|-damage|p1a: Rotom-Heat|0 fnt
|faint|p1a: Rotom-Heat
|
|c| dingbat|RIP
|c| dingbat|IN
|c| dingbat|PEACE
|
|switch|p1a: Swampert|Swampert, F|299\/404
|turn|31
|
|switch|p2a: Billfren|Jellicent, F|394\/394
|move|p1a: Swampert|Earthquake|p2a: Billfren
|-damage|p2a: Billfren|253\/394
|
|-heal|p2a: Billfren|277\/394|[from] item: Leftovers
|-heal|p1a: Swampert|324\/404|[from] item: Leftovers
|turn|32
|c|âBob the Bro|ban iron head
|
|switch|p1a: Alakazam|Alakazam-Mega, F|213\/252
|-ability|p1a: Alakazam|Water Absorb|[from] ability: Trace|[of] p2a: Billfren
|move|p2a: Billfren|Will-O-Wisp|p1a: Alakazam
|-status|p1a: Alakazam|brn
|
|-heal|p2a: Billfren|301\/394|[from] item: Leftovers
|-damage|p1a: Alakazam|182\/252 brn|[from] brn
|turn|33
|
|move|p1a: Alakazam|Shadow Ball|p2a: Billfren
|-supereffective|p2a: Billfren
|-damage|p2a: Billfren|95\/394
|move|p2a: Billfren|Recover|p2a: Billfren
|-heal|p2a: Billfren|292\/394
|
|-heal|p2a: Billfren|316\/394|[from] item: Leftovers
|-damage|p1a: Alakazam|151\/252 brn|[from] brn
|turn|34
|c| dingbat|how come
|c| dingbat|i can't do the same thing with cobalion?
|
|move|p1a: Alakazam|Shadow Ball|p2a: Billfren
|-supereffective|p2a: Billfren
|-damage|p2a: Billfren|118\/394
|move|p2a: Billfren|Recover|p2a: Billfren
|-heal|p2a: Billfren|315\/394
|
|-heal|p2a: Billfren|339\/394|[from] item: Leftovers
|-damage|p1a: Alakazam|120\/252 brn|[from] brn
|turn|35
|c| dingbat|:[
|c|âBeastly|because jirachi is meant to hax
|c|âBob the Bro|coz when cobalion do it its hax
|
|move|p1a: Alakazam|Shadow Ball|p2a: Billfren
|-supereffective|p2a: Billfren
|-damage|p2a: Billfren|127\/394
|move|p2a: Billfren|Recover|p2a: Billfren
|-heal|p2a: Billfren|324\/394
|
|-heal|p2a: Billfren|348\/394|[from] item: Leftovers
|-damage|p1a: Alakazam|89\/252 brn|[from] brn
|turn|36
|
|move|p1a: Alakazam|Calm Mind|p1a: Alakazam
|-boost|p1a: Alakazam|spa|1
|-boost|p1a: Alakazam|spd|1
|move|p2a: Billfren|Recover|p2a: Billfren
|-heal|p2a: Billfren|394\/394
|
|-damage|p1a: Alakazam|58\/252 brn|[from] brn
|turn|37
|
|move|p1a: Alakazam|Shadow Ball|p2a: Billfren
|-supereffective|p2a: Billfren
|-damage|p2a: Billfren|126\/394
|move|p2a: Billfren|Recover|p2a: Billfren
|-heal|p2a: Billfren|323\/394
|
|-heal|p2a: Billfren|347\/394|[from] item: Leftovers
|-damage|p1a: Alakazam|27\/252 brn|[from] brn
|turn|38
|
|move|p1a: Alakazam|Shadow Ball|p2a: Billfren
|-supereffective|p2a: Billfren
|-damage|p2a: Billfren|57\/394
|move|p2a: Billfren|Recover|p2a: Billfren
|-heal|p2a: Billfren|254\/394
|
|-heal|p2a: Billfren|278\/394|[from] item: Leftovers
|-damage|p1a: Alakazam|0 fnt|[from] brn
|faint|p1a: Alakazam
|
|switch|p1a: Krookodile|Krookodile, F|208\/332
|-ability|p1a: Krookodile|Intimidate|[of] p2a: Billfren
|-unboost|p2a: Billfren|atk|1
|turn|39
|
|move|p1a: Krookodile|Knock Off|p2a: Billfren
|-supereffective|p2a: Billfren
|-damage|p2a: Billfren|0 fnt
|-enditem|p2a: Billfren|Leftovers|[from] move: Knock Off|[of] p1a: Krookodile
|faint|p2a: Billfren
|
|
|switch|p2a: Rowfgt|Alakazam-Mega, F|130\/251
|-ability|p2a: Rowfgt|Intimidate|[from] ability: Trace|[of] p1a: Krookodile
|-ability|p2a: Rowfgt|Intimidate|[of] p1a: Krookodile
|-unboost|p1a: Krookodile|atk|1
|turn|40
|
|switch|p1a: Swampert|Swampert, F|324\/404
|move|p2a: Rowfgt|Energy Ball|p1a: Swampert
|-supereffective|p1a: Swampert
|-damage|p1a: Swampert|0 fnt
|faint|p1a: Swampert
|
|
|switch|p1a: Florges|Florges, F|271\/360
|turn|41
|c|âBeastly|brb i ned to calc
|
|switch|p2a: Clinton|Jirachi, shiny|113\/341
|move|p1a: Florges|Moonblast|p2a: Clinton
|-resisted|p2a: Clinton
|-damage|p2a: Clinton|48\/341
|
|-heal|p1a: Florges|293\/360|[from] item: Leftovers
|turn|42
|
|move|p1a: Florges|Protect|p1a: Florges
|-singleturn|p1a: Florges|Protect
|move|p2a: Clinton|Iron Head|p1a: Florges
|-activate|p1a: Florges|Protect
|
|-heal|p1a: Florges|315\/360|[from] item: Leftovers
|turn|43
|
|switch|p1a: Krookodile|Krookodile, F|208\/332
|-ability|p1a: Krookodile|Intimidate|[of] p2a: Clinton
|-unboost|p2a: Clinton|atk|1
|move|p2a: Clinton|Iron Head|p1a: Krookodile
|-damage|p1a: Krookodile|103\/332
|
|turn|44
|
|move|p2a: Clinton|Iron Head|p1a: Krookodile
|-damage|p1a: Krookodile|7\/332
|move|p1a: Krookodile|Knock Off|p2a: Clinton
|-supereffective|p2a: Clinton
|-damage|p2a: Clinton|0 fnt
|-enditem|p2a: Clinton|Choice Scarf|[from] move: Knock Off|[of] p1a: Krookodile
|faint|p2a: Clinton
|
|c|âBeastly|o thank god
|
|switch|p2a: Rowfgt|Alakazam-Mega, F|130\/251
|-ability|p2a: Rowfgt|Intimidate|[from] ability: Trace|[of] p1a: Krookodile
|-ability|p2a: Rowfgt|Intimidate|[of] p1a: Krookodile
|-unboost|p1a: Krookodile|atk|1
|turn|45
|c|âBeastly|gg
|
|move|p2a: Rowfgt|Energy Ball|p1a: Krookodile
|-supereffective|p1a: Krookodile
|-damage|p1a: Krookodile|0 fnt
|faint|p1a: Krookodile
|
|c|âBeastly|maybe
|c|âBeastly|actually its a roll
|c|âBeastly|for the game
|
|switch|p1a: Florges|Florges, F|315\/360
|turn|46
|c|âBob the Bro|o lol
|
|move|p2a: Rowfgt|Psyshock|p1a: Florges
|-damage|p1a: Florges|143\/360
|move|p1a: Florges|Moonblast|p2a: Rowfgt
|-damage|p2a: Rowfgt|0 fnt
|faint|p2a: Rowfgt
|
|win|Beastly
|c|âBeastly|for me
|c|âBeastly|nice mid roll
|c|âBeastly|gg