|join|Bob the Bro
|join|DarkLucario444
|player|p1|Bob the Bro|23
|player|p2|DarkLucario444|99
|gametype|singles
|gen|6
|tier|UU
|rule|Sleep Clause Mod: Limit one foe put to sleep
|rule|Species Clause: Limit one of each PokÃ©mon
|rule|OHKO Clause: OHKO moves are banned
|rule|Moody Clause: Moody is banned
|rule|Evasion Moves Clause: Evasion moves are banned
|rule|Endless Battle Clause: Forcing endless battles is banned
|rule|HP Percentage Mod: HP is shown in percentages
|clearpoke
|poke|p1|Alakazam, F
|poke|p1|Forretress, F
|poke|p1|Sableye, F
|poke|p1|Jirachi
|poke|p1|Swampert, M
|poke|p1|Blissey, F
|poke|p2|Lucario, M
|poke|p2|Nidoking, M
|poke|p2|Flygon, M
|poke|p2|Goodra, M
|poke|p2|Aggron, F
|poke|p2|Umbreon, F
|rule|Swagger Clause: Swagger is banned
|rule|Baton Pass Clause: Limit one PokÃ©mon knowing Baton Pass
|teampreview
|join|veludwig
|
|start
|switch|p1a: Sniperaim-homo|Swampert, M|404\/404
|switch|p2a: Lucario|Lucario, M|281\/281
|-item|p2a: Lucario|Air Balloon
|turn|1
|
|move|p2a: Lucario|Swords Dance|p2a: Lucario
|-boost|p2a: Lucario|atk|2
|move|p1a: Sniperaim-homo|Scald|p2a: Lucario
|-damage|p2a: Lucario|161\/281
|-enditem|p2a: Lucario|Air Balloon
|-status|p2a: Lucario|brn
|
|-damage|p2a: Lucario|126\/281 brn|[from] brn
|turn|2
|
|move|p2a: Lucario|Extreme Speed|p1a: Sniperaim-homo
|-damage|p1a: Sniperaim-homo|335\/404
|move|p1a: Sniperaim-homo|Scald|p2a: Lucario
|-damage|p2a: Lucario|21\/281 brn
|
|-heal|p1a: Sniperaim-homo|360\/404|[from] item: Leftovers
|-damage|p2a: Lucario|0 fnt|[from] brn
|faint|p2a: Lucario
|
|switch|p2a: Umbreon|Umbreon, F|394\/394
|turn|3
|
|move|p2a: Umbreon|Curse|p2a: Umbreon
|-boost|p2a: Umbreon|atk|1
|-boost|p2a: Umbreon|def|1
|-unboost|p2a: Umbreon|spe|1
|move|p1a: Sniperaim-homo|Stealth Rock|p2a: Umbreon
|-sidestart|p2: DarkLucario444|move: Stealth Rock
|
|-heal|p1a: Sniperaim-homo|385\/404|[from] item: Leftovers
|turn|4
|
|move|p2a: Umbreon|Curse|p2a: Umbreon
|-boost|p2a: Umbreon|atk|1
|-boost|p2a: Umbreon|def|1
|-unboost|p2a: Umbreon|spe|1
|move|p1a: Sniperaim-homo|Roar|p2a: Umbreon
|drag|p2a: Flygon|Flygon, M|301\/301
|-damage|p2a: Flygon|283\/301|[from] Stealth Rock
|
|-heal|p1a: Sniperaim-homo|404\/404|[from] item: Leftovers
|turn|5
|
|switch|p2a: Goodra|Goodra, M|384\/384
|-damage|p2a: Goodra|336\/384|[from] Stealth Rock
|move|p1a: Sniperaim-homo|Scald|p2a: Goodra
|-resisted|p2a: Goodra
|-damage|p2a: Goodra|320\/384
|
|turn|6
|
|switch|p1a: Waiv-chan|Jirachi|341\/341
|move|p2a: Goodra|Ice Beam|p1a: Waiv-chan
|-resisted|p1a: Waiv-chan
|-damage|p1a: Waiv-chan|299\/341
|
|turn|7
|
|switch|p2a: Aggron|Aggron, F|344\/344
|-damage|p2a: Aggron|323\/344|[from] Stealth Rock
|move|p1a: Waiv-chan|U-turn|p2a: Aggron
|-resisted|p2a: Aggron
|-damage|p2a: Aggron|307\/344
|
|switch|p1a: Bill-Fren|Sableye, F|294\/294
|
|turn|8
|
|detailschange|p2a: Aggron|Aggron-Mega, F
|message|Aggron has Mega Evolved into Mega Aggron!
|move|p1a: Bill-Fren|Will-O-Wisp|p2a: Aggron
|-status|p2a: Aggron|brn
|move|p2a: Aggron|Roar|p1a: Bill-Fren
|drag|p1a: Rowfgt|Alakazam, F|251\/251
|
|-damage|p2a: Aggron|264\/344 brn|[from] brn
|turn|9
|
|switch|p1a: Colbrusio-kun|Forretress, F|354\/354
|move|p2a: Aggron|Stealth Rock|p1a: Colbrusio-kun
|-sidestart|p1: Bob the Bro|move: Stealth Rock
|
|-damage|p2a: Aggron|221\/344 brn|[from] brn
|turn|10
|
|move|p2a: Aggron|Brick Break|p1a: Colbrusio-kun
|-damage|p1a: Colbrusio-kun|331\/354
|move|p1a: Colbrusio-kun|Rapid Spin|p2a: Aggron
|-resisted|p2a: Aggron
|-damage|p2a: Aggron|218\/344 brn
|-sideend|p1: Bob the Bro|Stealth Rock|[from] move: Rapid Spin|[of] p1a: Colbrusio-kun
|
|-heal|p1a: Colbrusio-kun|353\/354|[from] item: Leftovers
|-damage|p2a: Aggron|175\/344 brn|[from] brn
|turn|11
|
|switch|p2a: Nidoking|Nidoking, M|304\/304
|-damage|p2a: Nidoking|285\/304|[from] Stealth Rock
|move|p1a: Colbrusio-kun|Toxic Spikes|p2a: Nidoking
|-sidestart|p2: DarkLucario444|move: Toxic Spikes
|
|-heal|p1a: Colbrusio-kun|354\/354|[from] item: Leftovers
|turn|12
|
|switch|p1a: Fat Lenny|Blissey, F|714\/714
|move|p2a: Nidoking|Fire Punch|p1a: Fat Lenny
|-damage|p1a: Fat Lenny|466\/714
|
|-heal|p1a: Fat Lenny|510\/714|[from] item: Leftovers
|turn|13
|
|switch|p1a: Sniperaim-homo|Swampert, M|404\/404
|move|p2a: Nidoking|Head Smash|p1a: Sniperaim-homo
|-resisted|p1a: Sniperaim-homo
|-damage|p1a: Sniperaim-homo|330\/404
|-damage|p2a: Nidoking|248\/304|[from] recoil|[of] p1a: Sniperaim-homo
|-damage|p2a: Nidoking|218\/304|[from] item: Life Orb
|
|-heal|p1a: Sniperaim-homo|355\/404|[from] item: Leftovers
|turn|14
|
|move|p2a: Nidoking|Toxic Spikes|p1a: Sniperaim-homo
|-sidestart|p1: Bob the Bro|move: Toxic Spikes
|move|p1a: Sniperaim-homo|Scald|p2a: Nidoking
|-supereffective|p2a: Nidoking
|-damage|p2a: Nidoking|8\/304
|
|-heal|p1a: Sniperaim-homo|380\/404|[from] item: Leftovers
|turn|15
|join|prof. waiv ââ¿â
|
|move|p2a: Nidoking|Poison Jab|p1a: Sniperaim-homo
|-resisted|p1a: Sniperaim-homo
|-damage|p1a: Sniperaim-homo|303\/404
|move|p1a: Sniperaim-homo|Earthquake|p2a: Nidoking
|-supereffective|p2a: Nidoking
|-damage|p2a: Nidoking|0 fnt
|faint|p2a: Nidoking
|
|-heal|p1a: Sniperaim-homo|328\/404|[from] item: Leftovers
|join|DMT
|join|Dr. Hoothoot
|c| prof. waiv ââ¿â|wow
|leave|DMT
|c| prof. waiv ââ¿â|bobo
|
|switch|p2a: Flygon|Flygon, M|283\/301
|-damage|p2a: Flygon|265\/301|[from] Stealth Rock
|turn|16
|c| prof. waiv ââ¿â|y u do dis
|
|move|p2a: Flygon|Outrage|p1a: Sniperaim-homo
|-damage|p1a: Sniperaim-homo|186\/404
|move|p1a: Sniperaim-homo|Scald|p2a: Flygon
|-damage|p2a: Flygon|166\/301
|
|-heal|p1a: Sniperaim-homo|211\/404|[from] item: Leftovers
|turn|17
|c| prof. waiv ââ¿â|don't kill em lik dis
|c| prof. waiv ââ¿â|~
|
|switch|p1a: Colbrusio-kun|Forretress, F|354\/354
|move|p2a: Flygon|Outrage|p1a: Colbrusio-kun
|-resisted|p1a: Colbrusio-kun
|-damage|p1a: Colbrusio-kun|304\/354
|
|-end|p2a: Flygon|rampage
|-start|p2a: Flygon|confusion
|-heal|p1a: Colbrusio-kun|326\/354|[from] item: Leftovers
|-enditem|p2a: Flygon|Lum Berry|[eat]
|-end|p2a: Flygon|confusion
|turn|18
|c| prof. waiv ââ¿â|dat name tho 
|c|âBob the Bro|soz i like being a bully
|c| prof. waiv ââ¿â|dat lum
|
|move|p2a: Flygon|Earthquake|p1a: Colbrusio-kun
|-damage|p1a: Colbrusio-kun|241\/354
|move|p1a: Colbrusio-kun|Rapid Spin|p2a: Flygon
|-damage|p2a: Flygon|148\/301
|-sideend|p1: Bob the Bro|Toxic Spikes|[from] move: Rapid Spin|[of] p1a: Colbrusio-kun
|
|-heal|p1a: Colbrusio-kun|263\/354|[from] item: Leftovers
|turn|19
|c| prof. waiv ââ¿â|-_-
|leave|prof. waiv ââ¿â
|
|switch|p2a: Aggron|Aggron-Mega, F|175\/344 brn
|-damage|p2a: Aggron|154\/344 brn|[from] Stealth Rock
|move|p1a: Colbrusio-kun|Gyro Ball|p2a: Aggron
|-resisted|p2a: Aggron
|-damage|p2a: Aggron|144\/344 brn
|
|-heal|p1a: Colbrusio-kun|285\/354|[from] item: Leftovers
|-damage|p2a: Aggron|101\/344 brn|[from] brn
|turn|20
|c| veludwig|i still wanna know why that goodra ice beamed
|c|âDarkLucario444|i had no better move agianst it
|c|âDarkLucario444|and i wanted to freeze it
|
|move|p1a: Colbrusio-kun|Volt Switch|p2a: Aggron
|-damage|p2a: Aggron|53\/344 brn
|
|switch|p1a: Waiv-chan|Jirachi|299\/341
|move|p2a: Aggron|Roar|p1a: Waiv-chan
|drag|p1a: Sniperaim-homo|Swampert, M|211\/404
|
|-heal|p1a: Sniperaim-homo|236\/404|[from] item: Leftovers
|-damage|p2a: Aggron|10\/344 brn|[from] brn
|turn|21
|
|move|p1a: Sniperaim-homo|Earthquake|p2a: Aggron
|-supereffective|p2a: Aggron
|-damage|p2a: Aggron|0 fnt
|faint|p2a: Aggron
|
|-heal|p1a: Sniperaim-homo|261\/404|[from] item: Leftovers
|
|switch|p2a: Umbreon|Umbreon, F|394\/394
|-status|p2a: Umbreon|psn
|-damage|p2a: Umbreon|345\/394 psn|[from] Stealth Rock
|turn|22
|join|Eyan
|
|move|p2a: Umbreon|Assurance|p1a: Sniperaim-homo
|-damage|p1a: Sniperaim-homo|228\/404
|move|p1a: Sniperaim-homo|Roar|p2a: Umbreon
|drag|p2a: Goodra|Goodra, M|320\/384
|-status|p2a: Goodra|psn
|-damage|p2a: Goodra|272\/384 psn|[from] Stealth Rock
|
|-heal|p1a: Sniperaim-homo|253\/404|[from] item: Leftovers
|-damage|p2a: Goodra|224\/384 psn|[from] psn
|turn|23
|
|switch|p1a: Waiv-chan|Jirachi|299\/341
|move|p2a: Goodra|Draco Meteor|p1a: Waiv-chan
|-resisted|p1a: Waiv-chan
|-damage|p1a: Waiv-chan|201\/341
|-unboost|p2a: Goodra|spa|2
|
|-damage|p2a: Goodra|176\/384 psn|[from] psn
|turn|24
|
|switch|p1a: Rowfgt|Alakazam, F|251\/251
|switch|p2a: Flygon|Flygon, M|148\/301
|-damage|p2a: Flygon|130\/301|[from] Stealth Rock
|
|turn|25
|
|detailschange|p1a: Rowfgt|Alakazam-Mega, F
|message|Alakazam has Mega Evolved into Mega Alakazam!
|-ability|p1a: Rowfgt|Levitate|[from] ability: Trace|[of] p2a: Flygon
|move|p1a: Rowfgt|Psyshock|p2a: Flygon
|-damage|p2a: Flygon|0 fnt
|faint|p2a: Flygon
|
|
|switch|p2a: Umbreon|Umbreon, F|345\/394 psn
|-damage|p2a: Umbreon|296\/394 psn|[from] Stealth Rock
|turn|26
|
|move|p1a: Rowfgt|Focus Blast|p2a: Umbreon
|-supereffective|p2a: Umbreon
|-damage|p2a: Umbreon|78\/394 psn
|move|p2a: Umbreon|Confuse Ray|p1a: Rowfgt
|-start|p1a: Rowfgt|confusion
|
|-heal|p2a: Umbreon|102\/394 psn|[from] item: Leftovers
|-damage|p2a: Umbreon|53\/394 psn|[from] psn
|turn|27
|
|switch|p1a: Colbrusio-kun|Forretress, F|285\/354
|move|p2a: Umbreon|Curse|p2a: Umbreon
|-boost|p2a: Umbreon|atk|1
|-boost|p2a: Umbreon|def|1
|-unboost|p2a: Umbreon|spe|1
|
|-heal|p2a: Umbreon|77\/394 psn|[from] item: Leftovers
|-heal|p1a: Colbrusio-kun|307\/354|[from] item: Leftovers
|-damage|p2a: Umbreon|28\/394 psn|[from] psn
|turn|28
|-message|DarkLucario444 forfeited.
|
|win|Bob the Bro
|leave|DarkLucario444
|player|p2
|leave|Bob the Bro
|player|p1