|join|Bob the Bro
|join|SmashBrosBrawl
|player|p1|Bob the Bro|23
|player|p2|SmashBrosBrawl|102
|gametype|singles
|gen|6
|tier|UU
|rule|Sleep Clause Mod: Limit one foe put to sleep
|rule|Species Clause: Limit one of each PokÃ©mon
|rule|OHKO Clause: OHKO moves are banned
|rule|Moody Clause: Moody is banned
|rule|Evasion Moves Clause: Evasion moves are banned
|rule|Endless Battle Clause: Forcing endless battles is banned
|rule|HP Percentage Mod: HP is shown in percentages
|clearpoke
|poke|p1|Suicune
|poke|p1|Snorlax, F
|poke|p1|Reuniclus, F
|poke|p1|Chandelure, F
|poke|p1|Absol, F
|poke|p1|Toxicroak, F
|poke|p2|Rhyperior, F
|poke|p2|Crobat, F
|poke|p2|Blastoise, F
|poke|p2|Lucario, M
|poke|p2|Hydreigon, M
|poke|p2|Shaymin
|rule|Swagger Clause: Swagger is banned
|rule|Baton Pass Clause: Limit one PokÃ©mon knowing Baton Pass
|teampreview
|join|pokemonisfun
|join|InnovativeUsername
|c| pokemonisfun|im first
|join|ThE0 Trolopoulos
|join|Eren Swaeger
|c|âSmashBrosBrawl|good for u
|join|0rbital
|c|âBob the Bro|go ez senpai
|c|âBob the Bro|im using bad team
|c| pokemonisfun|trick room reuniclus 6-0s you
|c|âSmashBrosBrawl|thats not
|c|âSmashBrosBrawl|mathematically possible
|join|True Victini
|
|start
|switch|p1a: Absolute|Absol, F|271\/271
|switch|p2a: Rhyperior|Rhyperior, F|434\/434
|turn|1
|c| pokemonisfun|all your pokemon are uu
|join|ANGER MANAGEMENT
|c|âBob the Bro|your face is not mathematically possible
|c| pokemonisfun|why dont u use innovation
|c|âSmashBrosBrawl|rhyperior
|c|âSmashBrosBrawl|isnt uu
|c| pokemonisfun|instead of boring shit
|
|switch|p1a: ban pls|Suicune|401\/401
|-ability|p1a: ban pls|Pressure
|move|p2a: Rhyperior|Earthquake|p1a: ban pls
|-damage|p1a: ban pls|298\/401
|
|-heal|p1a: ban pls|323\/401|[from] item: Leftovers
|turn|2
|join|skysoki
|c| pokemonisfun|really?
|
|move|p1a: ban pls|Scald|p2a: Rhyperior
|-crit|p2a: Rhyperior
|-supereffective|p2a: Rhyperior
|-damage|p2a: Rhyperior|17\/434
|move|p2a: Rhyperior|Stealth Rock|p1a: ban pls
|-sidestart|p1: Bob the Bro|move: Stealth Rock
|
|-heal|p1a: ban pls|348\/401|[from] item: Leftovers
|-heal|p2a: Rhyperior|44\/434|[from] item: Leftovers
|turn|3
|join|Apache-kin
|c|âSmashBrosBrawl|MFW
|c| pokemonisfun|i dont rememeber seeing it in ru
|c|âBob the Bro|ffs
|c|âBob the Bro|no burn
|
|switch|p2a: Shaymin|Shaymin|404\/404
|move|p1a: ban pls|Scald|p2a: Shaymin
|-resisted|p2a: Shaymin
|-damage|p2a: Shaymin|357\/404
|-status|p2a: Shaymin|brn
|
|-heal|p2a: Shaymin|382\/404 brn|[from] item: Leftovers
|-heal|p1a: ban pls|373\/401|[from] item: Leftovers
|-damage|p2a: Shaymin|332\/404 brn|[from] brn
|turn|4
|c| ANGER MANAGEMENT|nice way to go waste your absol counter
|c|âSmashBrosBrawl|>blastoise
|c|âSmashBrosBrawl|>hydra
|c|âSmashBrosBrawl|>crobat
|c|âSmashBrosBrawl|>lucario
|c| pokemonisfun|lol
|c| pokemonisfun|since when is lucario an absol counter
|c| ANGER MANAGEMENT|>counter
|c| ANGER MANAGEMENT|>counter
|c| ANGER MANAGEMENT|>counter
|c| ANGER MANAGEMENT|>counter
|join|LiberalLucario
|c|âBob the Bro|how do i beat shaymin
|c|âSmashBrosBrawl|nothign counters anything
|
|switch|p1a: your mum|Snorlax, F|524\/524
|-damage|p1a: your mum|459\/524|[from] Stealth Rock
|move|p2a: Shaymin|Seed Flare|p1a: your mum
|-damage|p1a: your mum|344\/524
|
|-heal|p2a: Shaymin|357\/404 brn|[from] item: Leftovers
|-heal|p1a: your mum|376\/524|[from] item: Leftovers
|-damage|p2a: Shaymin|307\/404 brn|[from] brn
|turn|5
|join|dodmen
|c|âSmashBrosBrawl|tbh
|c|+dodmen|sbb
|c|+dodmen|you have
|c| pokemonisfun|specs shaymin would have won here
|c|+dodmen|a shaymin
|c|âSmashBrosBrawl|good
|c|âSmashBrosBrawl|observation
|c| ANGER MANAGEMENT|what is
|c| ANGER MANAGEMENT|serperior
|c| pokemonisfun|sd shaymin would have won too
|c|+dodmen|The opposing Shaymin restored a little HP using its Leftovers!
|
|move|p2a: Shaymin|Leech Seed|p1a: your mum
|-start|p1a: your mum|move: Leech Seed
|move|p1a: your mum|Frustration|p2a: Shaymin
|-crit|p2a: Shaymin
|-damage|p2a: Shaymin|129\/404 brn
|
|-heal|p2a: Shaymin|154\/404 brn|[from] item: Leftovers
|-heal|p1a: your mum|408\/524|[from] item: Leftovers
|-damage|p1a: your mum|343\/524|[from] Leech Seed|[of] p2a: Shaymin
|-heal|p2a: Shaymin|219\/404 brn|[silent]
|-damage|p2a: Shaymin|169\/404 brn|[from] brn
|turn|6
|c|âSmashBrosBrawl|mfw
|join|FlamingSugarRush
|c|âBob the Bro|wut
|join|Noriya
|c|+dodmen|00
|join|EeveeBackwards
|join|the Ess of Johan
|c| pokemonisfun|3 hits 2 crits
|c| EeveeBackwards|And the snorlax strats are real today.
|c| pokemonisfun|+scald burn
|
|switch|p2a: Blastoise|Blastoise, F|361\/361
|switch|p1a: Toxiforg|Toxicroak, F|307\/307
|-damage|p1a: Toxiforg|288\/307|[from] Stealth Rock
|
|turn|7
|c| FlamingSugarRush|Welcome back fols we are at a **smashbrosbrawl vs bob the bro battle** where there seems to be many puns
|c| EeveeBackwards|And smash switched from jurachi to shaymin from his last battle
|c|+dodmen|pre
|c|+dodmen|dic
|c|+dodmen|ted
|c| pokemonisfun|hp ground here
|c|+dodmen|zen hedbutt
|
|detailschange|p2a: Blastoise|Blastoise-Mega, F
|-mega|p2a: Blastoise|Blastoise|Blastoisinite
|move|p1a: Toxiforg|Gunk Shot|p2a: Blastoise|[miss]
|-miss|p1a: Toxiforg|p2a: Blastoise
|move|p2a: Blastoise|Dragon Pulse|p1a: Toxiforg
|-damage|p1a: Toxiforg|54\/307
|
|turn|8
|c|âSmashBrosBrawl|fair
|c|+dodmen|nig
|c|+dodmen|you have a bat
|c| EeveeBackwards|And the gunk shot misses
|c|+dodmen|remember
|c| pokemonisfun|l o l
|
|switch|p2a: Rhyperior|Rhyperior, F|44\/434
|move|p1a: Toxiforg|Gunk Shot|p2a: Rhyperior
|-resisted|p2a: Rhyperior
|-damage|p2a: Rhyperior|0 fnt
|-damage|p1a: Toxiforg|24\/307|[from] item: Life Orb
|faint|p2a: Rhyperior
|
|
|switch|p2a: Crobat|Crobat, F|359\/359
|turn|9
|c| EeveeBackwards|The dragon pulse deals alot of damage to the toxicroak
|c| EeveeBackwards|But he sacrifices rhyperior
|
|move|p1a: Toxiforg|Sucker Punch|p2a: Crobat
|-damage|p2a: Crobat|217\/359
|-damage|p1a: Toxiforg|0 fnt|[from] item: Life Orb
|faint|p1a: Toxiforg
|move|p2a: Crobat|Brave Bird|p1: Toxiforg|[notarget]
|-notarget
|
|-heal|p2a: Crobat|239\/359|[from] item: Black Sludge
|c| FlamingSugarRush|And the toxicroak hits a gunk shot!
|c| pokemonisfun|does rock resist poison
|c| EeveeBackwards|The sucker punch was real, but he kill himself with life orb
|c| LiberalLucario|yes
|
|switch|p1a: Absolute|Absol, F|271\/271
|-damage|p1a: Absolute|238\/271|[from] Stealth Rock
|turn|10
|c| EeveeBackwards|Absol comes out
|c| FlamingSugarRush|The **abosolute the absol** comes in
|c| EeveeBackwards|He may run sucker punch, let's see.
|c| FlamingSugarRush|\/\/brrr
|c| FlamingSugarRush|Exactly
|
|detailschange|p1a: Absolute|Absol-Mega, F
|-mega|p1a: Absolute|Absol|Absolite
|move|p2a: Crobat|U-turn|p1a: Absolute
|-supereffective|p1a: Absolute
|-damage|p1a: Absolute|58\/271
|c| FlamingSugarRush|We never know, Eevee
|c| FlamingSugarRush|And no
|c|+dodmen|mfw
|c| FlamingSugarRush|It is something else
|c| FlamingSugarRush|I predict a psycho cut
|c| EeveeBackwards|Ooh. And the uturn dealing nice damage comes out
|c|âBob the Bro|im going for play rough
|c|âSmashBrosBrawl|o
|c|+dodmen|brave bird just kille
|c| pokemonisfun|go to hydreigon
|c| pokemonisfun|he is bluffing
|c| FlamingSugarRush|go to lucar
|c|âSmashBrosBrawl|i predict sucker
|
|switch|p2a: Lucario|Lucario, M|281\/281
|move|p1a: Absolute|Knock Off|p2a: Lucario
|-resisted|p2a: Lucario
|-damage|p2a: Lucario|134\/281
|-enditem|p2a: Lucario|Life Orb|[from] move: Knock Off|[of] p1a: Absolute
|
|turn|11
|c| FlamingSugarRush|Lucar can resist if it play roughs
|c| EeveeBackwards|SBB switches into lucario
|c| FlamingSugarRush|Good bo--
|c| pokemonisfun|nice
|c| EeveeBackwards|Knocking off lucario's life orb
|c|+dodmen|,
|c|âSmashBrosBrawl|implying lucario is sweeping
|c| FlamingSugarRush|HE knocked off the orb
|c| pokemonisfun|justidied
|c| EeveeBackwards|And Bob is one sneaky guy
|c| pokemonisfun|justified*
|c| FlamingSugarRush|So the sweep has been killed
|c| pokemonisfun|where is juditfied
|c| EeveeBackwards|He said he'd go for play rough
|c| FlamingSugarRush|Lucario has 0 chance to sweep for now
|
|switch|p1a: 3spooky5me|Chandelure, F|283\/283
|-damage|p1a: 3spooky5me|213\/283|[from] Stealth Rock
|move|p2a: Lucario|Extreme Speed|p1a: 3spooky5me
|-immune|p1a: 3spooky5me|[msg]
|
|-heal|p1a: 3spooky5me|230\/283|[from] item: Leftovers
|turn|12
|c| EeveeBackwards|And he didn't.
|c|âSmashBrosBrawl|cant use it
|c|âSmashBrosBrawl|until jirachi leaves
|c| FlamingSugarRush|Lucario can have justified...
|c| EeveeBackwards|And the extreme speed was predicted
|c| FlamingSugarRush|I wonder why he didn't give it to him
|c| FlamingSugarRush|lets see
|c| EeveeBackwards|3spooky5me is sent out
|c| pokemonisfun|is this ifnals
|c|âSmashBrosBrawl|n
|
|switch|p2a: Hydreigon|Hydreigon, M|325\/325
|move|p1a: 3spooky5me|Flamethrower|p2a: Hydreigon
|-resisted|p2a: Hydreigon
|-damage|p2a: Hydreigon|217\/325
|
|-heal|p1a: 3spooky5me|247\/283|[from] item: Leftovers
|turn|13
|c| Apache-kin|no
|c| EeveeBackwards|Lucario has nothing for it
|c| EeveeBackwards|He switches into hydreigon
|c| LiberalLucario|oh this is the team bob used when I 5-0d hi
|c| LiberalLucario|him
|c| LiberalLucario|with kyurem
|c| LiberalLucario|nb
|c|âBob the Bro|???
|c|+dodmen|keep trying to pretend ur good
|c| LiberalLucario|ok
|c| LiberalLucario|i will
|c| Apache-kin|the shots fired
|
|switch|p1a: your mum|Snorlax, F|343\/524
|-damage|p1a: your mum|278\/524|[from] Stealth Rock
|move|p2a: Hydreigon|Draco Meteor|p1a: your mum|[miss]
|-miss|p2a: Hydreigon|p1a: your mum
|
|-heal|p1a: your mum|310\/524|[from] item: Leftovers
|turn|14
|c| LiberalLucario|eh i'm used to it by now
|c|âSmashBrosBrawl|,,,
|c| Apache-kin|tbh, they weren't hard to miss
|c| EeveeBackwards|And the draco meteor is missed.
|c| pokemonisfun|reveal superpower
|
|switch|p2a: Lucario|Lucario, M|134\/281
|move|p1a: your mum|Frustration|p2a: Lucario
|-resisted|p2a: Lucario
|-damage|p2a: Lucario|50\/281
|
|-heal|p1a: your mum|342\/524|[from] item: Leftovers
|turn|15
|c| EeveeBackwards|Snorlax was sent out to tank it anyhow.
|c| ANGER MANAGEMENT|crunch here
|c| EeveeBackwards|Frustration comes out
|
|move|p2a: Lucario|Iron Tail|p1a: your mum
|-damage|p1a: your mum|146\/524
|move|p1a: your mum|Frustration|p2a: Lucario
|-resisted|p2a: Lucario
|-damage|p2a: Lucario|0 fnt
|faint|p2a: Lucario
|
|-heal|p1a: your mum|178\/524|[from] item: Leftovers
|c| EeveeBackwards|Looks like this snorlax is not happy with bob
|c| ANGER MANAGEMENT|not even
|c| FlamingSugarRush|Frustration does a deal of heavy damage
|c|âBob the Bro|ez
|c| FlamingSugarRush|And the snorlax seems angrier and knocks out the lucario for good
|join|Oregon Ducks
|c| FlamingSugarRush|If **Bob the Bro** wins
|c| EeveeBackwards|What will SBB send out?
|c| FlamingSugarRush|He will be known as the **Bob the Hero**
|c| pokemonisfun|why is everyone using baton pass vaporeon
|c| pokemonisfun|it sucks
|leave|the Ess of Johan
|c| EeveeBackwards|Or Bob the Builder
|c| FlamingSugarRush|I predict a hydreigon send in :]
|c|+dodmen|y
|
|switch|p2a: Crobat|Crobat, F|239\/359
|turn|16
|c| EeveeBackwards|Nope
|c| EeveeBackwards|The crobat
|c|+dodmen|"but muh momentum xd"
|
|move|p2a: Crobat|Brave Bird|p1a: your mum
|-damage|p1a: your mum|21\/524
|-damage|p2a: Crobat|187\/359|[from] recoil|[of] p1a: your mum
|move|p1a: your mum|Rest|p1a: your mum
|-status|p1a: your mum|slp
|-heal|p1a: your mum|524\/524 slp|[silent]
|-status|p1a: your mum|slp|[from] move: Rest
|
|-heal|p2a: Crobat|209\/359|[from] item: Black Sludge
|turn|17
|c| Apache-kin|bob how does it feel to have your dick rode this hard?
|c| FlamingSugarRush|This means another u-turn or brave bird
|c| FlamingSugarRush|OH
|c| FlamingSugarRush|ANd--
|c| EeveeBackwards|The question is, will the bravebird kill
|c| EeveeBackwards|Nope.
|c| FlamingSugarRush|He rests
|leave|pokemonisfun
|c| FlamingSugarRush|No resto chesto?
|
|move|p2a: Crobat|U-turn|p1a: your mum
|-damage|p1a: your mum|462\/524 slp
|c| Noriya|no
|c| EeveeBackwards|And SBB switches out
|
|switch|p2a: Shaymin|Shaymin|169\/404
|cant|p1a: your mum|slp
|move|p1a: your mum|Sleep Talk|p1a: your mum
|move|p1a: your mum|Curse|p1a: your mum|[from]Sleep Talk
|-boost|p1a: your mum|atk|1
|-boost|p1a: your mum|def|1
|-unboost|p1a: your mum|spe|1
|
|-heal|p2a: Shaymin|194\/404|[from] item: Leftovers
|-heal|p1a: your mum|494\/524 slp|[from] item: Leftovers
|turn|18
|c| Noriya|rest talk curse
|c| EeveeBackwards|Looking to set up something with shaymin
|c| ANGER MANAGEMENT|this is what you get
|join|mini117
|c| EeveeBackwards|And the curse is off
|c| ANGER MANAGEMENT|for not having taunt
|join|Specs Cranidose
|c|+dodmen|ok how are you not taunt bat
|c|âSmashBrosBrawl|i do
|c|âBob the Bro|catch this frustration
|join|tennis479
|c|âSmashBrosBrawl|but i calculed
|c|âSmashBrosBrawl|a kill
|join|Shit User
|
|move|p2a: Shaymin|Leech Seed|p1a: your mum
|-start|p1a: your mum|move: Leech Seed
|cant|p1a: your mum|slp
|move|p1a: your mum|Sleep Talk|p1a: your mum
|move|p1a: your mum|Curse|p1a: your mum|[from]Sleep Talk
|-boost|p1a: your mum|atk|1
|-boost|p1a: your mum|def|1
|-unboost|p1a: your mum|spe|1
|
|-heal|p2a: Shaymin|219\/404|[from] item: Leftovers
|-heal|p1a: your mum|524\/524 slp|[from] item: Leftovers
|-damage|p1a: your mum|459\/524 slp|[from] Leech Seed|[of] p2a: Shaymin
|-heal|p2a: Shaymin|284\/404|[silent]
|turn|19
|c|âBob the Bro|i am defensive
|c|âBob the Bro|obv
|c| EeveeBackwards|And the curse once more
|c| ANGER MANAGEMENT|lax counter wasted
|c| ANGER MANAGEMENT|on a cune
|c|+dodmen|serp
|c|+dodmen|would
|c|+dodmen|taunt
|c| EeveeBackwards|One attack from this snorlax could be deadly
|
|move|p2a: Shaymin|Seed Flare|p1a: your mum
|-damage|p1a: your mum|348\/524 slp
|-unboost|p1a: your mum|spd|2
|-curestatus|p1a: your mum|slp
|move|p1a: your mum|Frustration|p2a: Shaymin
|-damage|p2a: Shaymin|7\/404
|
|-heal|p2a: Shaymin|32\/404|[from] item: Leftovers
|-heal|p1a: your mum|380\/524|[from] item: Leftovers
|-damage|p1a: your mum|315\/524|[from] Leech Seed|[of] p2a: Shaymin
|-heal|p2a: Shaymin|97\/404|[silent]
|turn|20
|c| FlamingSugarRush|oops
|c| FlamingSugarRush|browser zoom
|c| EeveeBackwards|AND SHAYMIN LIVES
|c| FlamingSugarRush|there
|c| FlamingSugarRush|the shaymin may be ah ero here!
|
|move|p2a: Shaymin|Protect|p2a: Shaymin
|-singleturn|p2a: Shaymin|Protect
|move|p1a: your mum|Frustration|p2a: Shaymin
|-activate|p2a: Shaymin|Protect
|
|-heal|p2a: Shaymin|122\/404|[from] item: Leftovers
|-heal|p1a: your mum|347\/524|[from] item: Leftovers
|-damage|p1a: your mum|282\/524|[from] Leech Seed|[of] p2a: Shaymin
|-heal|p2a: Shaymin|187\/404|[silent]
|turn|21
|c| ANGER MANAGEMENT|so  shaymin dies
|c| ANGER MANAGEMENT|then cune
|c|âBob the Bro|da fuq
|leave|Apache-kin
|c| ANGER MANAGEMENT|sweeps you
|c| FlamingSugarRush|Will snorlax be the hero!?!?
|join|Dirk1023
|c| FlamingSugarRush|OH NO
|leave|tennis479
|c| EeveeBackwards|Shaymin protects
|c| EeveeBackwards|Getting the leech seed damages
|join|DominicEX
|c| FlamingSugarRush|The 47% hp
|join|Apache-kin
|c| FlamingSugarRush|Will the frustration be enough
|c| FlamingSugarRush|If i were him
|c| FlamingSugarRush|I would go for another protect to test my luck
|c|+dodmen|lol
|
|switch|p1a: Absolute|Absol-Mega, F|58\/271
|-damage|p1a: Absolute|25\/271|[from] Stealth Rock
|move|p2a: Shaymin|Substitute|p2a: Shaymin
|-start|p2a: Shaymin|Substitute
|-damage|p2a: Shaymin|86\/404
|
|-heal|p2a: Shaymin|111\/404|[from] item: Leftovers
|turn|22
|c| EeveeBackwards|And he switches out
|c| Shit User|haha!
|c| Shit User|got em!
|c| EeveeBackwards|SBB sends out the substitute
|
|move|p2a: Shaymin|Protect|p2a: Shaymin
|-singleturn|p2a: Shaymin|Protect
|move|p1a: Absolute|Knock Off|p2a: Shaymin
|-activate|p2a: Shaymin|Protect
|
|-heal|p2a: Shaymin|136\/404|[from] item: Leftovers
|turn|23
|c| EeveeBackwards|He protects
|
|move|p1a: Absolute|Knock Off|p2a: Shaymin
|-end|p2a: Shaymin|Substitute
|move|p2a: Shaymin|Seed Flare|p1a: Absolute
|-damage|p1a: Absolute|0 fnt
|faint|p1a: Absolute
|
|-heal|p2a: Shaymin|161\/404|[from] item: Leftovers
|join|baenail
|c| EeveeBackwards|And shaymin lives the knock off
|c| Shit User|ok
|c| EeveeBackwards|And the seed flare kills
|c|âSmashBrosBrawl|snorlax should be dead
|c| Shit User|nice commentary
|c|âSmashBrosBrawl|by hydra
|c| EeveeBackwards|What will Bob go into?
|c|âSmashBrosBrawl|but this is bob the hacker
|
|switch|p1a: 3spooky5me|Chandelure, F|247\/283
|-damage|p1a: 3spooky5me|177\/283|[from] Stealth Rock
|turn|24
|
|switch|p2a: Hydreigon|Hydreigon, M|217\/325
|move|p1a: 3spooky5me|Flamethrower|p2a: Hydreigon
|-resisted|p2a: Hydreigon
|-damage|p2a: Hydreigon|108\/325
|
|-heal|p1a: 3spooky5me|194\/283|[from] item: Leftovers
|turn|25
|c| EeveeBackwards|The chandelur
|c| Shit User|can you actually give good commentary instead of saying what happens
|c| EeveeBackwards|Hydreigon is sent in to tank the flamethrower
|c| EeveeBackwards|No.
|
|move|p2a: Hydreigon|Draco Meteor|p1a: 3spooky5me|[miss]
|-miss|p2a: Hydreigon|p1a: 3spooky5me
|move|p1a: 3spooky5me|Flamethrower|p2a: Hydreigon
|-resisted|p2a: Hydreigon
|-damage|p2a: Hydreigon|0 fnt
|faint|p2a: Hydreigon
|
|-heal|p1a: 3spooky5me|211\/283|[from] item: Leftovers
|c| Shit User|shut your mouth
|c| LiberalLucario|...........
|c| EeveeBackwards|If I did that then I wouldn't be fake commentating.
|c| InnovativeUsername|wow
|c| baenail|doesnt snorlax just win
|c|âSmashBrosBrawl|no
|c|âBob the Bro|easiest dodge
|c|âBob the Bro|of my
|c|âBob the Bro|life
|c| Shit User|but it's not funny
|c|âSmashBrosBrawl|also oml
|c|âSmashBrosBrawl|kill urself
|c|âSmashBrosBrawl|no h8
|c|âBob the Bro|r u mad
|c| FlamingSugarRush|OH
|c| Shit User|he predicted u
|c| FlamingSugarRush|And the hydreigon is done
|join|DatLatias
|
|switch|p2a: Blastoise|Blastoise-Mega, F|361\/361
|turn|26
|c| Noriya|SBB, I recommend your Dreigon get Lasik asap
|join|FUQ GLISCORE
|c| EeveeBackwards|Things are looking grim for SBB
|c| FlamingSugarRush|The trusty mega blastoise is out
|c| ANGER MANAGEMENT|tbh
|c|+dodmen|tbh\
|
|move|p1a: 3spooky5me|Shadow Ball|p2a: Blastoise
|-damage|p2a: Blastoise|219\/361
|move|p2a: Blastoise|Hydro Pump|p1a: 3spooky5me
|-supereffective|p1a: 3spooky5me
|-damage|p1a: 3spooky5me|0 fnt
|faint|p1a: 3spooky5me
|
|join|tennis479
|join|tecado
|c| Shit User|sigh
|leave|True Victini
|c| ANGER MANAGEMENT|both players are fags so didn't matter who won
|c|âSmashBrosBrawl|gr8 now i have to lose 39% off stoise
|c|+dodmen|bob the bro is worse than sbb in terms of hackig
|c| FlamingSugarRush|The hydro pump deals the needed 75% damage
|c| Shit User|fucking haxing him
|c| Shit User|bob since when
|c| Shit User|did u not run stall
|
|switch|p1a: ban pls|Suicune|373\/401
|-damage|p1a: ban pls|323\/401|[from] Stealth Rock
|-ability|p1a: ban pls|Pressure
|turn|27
|c| FlamingSugarRush|This just in
|c| FlamingSugarRush|It looks the **seahawks** may have won the bowl again
|c| Shit User|also is that cm reun as well
|c| FlamingSugarRush|14-24
|
|switch|p2a: Shaymin|Shaymin|161\/404
|move|p1a: ban pls|Calm Mind|p1a: ban pls
|-boost|p1a: ban pls|spa|1
|-boost|p1a: ban pls|spd|1
|
|-heal|p2a: Shaymin|186\/404|[from] item: Leftovers
|-heal|p1a: ban pls|348\/401|[from] item: Leftovers
|turn|28
|c| Shit User|i mean you have
|c| Shit User|6
|c| Shit User|set up
|c| Shit User|sweepers
|c|âBob the Bro|yolo
|c| Shit User|by the looks of it
|c| EeveeBackwards|The switch is predicted and suicune calm minds.
|c|+dodmen|no sr
|c| FlamingSugarRush|The suicune
|
|move|p2a: Shaymin|Substitute|p2a: Shaymin
|-start|p2a: Shaymin|Substitute
|-damage|p2a: Shaymin|85\/404
|move|p1a: ban pls|Scald|p2a: Shaymin
|-resisted|p2a: Shaymin
|-activate|p2a: Shaymin|Substitute|[damage]
|
|-heal|p2a: Shaymin|110\/404|[from] item: Leftovers
|-heal|p1a: ban pls|373\/401|[from] item: Leftovers
|turn|29
|c| FlamingSugarRush|Will go for..
|c| FlamingSugarRush|The scald..
|c| Shit User|he has sr
|c| Shit User|he has magic
|c| Shit User|bunz
|c|+dodmen|rite\
|c| Shit User|n_n
|c| FlamingSugarRush|I smell a seed flare
|c| FlamingSugarRush|Thats about it.
|c| ANGER MANAGEMENT|I smell dying pp
|
|move|p2a: Shaymin|Leech Seed|p1a: ban pls
|-start|p1a: ban pls|move: Leech Seed
|move|p1a: ban pls|Scald|p2a: Shaymin
|-crit|p2a: Shaymin
|-resisted|p2a: Shaymin
|-end|p2a: Shaymin|Substitute
|
|-heal|p2a: Shaymin|135\/404|[from] item: Leftovers
|-heal|p1a: ban pls|398\/401|[from] item: Leftovers
|-damage|p1a: ban pls|348\/401|[from] Leech Seed|[of] p2a: Shaymin
|-heal|p2a: Shaymin|185\/404|[silent]
|turn|30
|c| FlamingSugarRush|i want a sand cat :]
|c| Shit User|crit mattered m9
|join|KingT9722
|c| Shit User|im edgy
|c| EeveeBackwards|The shaymin stalls are real.
|
|move|p2a: Shaymin|Substitute|p2a: Shaymin
|-start|p2a: Shaymin|Substitute
|-damage|p2a: Shaymin|84\/404
|move|p1a: ban pls|Calm Mind|p1a: ban pls
|-boost|p1a: ban pls|spa|1
|-boost|p1a: ban pls|spd|1
|
|-heal|p2a: Shaymin|109\/404|[from] item: Leftovers
|-heal|p1a: ban pls|373\/401|[from] item: Leftovers
|-damage|p1a: ban pls|323\/401|[from] Leech Seed|[of] p2a: Shaymin
|-heal|p2a: Shaymin|159\/404|[silent]
|turn|31
|c|+dodmen|why didn't you just taunt the fking snorlax
|
|move|p2a: Shaymin|Protect|p2a: Shaymin
|-singleturn|p2a: Shaymin|Protect
|move|p1a: ban pls|Calm Mind|p1a: ban pls
|-boost|p1a: ban pls|spa|1
|-boost|p1a: ban pls|spd|1
|
|-heal|p2a: Shaymin|184\/404|[from] item: Leftovers
|-heal|p1a: ban pls|348\/401|[from] item: Leftovers
|-damage|p1a: ban pls|298\/401|[from] Leech Seed|[of] p2a: Shaymin
|-heal|p2a: Shaymin|234\/404|[silent]
|turn|32
|c|âSmashBrosBrawl|because i calculed
|c|âSmashBrosBrawl|a kill
|c| EeveeBackwards|Suicune is setting up even harder. Bob is really looking to just sweep the rest of his team
|c| EeveeBackwards|And he may do it
|
|move|p2a: Shaymin|Seed Flare|p1a: ban pls
|-supereffective|p1a: ban pls
|-damage|p1a: ban pls|200\/401
|move|p1a: ban pls|Calm Mind|p1a: ban pls
|-boost|p1a: ban pls|spa|1
|-boost|p1a: ban pls|spd|1
|
|-heal|p2a: Shaymin|259\/404|[from] item: Leftovers
|-heal|p1a: ban pls|225\/401|[from] item: Leftovers
|-damage|p1a: ban pls|175\/401|[from] Leech Seed|[of] p2a: Shaymin
|-heal|p2a: Shaymin|309\/404|[silent]
|turn|33
|c|âBob the Bro|sick damage
|c| EeveeBackwards|+4 SPA is scary
|
|move|p2a: Shaymin|Protect|p2a: Shaymin
|-singleturn|p2a: Shaymin|Protect
|move|p1a: ban pls|Rest|p1a: ban pls
|-status|p1a: ban pls|slp
|-heal|p1a: ban pls|401\/401 slp|[silent]
|-status|p1a: ban pls|slp|[from] move: Rest
|
|-heal|p2a: Shaymin|334\/404|[from] item: Leftovers
|-damage|p1a: ban pls|351\/401 slp|[from] Leech Seed|[of] p2a: Shaymin
|-heal|p2a: Shaymin|384\/404|[silent]
|turn|34
|c| EeveeBackwards|And he runs rest.
|c|+dodmen|pls go to toise
|c| baenail|its like were watching the same battle
|
|switch|p2a: Blastoise|Blastoise-Mega, F|219\/361
|cant|p1a: ban pls|slp
|move|p1a: ban pls|Sleep Talk|p1a: ban pls
|move|p1a: ban pls|Rest|p1a: ban pls|[from]Sleep Talk
|-fail|p1a: ban pls
|
|-heal|p1a: ban pls|376\/401 slp|[from] item: Leftovers
|-damage|p1a: ban pls|326\/401 slp|[from] Leech Seed|[of] p2a: Blastoise
|-heal|p2a: Blastoise|269\/361|[silent]
|turn|35
|c| FlamingSugarRush|it looks like the shaymin will recover a lot
|
|cant|p1a: ban pls|slp
|move|p1a: ban pls|Sleep Talk|p1a: ban pls
|move|p1a: ban pls|Rest|p1a: ban pls|[from]Sleep Talk
|-fail|p1a: ban pls
|move|p2a: Blastoise|Roar|p1a: ban pls
|drag|p1a: your mum|Snorlax, F|282\/524
|-damage|p1a: your mum|217\/524|[from] Stealth Rock
|
|-heal|p1a: your mum|249\/524|[from] item: Leftovers
|turn|36
|c| FlamingSugarRush|and here comes the rest sleep talk!
|c|âBob the Bro|tfw
|c|âSmashBrosBrawl|tfw
|c| ANGER MANAGEMENT|aurpls
|c| ANGER MANAGEMENT|aura
|c| FlamingSugarRush|And it is the rest that is used!
|c| EeveeBackwards|RIP suicune set-up
|c| FlamingSugarRush|Another rest!
|c| baenail|doesnt last mon anything win
|c| FlamingSugarRush|It is roared!
|
|move|p2a: Blastoise|Hydro Pump|p1a: your mum
|-damage|p1a: your mum|68\/524
|move|p1a: your mum|Rest|p1a: your mum
|-status|p1a: your mum|slp
|-heal|p1a: your mum|524\/524 slp|[silent]
|-status|p1a: your mum|slp|[from] move: Rest
|
|turn|37
|c| EeveeBackwards|He wasted alot of turns
|c| FlamingSugarRush|This is a long battle
|
|cant|p1a: your mum|slp
|move|p1a: your mum|Sleep Talk|p1a: your mum
|move|p1a: your mum|Frustration|p2a: Blastoise|[from]Sleep Talk
|-damage|p2a: Blastoise|155\/361
|move|p2a: Blastoise|Roar|p1a: your mum
|drag|p1a: kawaii desu|Reuniclus, F|424\/424
|
|turn|38
|c| EeveeBackwards|Kawaii desu senpai himself
|
|switch|p1a: ban pls|Suicune|326\/401 slp
|-damage|p1a: ban pls|276\/401 slp|[from] Stealth Rock
|-ability|p1a: ban pls|Pressure
|move|p2a: Blastoise|Hydro Pump|p1a: ban pls
|-resisted|p1a: ban pls
|-damage|p1a: ban pls|181\/401 slp
|
|-heal|p1a: ban pls|206\/401 slp|[from] item: Leftovers
|turn|39
|
|-curestatus|p1a: ban pls|slp
|move|p1a: ban pls|Sleep Talk|p1a: ban pls
|-fail|p1a: ban pls
|move|p2a: Blastoise|Dragon Pulse|p1a: ban pls
|-damage|p1a: ban pls|44\/401
|
|-heal|p1a: ban pls|69\/401|[from] item: Leftovers
|turn|40
|c|âBob the Bro|rip
|c|âSmashBrosBrawl|good player alert
|c| DatLatias|s
|c| DatLatias|i
|c| DatLatias|c
|c| DatLatias|k
|
|move|p1a: ban pls|Rest|p1a: ban pls
|-status|p1a: ban pls|slp
|-heal|p1a: ban pls|401\/401 slp|[silent]
|-status|p1a: ban pls|slp|[from] move: Rest
|move|p2a: Blastoise|Dragon Pulse|p1a: ban pls
|-damage|p1a: ban pls|244\/401 slp
|
|-heal|p1a: ban pls|269\/401 slp|[from] item: Leftovers
|turn|41
|leave|FUQ GLISCORE
|
|cant|p1a: ban pls|slp
|move|p1a: ban pls|Sleep Talk|p1a: ban pls
|move|p1a: ban pls|Scald|p2a: Blastoise|[from]Sleep Talk
|-resisted|p2a: Blastoise
|-damage|p2a: Blastoise|116\/361
|-status|p2a: Blastoise|brn
|move|p2a: Blastoise|Dragon Pulse|p1a: ban pls
|-damage|p1a: ban pls|105\/401 slp
|
|-heal|p1a: ban pls|130\/401 slp|[from] item: Leftovers
|-damage|p2a: Blastoise|71\/361 brn|[from] brn
|turn|42
|c|âBob the Bro|busy watching porn soz
|c| DatLatias|asi
|c| DatLatias|kora
|c| Shit User|gay porn?
|c| DatLatias|or whatever
|c| DatLatias|that hentai was
|c|âSmashBrosBrawl|thats v
|c|âSmashBrosBrawl|edgy
|c| FlamingSugarRush|**It's to close to call**
|
|switch|p1a: your mum|Snorlax, F|524\/524 slp
|-damage|p1a: your mum|459\/524 slp|[from] Stealth Rock
|move|p2a: Blastoise|Dragon Pulse|p1a: your mum
|-damage|p1a: your mum|319\/524 slp
|
|-heal|p1a: your mum|351\/524 slp|[from] item: Leftovers
|-damage|p2a: Blastoise|26\/361 brn|[from] brn
|turn|43
|c| FlamingSugarRush|There is a youtuber who hit 100k
|c| FlamingSugarRush|so he will watch hentai live XD
|c| baenail|xd
|c|+dodmen|inb4 miss
|c| FlamingSugarRush|After he moves out from his roommates place
|
|move|p2a: Blastoise|Hydro Pump|p1a: your mum|[miss]
|-miss|p2a: Blastoise|p1a: your mum
|cant|p1a: your mum|slp
|move|p1a: your mum|Sleep Talk|p1a: your mum
|move|p1a: your mum|Frustration|p2a: Blastoise|[from]Sleep Talk
|-damage|p2a: Blastoise|0 fnt
|faint|p2a: Blastoise
|
|-heal|p1a: your mum|383\/524 slp|[from] item: Leftovers
|leave|tennis479
|c|âBob the Bro|ty dodmen
|c|+dodmen|np
|c| tecado|people really want to watch that?
|c| FlamingSugarRush|And SBB's trusty turtle is dead
|
|switch|p2a: Crobat|Crobat, F|209\/359
|turn|44
|c|âSmashBrosBrawl|faggo ts
|c| tecado|I think I  know how to get rich
|
|move|p2a: Crobat|Taunt|p1a: your mum
|-start|p1a: your mum|move: Taunt
|-curestatus|p1a: your mum|slp
|cant|p1a: your mum|move: Taunt|Sleep Talk
|
|-heal|p2a: Crobat|231\/359|[from] item: Black Sludge
|-heal|p1a: your mum|415\/524|[from] item: Leftovers
|turn|45
|c| FlamingSugarRush|Fun fact: Blastoise is actually a shellfish pokemon, aka my only weakness
|c|âBob the Bro|ro money
|c|+dodmen|p-predicted?
|
|move|p2a: Crobat|Brave Bird|p1a: your mum
|-damage|p1a: your mum|249\/524
|-damage|p2a: Crobat|176\/359|[from] recoil|[of] p1a: your mum
|move|p1a: your mum|Frustration|p2a: Crobat
|-damage|p2a: Crobat|26\/359
|
|-heal|p2a: Crobat|48\/359|[from] item: Black Sludge
|-heal|p1a: your mum|281\/524|[from] item: Leftovers
|turn|46
|c| FlamingSugarRush|I'm max :D
|leave|KingT9722
|
|move|p2a: Crobat|Roost|p2a: Crobat
|-heal|p2a: Crobat|228\/359
|move|p1a: your mum|Frustration|p2a: Crobat
|-damage|p2a: Crobat|75\/359
|
|-heal|p2a: Crobat|97\/359|[from] item: Black Sludge
|-heal|p1a: your mum|313\/524|[from] item: Leftovers
|-end|p1a: your mum|move: Taunt
|turn|47
|
|move|p2a: Crobat|Brave Bird|p1a: your mum
|-damage|p1a: your mum|145\/524
|-damage|p2a: Crobat|42\/359|[from] recoil|[of] p1a: your mum
|move|p1a: your mum|Frustration|p2a: Crobat
|-damage|p2a: Crobat|0 fnt
|faint|p2a: Crobat
|
|-heal|p1a: your mum|177\/524|[from] item: Leftovers
|
|switch|p2a: Shaymin|Shaymin|384\/404
|turn|48
|c|+dodmen|crit all 3 remaining seed flares
|leave|InnovativeUsername
|c|âBob the Bro|4
|c|âSmashBrosBrawl|this game is retarded
|
|switch|p1a: ban pls|Suicune|130\/401 slp
|-damage|p1a: ban pls|80\/401 slp|[from] Stealth Rock
|-ability|p1a: ban pls|Pressure
|move|p2a: Shaymin|Protect|p2a: Shaymin
|-fail|p2a: Shaymin
|
|-heal|p2a: Shaymin|404\/404|[from] item: Leftovers
|-heal|p1a: ban pls|105\/401 slp|[from] item: Leftovers
|turn|49
|c|âBob the Bro|i think
|c|+dodmen|if you just used serp
|
|move|p2a: Shaymin|Protect|p2a: Shaymin
|-singleturn|p2a: Shaymin|Protect
|cant|p1a: ban pls|slp
|
|-heal|p1a: ban pls|130\/401 slp|[from] item: Leftovers
|turn|50
|c| EeveeBackwards|?
|c| FlamingSugarRush|whose side are you on?
|c|âBob the Bro|your fault for running this retarded shaymin set
|c| FlamingSugarRush|Comment **bob the bro** if you want bob to win
|
|move|p2a: Shaymin|Protect|p2a: Shaymin
|-fail|p2a: Shaymin
|-curestatus|p1a: ban pls|slp
|move|p1a: ban pls|Rest|p1a: ban pls
|-status|p1a: ban pls|slp
|-heal|p1a: ban pls|401\/401 slp|[silent]
|-status|p1a: ban pls|slp|[from] move: Rest
|
|turn|51
|c|âBob the Bro|tbh
|c| ANGER MANAGEMENT|neitehr
|c|+dodmen|fk u sbb
|c| FlamingSugarRush|and \/me flips table if u want sbb to win
|-message|SmashBrosBrawl forfeited.
|
|move|p2a: Shaymin|Protect|p2a: Shaymin
|-singleturn|p2a: Shaymin|Protect
|cant|p1a: ban pls|slp
|move|p1a: ban pls|Sleep Talk|p1a: ban pls
|move|p1a: ban pls|Scald|p2a: Shaymin|[from]Sleep Talk
|-activate|p2a: Shaymin|Protect
|
|turn|52
|c| FlamingSugarRush|OH
|
|win|Bob the Bro
|leave|SmashBrosBrawl
|c| FlamingSugarRush|Bob the bro has won!
|leave|Bob the Bro
|leave|baenail
|player|p2
|leave|tecado
|player|p1
|leave|ANGER MANAGEMENT
|leave|skysoki
|leave|DatLatias
|leave|dodmen
|leave|EeveeBackwards
|leave|DominicEX
|leave|Apache-kin
|leave|mini117
|leave|Noriya
|leave|Oregon Ducks
|leave|0rbital
|leave|ThE0 Trolopoulos
|leave|Dirk1023