|join|PrettyVenomoth
|join|Bob the Bro
|join|tecado
|join|EeveeBackwards
|join|FlamingSugarRush
|c| tecado|first
|join|dodmen
|join|Sapient
|player|p1|PrettyVenomoth|2
|player|p2|Bob the Bro|23
|gametype|singles
|gen|6
|tier|UU
|rule|Sleep Clause Mod: Limit one foe put to sleep
|rule|Species Clause: Limit one of each PokÃ©mon
|rule|OHKO Clause: OHKO moves are banned
|rule|Moody Clause: Moody is banned
|rule|Evasion Moves Clause: Evasion moves are banned
|rule|Endless Battle Clause: Forcing endless battles is banned
|rule|HP Percentage Mod: HP is shown in percentages
|clearpoke
|poke|p1|Empoleon, M
|poke|p1|Galvantula, F
|poke|p1|Infernape, M
|poke|p1|Kyurem
|poke|p1|Espeon, M
|poke|p1|Torterra, F
|poke|p2|Emboar, M
|poke|p2|Vaporeon, F
|poke|p2|Celebi
|poke|p2|Forretress, M
|poke|p2|Jirachi
|poke|p2|Krookodile, M
|rule|Swagger Clause: Swagger is banned
|rule|Baton Pass Clause: Limit one PokÃ©mon knowing Baton Pass
|teampreview
|join|Noriya
|c| FlamingSugarRush|Hello Eevee, we meet again
|join|ANGER MANAGEMENT
|join|Hariyana Grande
|join|Oregon Ducks
|join|ThE0 Trolopoulos
|join|0rbital
|c| EeveeBackwards|JOHN CENA VS THE UNDERTAKER
|c| FlamingSugarRush|Here we are, the **hinals fype**, the moment you've been wiating for, from Venomoth's point of view
|join|True Victini
|join|Frickett
|join|mini117
|c| EeveeBackwards|ASH VS GARY
|
|start
|switch|p1a: Infernape|Infernape, M|294\/294
|switch|p2a: Jirachi|Jirachi|341\/341
|turn|1
|c|âPrettyVenomoth|lol
|c| FlamingSugarRush|ITS MEW VS MEWTWO
|c| FlamingSugarRush|GODZILLA VS KING KONG
|c| EeveeBackwards|Actually, it's bob vs venemoth
|c| FlamingSugarRush|GOKU VS VEGETA
|c|âBob the Bro|who the fk are these losers
|
|switch|p2a: Vaporeon|Vaporeon, F|464\/464
|move|p1a: Infernape|Flare Blitz|p2a: Vaporeon
|-resisted|p2a: Vaporeon
|-damage|p2a: Vaporeon|354\/464
|-damage|p1a: Infernape|258\/294|[from] recoil|[of] p2a: Vaporeon
|
|-heal|p2a: Vaporeon|383\/464|[from] item: Leftovers
|turn|2
|c| EeveeBackwards|I'm rooting for venemoth c:
|c| FlamingSugarRush|Oh...
|c| FlamingSugarRush|I don't know who to choose
|c|âPrettyVenomoth|dat switch tho
|c| Noriya|bob if you really are a bro
|c| FlamingSugarRush|I might root for Venomoth here
|c| Noriya|put modchat on
|raw|<div class="broadcast-red"><b>Moderated chat was set to +!<\/b><br \/>Only users of rank + and higher can talk.<\/div>
|
|switch|p1a: Empoleon|Empoleon, M|372\/372
|move|p2a: Vaporeon|Baton Pass|p2a: Vaporeon
|c|âPrettyVenomoth|no not mod chat
|join|Doomminime
|
|switch|p2a: Emboar|Emboar, M|361\/361
|
|turn|3
|join|Kyla's Nightmare
|
|move|p1a: Empoleon|Aqua Jet|p2a: Emboar
|-supereffective|p2a: Emboar
|-damage|p2a: Emboar|263\/361
|move|p2a: Emboar|Superpower|p1a: Empoleon
|-supereffective|p1a: Empoleon
|-damage|p1a: Empoleon|0 fnt
|-unboost|p2a: Emboar|atk|1
|-unboost|p2a: Emboar|def|1
|-damage|p2a: Emboar|227\/361|[from] item: Life Orb
|faint|p1a: Empoleon
|
|join|DatLatias
|c|âBob the Bro|dafuq
|
|switch|p1a: Torterra|Torterra, F|394\/394
|turn|4
|join|ikujyht
|
|move|p2a: Emboar|Flare Blitz|p1a: Torterra
|-supereffective|p1a: Torterra
|-damage|p1a: Torterra|0 fnt
|-damage|p2a: Emboar|97\/361|[from] recoil|[of] p1a: Torterra
|-damage|p2a: Emboar|61\/361|[from] item: Life Orb
|faint|p1a: Torterra
|
|join|Frames Janco
|c|+dodmen|"-1"
|join|Apache-kin
|
|switch|p1a: Infernape|Infernape, M|258\/294
|turn|5
|join|SmashBrosBrawl
|
|switch|p2a: Forretress|Forretress, M|354\/354
|move|p1a: Infernape|Mach Punch|p2a: Forretress
|-damage|p2a: Forretress|311\/354
|
|-heal|p2a: Forretress|333\/354|[from] item: Leftovers
|turn|6
|join|baenail
|
|move|p1a: Infernape|Stealth Rock|p2a: Forretress
|-sidestart|p2: Bob the Bro|move: Stealth Rock
|move|p2a: Forretress|Volt Switch|p1a: Infernape
|-damage|p1a: Infernape|208\/294
|c|âPrettyVenomoth|tecado\/roomboice
|join|ult lols
|
|switch|p2a: Vaporeon|Vaporeon, F|383\/464
|-damage|p2a: Vaporeon|325\/464|[from] Stealth Rock
|
|-heal|p2a: Vaporeon|354\/464|[from] item: Leftovers
|turn|7
|join|Shit User
|
|switch|p1a: Kyurem|Kyurem|454\/454
|-ability|p1a: Kyurem|Pressure
|move|p2a: Vaporeon|Scald|p1a: Kyurem
|-resisted|p1a: Kyurem
|-damage|p1a: Kyurem|426\/454
|
|-heal|p2a: Vaporeon|383\/464|[from] item: Leftovers
|turn|8
|c|âPrettyVenomoth|bob can u voice tecado pls
|c|âBob the Bro|that is fkn av
|c|âPrettyVenomoth|yeap
|join|Merlouvynis
|
|move|p1a: Kyurem|Dragon Pulse|p2a: Vaporeon
|-damage|p2a: Vaporeon|260\/464
|move|p2a: Vaporeon|Wish|p2a: Vaporeon
|
|-heal|p2a: Vaporeon|289\/464|[from] item: Leftovers
|turn|9
|join|craing
|
|move|p1a: Kyurem|Focus Blast|p2a: Vaporeon
|-damage|p2a: Vaporeon|177\/464
|move|p2a: Vaporeon|Scald|p1a: Kyurem
|-resisted|p1a: Kyurem
|-damage|p1a: Kyurem|400\/454
|-status|p1a: Kyurem|brn
|
|-heal|p2a: Vaporeon|409\/464|[from] move: Wish|[wisher] Vaporeon
|-heal|p2a: Vaporeon|438\/464|[from] item: Leftovers
|-damage|p1a: Kyurem|344\/454 brn|[from] brn
|turn|10
|leave|ult lols
|leave|dodmen
|
|move|p1a: Kyurem|Dragon Pulse|p2a: Vaporeon
|-damage|p2a: Vaporeon|314\/464
|move|p2a: Vaporeon|Baton Pass|p2a: Vaporeon
|
|switch|p2a: Forretress|Forretress, M|333\/354
|-damage|p2a: Forretress|289\/354|[from] Stealth Rock
|
|-heal|p2a: Forretress|311\/354|[from] item: Leftovers
|-damage|p1a: Kyurem|288\/454 brn|[from] brn
|turn|11
tecado was promoted to Room Voice by PrettyVenomoth.
|
|move|p1a: Kyurem|Focus Blast|p2a: Forretress
|-damage|p2a: Forretress|135\/354
|move|p2a: Forretress|Rapid Spin|p1a: Kyurem
|-damage|p1a: Kyurem|272\/454 brn
|-sideend|p2: Bob the Bro|Stealth Rock|[from] move: Rapid Spin|[of] p2a: Forretress
|
|-heal|p2a: Forretress|157\/354|[from] item: Leftovers
|-damage|p1a: Kyurem|216\/454 brn|[from] brn
|turn|12
|c|âPrettyVenomoth|hey pal
|c|+tecado|hi
|join|Toxzn
|c|+tecado|!data camerupt
|c|~|\/data-pokemon Camerupt

|
|switch|p2a: Vaporeon|Vaporeon, F|314\/464
|move|p1a: Kyurem|Focus Blast|p2a: Vaporeon
|-damage|p2a: Vaporeon|209\/464
|
|-heal|p2a: Vaporeon|238\/464|[from] item: Leftovers
|-damage|p1a: Kyurem|160\/454 brn|[from] brn
|turn|13
|leave|SmashBrosBrawl
|leave|Shit User
|
|switch|p1a: Infernape|Infernape, M|208\/294
|move|p2a: Vaporeon|Wish|p2a: Vaporeon
|
|-heal|p2a: Vaporeon|267\/464|[from] item: Leftovers
|turn|14
|leave|Toxzn
|
|switch|p1a: Kyurem|Kyurem|160\/454 brn
|-ability|p1a: Kyurem|Pressure
|move|p2a: Vaporeon|Scald|p1a: Kyurem
|-resisted|p1a: Kyurem
|-damage|p1a: Kyurem|136\/454 brn
|
|-heal|p2a: Vaporeon|464\/464|[from] move: Wish|[wisher] Vaporeon
|-damage|p1a: Kyurem|80\/454 brn|[from] brn
|turn|15
|c|âPrettyVenomoth|dam needed a switch
|
|move|p1a: Kyurem|Dragon Pulse|p2a: Vaporeon
|-damage|p2a: Vaporeon|355\/464
|move|p2a: Vaporeon|Wish|p2a: Vaporeon
|
|-heal|p2a: Vaporeon|384\/464|[from] item: Leftovers
|-damage|p1a: Kyurem|24\/454 brn|[from] brn
|turn|16
|leave|craing
|
|move|p1a: Kyurem|Dragon Pulse|p2a: Vaporeon
|-damage|p2a: Vaporeon|263\/464
|move|p2a: Vaporeon|Baton Pass|p2a: Vaporeon
|join|Starmie Sweep
|
|switch|p2a: Emboar|Emboar, M|61\/361
|
|-heal|p2a: Emboar|293\/361|[from] move: Wish|[wisher] Vaporeon
|-damage|p1a: Kyurem|0 fnt|[from] brn
|faint|p1a: Kyurem
|
|switch|p1a: Espeon|Espeon, M|272\/272
|turn|17
|join|SmashBrosBrawl
|
|switch|p2a: Jirachi|Jirachi|341\/341
|move|p1a: Espeon|Psyshock|p2a: Jirachi
|-resisted|p2a: Jirachi
|-damage|p2a: Jirachi|291\/341
|
|turn|18
|join|watfor
|leave|SmashBrosBrawl
|
|switch|p1a: Infernape|Infernape, M|208\/294
|move|p2a: Jirachi|U-turn|p1a: Infernape
|-resisted|p1a: Infernape
|-damage|p1a: Infernape|184\/294
|
|switch|p2a: Vaporeon|Vaporeon, F|263\/464
|
|-heal|p2a: Vaporeon|292\/464|[from] item: Leftovers
|turn|19
|leave|ThE0 Trolopoulos
|
|move|p1a: Infernape|Close Combat|p2a: Vaporeon
|-damage|p2a: Vaporeon|88\/464
|-unboost|p1a: Infernape|def|1
|-unboost|p1a: Infernape|spd|1
|move|p2a: Vaporeon|Scald|p1a: Infernape
|-supereffective|p1a: Infernape
|-damage|p1a: Infernape|0 fnt
|faint|p1a: Infernape
|
|-heal|p2a: Vaporeon|117\/464|[from] item: Leftovers
|
|switch|p1a: Espeon|Espeon, M|272\/272
|turn|20
|
|move|p1a: Espeon|Shadow Ball|p2a: Vaporeon
|-damage|p2a: Vaporeon|0 fnt
|faint|p2a: Vaporeon
|
|leave|Frickett
|
|switch|p2a: Jirachi|Jirachi|291\/341
|turn|21
|c|âBob the Bro|inb4 scarf
|
|move|p2a: Jirachi|U-turn|p1a: Espeon
|-supereffective|p1a: Espeon
|-damage|p1a: Espeon|54\/272
|
|switch|p2a: Krookodile|Krookodile, M|331\/331
|-ability|p2a: Krookodile|Intimidate|[of] p1a: Espeon
|-unboost|p1a: Espeon|atk|1
|move|p1a: Espeon|Shadow Ball|p2a: Krookodile
|-resisted|p2a: Krookodile
|-damage|p2a: Krookodile|240\/331
|
|turn|22
|c|âPrettyVenomoth|specs
|
|move|p1a: Espeon|Shadow Ball|p2a: Krookodile
|-resisted|p2a: Krookodile
|-damage|p2a: Krookodile|140\/331
|-unboost|p2a: Krookodile|spd|1
|move|p2a: Krookodile|Knock Off|p1a: Espeon
|-supereffective|p1a: Espeon
|-damage|p1a: Espeon|0 fnt
|-enditem|p1a: Espeon|Choice Specs|[from] move: Knock Off|[of] p2a: Krookodile
|faint|p1a: Espeon
|
|
|switch|p1a: Galvantula|Galvantula, F|282\/282
|turn|23
|join|dodmen
|join|tennis479
|join|skysoki
|
|move|p1a: Galvantula|Bug Buzz|p2a: Krookodile
|-supereffective|p2a: Krookodile
|-damage|p2a: Krookodile|0 fnt
|faint|p2a: Krookodile
|
|join|Specs Cranidose
|
|switch|p2a: Jirachi|Jirachi|291\/341
|turn|24
|join|Shit User
|
|move|p2a: Jirachi|U-turn|p1a: Galvantula
|-damage|p1a: Galvantula|171\/282
|join|Dad'z Dad
|
|switch|p2a: Forretress|Forretress, M|157\/354
|move|p1a: Galvantula|Thunder|p2a: Forretress
|-damage|p2a: Forretress|0 fnt
|faint|p2a: Forretress
|
|
|switch|p2a: Jirachi|Jirachi|291\/341
|turn|25
|join|SmashBrosBrawl
|
|move|p2a: Jirachi|U-turn|p1a: Galvantula
|-damage|p1a: Galvantula|68\/282
|
|switch|p2a: Celebi|Celebi|404\/404
|move|p1a: Galvantula|Thunder|p2a: Celebi
|-resisted|p2a: Celebi
|-damage|p2a: Celebi|339\/404
|
|-heal|p2a: Celebi|364\/404|[from] item: Leftovers
|turn|26
|
|move|p1a: Galvantula|Bug Buzz|p2a: Celebi
|-supereffective|p2a: Celebi
|-damage|p2a: Celebi|0 fnt
|faint|p2a: Celebi
|
|
|switch|p2a: Jirachi|Jirachi|291\/341
|turn|27
|
|move|p2a: Jirachi|U-turn|p1a: Galvantula
|-damage|p1a: Galvantula|0 fnt
|faint|p1a: Galvantula
|
|win|Bob the Bro
|leave|tennis479
|c|âPrettyVenomoth|gg friend :)
|leave|baenail
|leave|SmashBrosBrawl
|c|âBob the Bro|gg
|leave|Frames Janco
|c|+tecado|gg
|leave|Dad'z Dad
|leave|Noriya
|leave|True Victini
|leave|Bob the Bro
|leave|mini117
|player|p2
|leave|tecado
|leave|watfor
|leave|Oregon Ducks
|leave|Shit User
|leave|DatLatias
|leave|ANGER MANAGEMENT
|join|DatLatias
|leave|dodmen
|leave|DatLatias
|leave|Specs Cranidose
|leave|Sapient
|leave|FlamingSugarRush