|join|Lord Qwilfish
|join|martootti
|player|p1|Lord Qwilfish|265
|player|p2|martootti|45
|gametype|singles
|gen|6
|tier|OU
|rated
|clearpoke
|poke|p1|Cresselia, F
|poke|p1|Chesnaught, M
|poke|p1|Charizard, M
|poke|p1|Empoleon, M
|poke|p1|Garchomp, M
|poke|p1|Clefable, M
|poke|p2|Mew
|poke|p2|Celebi
|poke|p2|Jirachi
|poke|p2|Manaphy
|poke|p2|Victini
|poke|p2|Diancie
|rule|Swagger Clause: Swagger is banned
|rule|Baton Pass Clause: Limit one PokÃ©mon knowing Baton Pass
|rule|Sleep Clause Mod: Limit one foe put to sleep
|rule|Species Clause: Limit one of each PokÃ©mon
|rule|OHKO Clause: OHKO moves are banned
|rule|Moody Clause: Moody is banned
|rule|Evasion Moves Clause: Evasion moves are banned
|rule|Endless Battle Clause: Forcing endless battles is banned
|rule|HP Percentage Mod: HP is shown in percentages
|teampreview
|c|âmartootti|oh this the legend that i've discriminated!!!!!
|c|âmartootti|hi cresselia
|c|âLord Qwilfish|!
|c|âmartootti|sorry for no including u in my team
|
|start
|switch|p1a: Garchomp|Garchomp, M|399\/399
|switch|p2a: Heroine Legend|Diancie|242\/242
|turn|1
|c|âLord Qwilfish|cress is no very sad :(
|c|âLord Qwilfish|now*
|
|switch|p1a: Empoleon|Empoleon, M|369\/369
|detailschange|p2a: Heroine Legend|Diancie-Mega
|-mega|p2a: Heroine Legend|Diancie|Diancite
|move|p2a: Heroine Legend|Protect|p2a: Heroine Legend
|-fail|p2a: Heroine Legend
|
|turn|2
|
|move|p2a: Heroine Legend|Protect|p2a: Heroine Legend
|-singleturn|p2a: Heroine Legend|Protect
|move|p1a: Empoleon|Scald|p2a: Heroine Legend
|-activate|p2a: Heroine Legend|Protect
|
|turn|3
|
|move|p2a: Heroine Legend|Moonblast|p1a: Empoleon
|-resisted|p1a: Empoleon
|-damage|p1a: Empoleon|308\/369
|-unboost|p1a: Empoleon|spa|1
|move|p1a: Empoleon|Scald|p2a: Heroine Legend
|-supereffective|p2a: Heroine Legend
|-damage|p2a: Heroine Legend|114\/242
|
|-heal|p1a: Empoleon|331\/369|[from] item: Leftovers
|turn|4
|
|switch|p2a: StallBreak Legend|Mew|404\/404
|move|p1a: Empoleon|Knock Off|p2a: StallBreak Legend
|-supereffective|p2a: StallBreak Legend
|-damage|p2a: StallBreak Legend|316\/404
|-enditem|p2a: StallBreak Legend|Leftovers|[from] move: Knock Off|[of] p1a: Empoleon
|
|-heal|p1a: Empoleon|354\/369|[from] item: Leftovers
|turn|5
|
|switch|p1a: Charizard|Charizard, M|359\/359
|move|p2a: StallBreak Legend|Taunt|p1a: Charizard
|-start|p1a: Charizard|move: Taunt
|
|turn|6
|
|switch|p2a: Bug Soul Legend|Manaphy|404\/404
|detailschange|p1a: Charizard|Charizard-Mega-Y, M
|-mega|p1a: Charizard|Charizard|Charizardite Y
|-weather|SunnyDay
|move|p1a: Charizard|Flamethrower|p2a: Bug Soul Legend
|-resisted|p2a: Bug Soul Legend
|-damage|p2a: Bug Soul Legend|296\/404
|
|-weather|SunnyDay|[upkeep]
|-heal|p2a: Bug Soul Legend|321\/404|[from] item: Leftovers
|turn|7
|
|switch|p2a: John Legend|Celebi|341\/341
|move|p1a: Charizard|Solar Beam|p2a: John Legend|[still]
|-prepare|p1a: Charizard|Solar Beam|p2a: John Legend
|-anim|p1a: Charizard|Solar Beam|p2a: John Legend
|-resisted|p2a: John Legend
|-damage|p2a: John Legend|282\/341
|
|-weather|SunnyDay|[upkeep]
|turn|8
|
|switch|p2a: Bug Soul Legend|Manaphy|321\/404
|move|p1a: Charizard|Flamethrower|p2a: Bug Soul Legend
|-resisted|p2a: Bug Soul Legend
|-damage|p2a: Bug Soul Legend|215\/404
|
|-weather|SunnyDay|[upkeep]
|-heal|p2a: Bug Soul Legend|240\/404|[from] item: Leftovers
|-end|p1a: Charizard|move: Taunt
|turn|9
|
|move|p1a: Charizard|Solar Beam|p2a: Bug Soul Legend|[still]
|-prepare|p1a: Charizard|Solar Beam|p2a: Bug Soul Legend
|-anim|p1a: Charizard|Solar Beam|p2a: Bug Soul Legend
|-supereffective|p2a: Bug Soul Legend
|-damage|p2a: Bug Soul Legend|22\/404
|move|p2a: Bug Soul Legend|Rest|p2a: Bug Soul Legend
|-status|p2a: Bug Soul Legend|slp
|-heal|p2a: Bug Soul Legend|404\/404 slp|[silent]
|-status|p2a: Bug Soul Legend|slp|[from] move: Rest
|
|-weather|SunnyDay|[upkeep]
|turn|10
|
|move|p1a: Charizard|Flamethrower|p2a: Bug Soul Legend
|-resisted|p2a: Bug Soul Legend
|-damage|p2a: Bug Soul Legend|302\/404 slp
|cant|p2a: Bug Soul Legend|slp
|
|-weather|none
|-heal|p2a: Bug Soul Legend|327\/404 slp|[from] item: Leftovers
|turn|11
|
|switch|p1a: Empoleon|Empoleon, M|354\/369
|cant|p2a: Bug Soul Legend|slp
|
|-heal|p2a: Bug Soul Legend|352\/404 slp|[from] item: Leftovers
|-heal|p1a: Empoleon|369\/369|[from] item: Leftovers
|turn|12
|
|switch|p2a: Heroine Legend|Diancie-Mega|114\/242
|move|p1a: Empoleon|Knock Off|p2a: Heroine Legend
|-resisted|p2a: Heroine Legend
|-damage|p2a: Heroine Legend|93\/242
|
|turn|13
|
|switch|p2a: StallBreak Legend|Mew|316\/404
|move|p1a: Empoleon|Scald|p2a: StallBreak Legend
|-crit|p2a: StallBreak Legend
|-damage|p2a: StallBreak Legend|162\/404
|
|turn|14
|
|switch|p1a: Charizard|Charizard-Mega-Y, M|359\/359
|-weather|SunnyDay
|move|p2a: StallBreak Legend|Will-O-Wisp|p1a: Charizard
|-fail|p1a: Charizard
|
|-weather|SunnyDay|[upkeep]
|turn|15
|
|move|p1a: Charizard|Flamethrower|p2a: StallBreak Legend
|-crit|p2a: StallBreak Legend
|-damage|p2a: StallBreak Legend|0 fnt
|faint|p2a: StallBreak Legend
|
|-weather|SunnyDay|[upkeep]
|
|switch|p2a: Heroine Legend|Diancie-Mega|93\/242
|turn|16
|
|switch|p1a: Empoleon|Empoleon, M|369\/369
|move|p2a: Heroine Legend|Diamond Storm|p1a: Empoleon
|-resisted|p1a: Empoleon
|-damage|p1a: Empoleon|259\/369
|
|-weather|SunnyDay|[upkeep]
|-heal|p1a: Empoleon|282\/369|[from] item: Leftovers
|turn|17
|
|switch|p2a: John Legend|Celebi|282\/341
|move|p1a: Empoleon|Scald|p2a: John Legend
|-resisted|p2a: John Legend
|-damage|p2a: John Legend|261\/341
|-status|p2a: John Legend|brn
|
|-weather|SunnyDay|[upkeep]
|-heal|p1a: Empoleon|305\/369|[from] item: Leftovers
|-damage|p2a: John Legend|219\/341 brn|[from] brn
|turn|18
|
|move|p2a: John Legend|Earth Power|p1a: Empoleon
|-supereffective|p1a: Empoleon
|-damage|p1a: Empoleon|126\/369
|-damage|p2a: John Legend|185\/341 brn|[from] item: Life Orb
|move|p1a: Empoleon|Knock Off|p2a: John Legend
|-crit|p2a: John Legend
|-supereffective|p2a: John Legend
|-damage|p2a: John Legend|19\/341 brn
|-enditem|p2a: John Legend|Life Orb|[from] move: Knock Off|[of] p1a: Empoleon
|
|-weather|none
|-heal|p1a: Empoleon|149\/369|[from] item: Leftovers
|-damage|p2a: John Legend|0 fnt|[from] brn
|faint|p2a: John Legend
|
|switch|p2a: Talonflame Legend|Victini|341\/341
|turn|19
|
|switch|p1a: Garchomp|Garchomp, M|399\/399
|move|p2a: Talonflame Legend|V-create|p1a: Garchomp
|-resisted|p1a: Garchomp
|-damage|p1a: Garchomp|288\/399
|-damage|p2a: Talonflame Legend|299\/341|[from] ability: Rough Skin|[of] p1a: Garchomp
|-damage|p2a: Talonflame Legend|243\/341|[from] item: Rocky Helmet|[of] p1a: Garchomp
|-unboost|p2a: Talonflame Legend|def|1
|-unboost|p2a: Talonflame Legend|spd|1
|-unboost|p2a: Talonflame Legend|spe|1
|
|turn|20
|
|switch|p2a: Healer Legend|Jirachi|404\/404
|move|p1a: Garchomp|Stealth Rock|p2a: Healer Legend
|-sidestart|p2: martootti|move: Stealth Rock
|
|turn|21
|
|move|p1a: Garchomp|Earthquake|p2a: Healer Legend
|-supereffective|p2a: Healer Legend
|-damage|p2a: Healer Legend|110\/404
|move|p2a: Healer Legend|Wish|p2a: Healer Legend
|
|-heal|p2a: Healer Legend|135\/404|[from] item: Leftovers
|turn|22
|
|move|p2a: Healer Legend|Doom Desire|p1a: Garchomp
|-start|p2a: Healer Legend|Doom Desire
|move|p1a: Garchomp|Dragon Tail|p2a: Healer Legend
|-resisted|p2a: Healer Legend
|-damage|p2a: Healer Legend|88\/404
|drag|p2a: Bug Soul Legend|Manaphy|352\/404 slp
|-damage|p2a: Bug Soul Legend|302\/404 slp|[from] Stealth Rock
|
|-heal|p2a: Bug Soul Legend|404\/404 slp|[from] move: Wish|[wisher] Healer Legend
|turn|23
|
|-curestatus|p2a: Bug Soul Legend|slp
|move|p2a: Bug Soul Legend|Rain Dance|p2a: Bug Soul Legend
|-weather|RainDance
|move|p1a: Garchomp|Dragon Tail|p2a: Bug Soul Legend
|-damage|p2a: Bug Soul Legend|335\/404
|drag|p2a: Healer Legend|Jirachi|88\/404
|-damage|p2a: Healer Legend|63\/404|[from] Stealth Rock
|
|-weather|RainDance|[upkeep]
|-heal|p2a: Healer Legend|88\/404|[from] item: Leftovers
|turn|24
|
|move|p1a: Garchomp|Earthquake|p2a: Healer Legend
|-supereffective|p2a: Healer Legend
|-damage|p2a: Healer Legend|0 fnt
|faint|p2a: Healer Legend
|
|-weather|RainDance|[upkeep]
|-end|p1a: Garchomp|move: Doom Desire
|-damage|p1a: Garchomp|104\/399
|
|switch|p2a: Heroine Legend|Diancie-Mega|93\/242
|-damage|p2a: Heroine Legend|63\/242|[from] Stealth Rock
|turn|25
|
|switch|p1a: Clefable|Clefable, M|394\/394
|move|p2a: Heroine Legend|Diamond Storm|p1a: Clefable
|-damage|p1a: Clefable|175\/394
|-boost|p2a: Heroine Legend|def|1
|
|-weather|RainDance|[upkeep]
|-heal|p1a: Clefable|199\/394|[from] item: Leftovers
|turn|26
|
|move|p1a: Clefable|Protect|p1a: Clefable
|-singleturn|p1a: Clefable|Protect
|move|p2a: Heroine Legend|Diamond Storm|p1a: Clefable
|-activate|p1a: Clefable|Protect
|
|-weather|RainDance|[upkeep]
|-heal|p1a: Clefable|223\/394|[from] item: Leftovers
|turn|27
|
|move|p2a: Heroine Legend|Diamond Storm|p1a: Clefable
|-damage|p1a: Clefable|27\/394
|-boost|p2a: Heroine Legend|def|1
|move|p1a: Clefable|Moonblast|p2a: Heroine Legend
|-damage|p2a: Heroine Legend|0 fnt
|faint|p2a: Heroine Legend
|
|-weather|none
|-heal|p1a: Clefable|51\/394|[from] item: Leftovers
|
|switch|p2a: Bug Soul Legend|Manaphy|335\/404
|-damage|p2a: Bug Soul Legend|285\/404|[from] Stealth Rock
|turn|28
|
|move|p2a: Bug Soul Legend|Rain Dance|p2a: Bug Soul Legend
|-weather|RainDance
|move|p1a: Clefable|Wish|p1a: Clefable
|
|-weather|RainDance|[upkeep]
|-heal|p2a: Bug Soul Legend|310\/404|[from] item: Leftovers
|-heal|p1a: Clefable|75\/394|[from] item: Leftovers
|turn|29
|
|switch|p1a: Empoleon|Empoleon, M|149\/369
|move|p2a: Bug Soul Legend|Tail Glow|p2a: Bug Soul Legend
|-boost|p2a: Bug Soul Legend|spa|3
|
|-weather|RainDance|[upkeep]
|-heal|p1a: Empoleon|346\/369|[from] move: Wish|[wisher] Clefable
|-heal|p2a: Bug Soul Legend|335\/404|[from] item: Leftovers
|-heal|p1a: Empoleon|369\/369|[from] item: Leftovers
|turn|30
|
|move|p2a: Bug Soul Legend|Tail Glow|p2a: Bug Soul Legend
|-boost|p2a: Bug Soul Legend|spa|3
|move|p1a: Empoleon|Roar|p2a: Bug Soul Legend
|drag|p2a: Talonflame Legend|Victini|243\/341
|-damage|p2a: Talonflame Legend|158\/341|[from] Stealth Rock
|
|-weather|RainDance|[upkeep]
|turn|31
|
|switch|p1a: Garchomp|Garchomp, M|104\/399
|move|p2a: Talonflame Legend|Bolt Strike|p1a: Garchomp
|-immune|p1a: Garchomp|[msg]
|
|-weather|RainDance|[upkeep]
|turn|32
|-message|martootti forfeited.
|
|win|Lord Qwilfish
|raw|Ladder updating...
|leave|martootti
|player|p2
|raw|Lord Qwilfish's rating: 1511 &rarr; <strong>1530<\/strong><br \/>(+19 for winning)
|raw|martootti's rating: 1490 &rarr; <strong>1471<\/strong><br \/>(-19 for losing)