|join|Lord Qwilfish
|join|creepycretin
|player|p1|Lord Qwilfish|101
|player|p2|creepycretin|53
|gametype|singles
|gen|6
|tier|OU
|clearpoke
|poke|p1|Politoed, M
|poke|p1|Swampert, F
|poke|p1|Kingdra, M
|poke|p1|Ferrothorn, M
|poke|p1|Latias, F
|poke|p1|Gothitelle, M
|poke|p2|Landorus-Therian, M
|poke|p2|Greninja, F
|poke|p2|Ferrothorn, M
|poke|p2|Keldeo
|poke|p2|Heatran, M
|poke|p2|Latios, M
|rule|Swagger Clause: Swagger is banned
|rule|Baton Pass Clause: Limit one PokÃ©mon knowing Baton Pass
|rule|Sleep Clause Mod: Limit one foe put to sleep
|rule|Species Clause: Limit one of each PokÃ©mon
|rule|OHKO Clause: OHKO moves are banned
|rule|Moody Clause: Moody is banned
|rule|Evasion Moves Clause: Evasion moves are banned
|rule|Endless Battle Clause: Forcing endless battles is banned
|rule|HP Percentage Mod: HP is shown in percentages
|teampreview
|
|start
|switch|p1a: Gothitelle|Gothitelle, M|301\/301
|switch|p2a: Ferrothorn|Ferrothorn, M|352\/352
|turn|1
|
|move|p1a: Gothitelle|Hidden Power|p2a: Ferrothorn
|-supereffective|p2a: Ferrothorn
|-damage|p2a: Ferrothorn|140\/352
|move|p2a: Ferrothorn|Stealth Rock|p1a: Gothitelle
|-sidestart|p1: Lord Qwilfish|move: Stealth Rock
|
|-heal|p2a: Ferrothorn|162\/352|[from] item: Leftovers
|turn|2
|join|Doctor Octagon
|
|move|p1a: Gothitelle|Hidden Power|p2a: Ferrothorn
|-supereffective|p2a: Ferrothorn
|-damage|p2a: Ferrothorn|0 fnt
|faint|p2a: Ferrothorn
|
|
|switch|p2a: Landorus-Therian|Landorus-Therian, M|320\/320
|-ability|p2a: Landorus-Therian|Intimidate|[of] p1a: Gothitelle
|-unboost|p1a: Gothitelle|atk|1
|turn|3
|join|User Of Splash
|
|switch|p1a: Politoed|Politoed, M|383\/383
|-damage|p1a: Politoed|336\/383|[from] Stealth Rock
|-weather|RainDance
|move|p2a: Landorus-Therian|U-turn|p1a: Politoed
|-damage|p1a: Politoed|265\/383
|join|Omegasization
|
|switch|p2a: Latios|Latios, M|301\/301
|
|-weather|RainDance|[upkeep]
|turn|4
|
|switch|p1a: Ferrothorn|Ferrothorn, M|352\/352
|-damage|p1a: Ferrothorn|330\/352|[from] Stealth Rock
|detailschange|p2a: Latios|Latios-Mega, M
|message|Latios has Mega Evolved into Mega Latios!
|move|p2a: Latios|Psychic|p1a: Ferrothorn
|-resisted|p1a: Ferrothorn
|-damage|p1a: Ferrothorn|259\/352
|
|-weather|RainDance|[upkeep]
|-heal|p1a: Ferrothorn|281\/352|[from] item: Leftovers
|turn|5
|leave|Omegasization
|
|move|p2a: Latios|Hidden Power|p1a: Ferrothorn
|-supereffective|p1a: Ferrothorn
|-damage|p1a: Ferrothorn|145\/352
|move|p1a: Ferrothorn|Stealth Rock|p2a: Latios
|-sidestart|p2: creepycretin|move: Stealth Rock
|
|-weather|RainDance|[upkeep]
|-heal|p1a: Ferrothorn|167\/352|[from] item: Leftovers
|turn|6
|
|switch|p2a: Heatran|Heatran, M|361\/361
|-damage|p2a: Heatran|316\/361|[from] Stealth Rock
|move|p1a: Ferrothorn|Leech Seed|p2a: Heatran
|-start|p2a: Heatran|move: Leech Seed
|
|-weather|RainDance|[upkeep]
|-heal|p2a: Heatran|338\/361|[from] item: Leftovers
|-heal|p1a: Ferrothorn|189\/352|[from] item: Leftovers
|-damage|p2a: Heatran|293\/361|[from] Leech Seed|[of] p1a: Ferrothorn
|-heal|p1a: Ferrothorn|234\/352|[silent]
|turn|7
|
|switch|p1a: Kingdra|Kingdra, M|291\/291
|-damage|p1a: Kingdra|255\/291|[from] Stealth Rock
|move|p2a: Heatran|Will-O-Wisp|p1a: Kingdra
|-status|p1a: Kingdra|brn
|
|-weather|RainDance|[upkeep]
|-heal|p2a: Heatran|315\/361|[from] item: Leftovers
|-damage|p2a: Heatran|270\/361|[from] Leech Seed|[of] p1a: Kingdra
|-heal|p1a: Kingdra|291\/291 brn|[silent]
|-damage|p1a: Kingdra|255\/291 brn|[from] brn
|turn|8
|
|switch|p2a: Keldeo|Keldeo|322\/322
|-damage|p2a: Keldeo|302\/322|[from] Stealth Rock
|move|p1a: Kingdra|Hydro Pump|p2a: Keldeo
|-resisted|p2a: Keldeo
|-damage|p2a: Keldeo|73\/322
|
|-weather|RainDance|[upkeep]
|-damage|p1a: Kingdra|219\/291 brn|[from] brn
|turn|9
|
|switch|p1a: Latias|Latias, F|319\/319
|-damage|p1a: Latias|280\/319|[from] Stealth Rock
|move|p2a: Keldeo|Icy Wind|p1a: Latias
|-supereffective|p1a: Latias
|-damage|p1a: Latias|150\/319
|-unboost|p1a: Latias|spe|1
|
|-weather|RainDance|[upkeep]
|turn|10
|
|move|p2a: Keldeo|Icy Wind|p1a: Latias
|-supereffective|p1a: Latias
|-damage|p1a: Latias|20\/319
|-unboost|p1a: Latias|spe|1
|move|p1a: Latias|Roost|p1a: Latias
|-heal|p1a: Latias|180\/319
|
|-weather|none
|turn|11
|
|switch|p1a: Politoed|Politoed, M|265\/383
|-damage|p1a: Politoed|218\/383|[from] Stealth Rock
|-weather|RainDance
|move|p2a: Keldeo|Icy Wind|p1a: Politoed
|-resisted|p1a: Politoed
|-damage|p1a: Politoed|184\/383
|-unboost|p1a: Politoed|spe|1
|
|-weather|RainDance|[upkeep]
|turn|12
|
|move|p2a: Keldeo|Focus Blast|p1a: Politoed|[miss]
|-miss|p2a: Keldeo|p1a: Politoed
|move|p1a: Politoed|Toxic|p2a: Keldeo
|-status|p2a: Keldeo|tox
|
|-weather|RainDance|[upkeep]
|-damage|p2a: Keldeo|53\/322 tox|[from] psn
|turn|13
|
|switch|p1a: Latias|Latias, F|180\/319
|-damage|p1a: Latias|141\/319|[from] Stealth Rock
|move|p2a: Keldeo|Hydro Pump|p1a: Latias|[miss]
|-miss|p2a: Keldeo|p1a: Latias
|
|-weather|RainDance|[upkeep]
|-damage|p2a: Keldeo|13\/322 tox|[from] psn
|turn|14
|c|âcreepycretin|very nice
|
|move|p1a: Latias|Roost|p1a: Latias
|-heal|p1a: Latias|301\/319
|move|p2a: Keldeo|Icy Wind|p1a: Latias
|-supereffective|p1a: Latias
|-damage|p1a: Latias|167\/319
|-unboost|p1a: Latias|spe|1
|
|-weather|RainDance|[upkeep]
|-damage|p2a: Keldeo|0 fnt|[from] psn
|faint|p2a: Keldeo
|c|âLord Qwilfish|sry
|
|switch|p2a: Greninja|Greninja, F|285\/285
|-damage|p2a: Greninja|250\/285|[from] Stealth Rock
|turn|15
|
|switch|p1a: Ferrothorn|Ferrothorn, M|234\/352
|-damage|p1a: Ferrothorn|212\/352|[from] Stealth Rock
|move|p2a: Greninja|Ice Beam|p1a: Ferrothorn
|-start|p2a: Greninja|typechange|Ice|[from] Protean
|-damage|p1a: Ferrothorn|90\/352
|-damage|p2a: Greninja|222\/285|[from] item: Life Orb
|
|-weather|RainDance|[upkeep]
|-heal|p1a: Ferrothorn|112\/352|[from] item: Leftovers
|turn|16
|
|move|p1a: Ferrothorn|Protect|p1a: Ferrothorn
|-singleturn|p1a: Ferrothorn|Protect
|move|p2a: Greninja|Ice Beam|p1a: Ferrothorn
|-activate|p1a: Ferrothorn|Protect
|
|-weather|RainDance|[upkeep]
|-heal|p1a: Ferrothorn|134\/352|[from] item: Leftovers
|turn|17
|
|move|p2a: Greninja|Low Kick|p1a: Ferrothorn
|-start|p2a: Greninja|typechange|Fighting|[from] Protean
|-supereffective|p1a: Ferrothorn
|-damage|p1a: Ferrothorn|0 fnt
|-damage|p2a: Greninja|187\/285|[from] ability: Iron Barbs|[of] p1a: Ferrothorn
|-damage|p2a: Greninja|159\/285|[from] item: Life Orb
|faint|p1a: Ferrothorn
|
|-weather|RainDance|[upkeep]
|
|switch|p1a: Kingdra|Kingdra, M|219\/291 brn
|-damage|p1a: Kingdra|183\/291 brn|[from] Stealth Rock
|turn|18
|
|move|p1a: Kingdra|Scald|p2a: Greninja
|-damage|p2a: Greninja|0 fnt
|faint|p2a: Greninja
|
|-weather|none
|-damage|p1a: Kingdra|147\/291 brn|[from] brn
|
|switch|p2a: Latios|Latios-Mega, M|301\/301
|-damage|p2a: Latios|264\/301|[from] Stealth Rock
|turn|19
|
|switch|p1a: Politoed|Politoed, M|184\/383
|-damage|p1a: Politoed|137\/383|[from] Stealth Rock
|-weather|RainDance
|move|p2a: Latios|Psychic|p1a: Politoed
|-damage|p1a: Politoed|0 fnt
|faint|p1a: Politoed
|
|-weather|RainDance|[upkeep]
|
|switch|p1a: Kingdra|Kingdra, M|147\/291 brn
|-damage|p1a: Kingdra|111\/291 brn|[from] Stealth Rock
|turn|20
|
|switch|p2a: Heatran|Heatran, M|270\/361
|-damage|p2a: Heatran|225\/361|[from] Stealth Rock
|move|p1a: Kingdra|Draco Meteor|p2a: Heatran
|-resisted|p2a: Heatran
|-damage|p2a: Heatran|116\/361
|-unboost|p1a: Kingdra|spa|2
|
|-weather|RainDance|[upkeep]
|-heal|p2a: Heatran|138\/361|[from] item: Leftovers
|-damage|p1a: Kingdra|75\/291 brn|[from] brn
|turn|21
|join|Rammasaur
|
|switch|p1a: Swampert|Swampert, F|341\/341
|-damage|p1a: Swampert|320\/341|[from] Stealth Rock
|move|p2a: Heatran|Will-O-Wisp|p1a: Swampert
|-status|p1a: Swampert|brn
|
|-weather|RainDance|[upkeep]
|-heal|p2a: Heatran|160\/361|[from] item: Leftovers
|-damage|p1a: Swampert|278\/341 brn|[from] brn
|turn|22
|join|AssaultBreast
|leave|User Of Splash
|
|detailschange|p1a: Swampert|Swampert-Mega, F
|message|Swampert has Mega Evolved into Mega Swampert!
|move|p1a: Swampert|Waterfall|p2a: Heatran
|-supereffective|p2a: Heatran
|-damage|p2a: Heatran|0 fnt
|faint|p2a: Heatran
|
|-weather|RainDance|[upkeep]
|-damage|p1a: Swampert|236\/341 brn|[from] brn
|
|switch|p2a: Latios|Latios-Mega, M|264\/301
|-damage|p2a: Latios|227\/301|[from] Stealth Rock
|turn|23
|
|switch|p2a: Landorus-Therian|Landorus-Therian, M|320\/320
|-damage|p2a: Landorus-Therian|280\/320|[from] Stealth Rock
|-ability|p2a: Landorus-Therian|Intimidate|[of] p1a: Swampert
|-unboost|p1a: Swampert|atk|1
|move|p1a: Swampert|Power-Up Punch|p2a: Landorus-Therian
|-resisted|p2a: Landorus-Therian
|-damage|p2a: Landorus-Therian|269\/320
|-boost|p1a: Swampert|atk|1
|
|-weather|RainDance|[upkeep]
|-damage|p1a: Swampert|194\/341 brn|[from] brn
|turn|24
|c|âLord Qwilfish|missclick
|c|âLord Qwilfish|mhm
|
|move|p1a: Swampert|Ice Punch|p2a: Landorus-Therian
|-supereffective|p2a: Landorus-Therian
|-damage|p2a: Landorus-Therian|61\/320
|move|p2a: Landorus-Therian|Earthquake|p1a: Swampert
|-damage|p1a: Swampert|41\/341 brn
|
|-weather|RainDance|[upkeep]
|-damage|p1a: Swampert|0 fnt|[from] brn
|faint|p1a: Swampert
|c|âcreepycretin|gg
|
|switch|p1a: Latias|Latias, F|167\/319
|-damage|p1a: Latias|128\/319|[from] Stealth Rock
|turn|25
|join|Tesilent
|
|switch|p2a: Latios|Latios-Mega, M|227\/301
|-damage|p2a: Latios|190\/301|[from] Stealth Rock
|move|p1a: Latias|Psyshock|p2a: Latios
|-resisted|p2a: Latios
|-damage|p2a: Latios|96\/301
|-damage|p1a: Latias|97\/319|[from] item: Life Orb
|
|-weather|RainDance|[upkeep]
|turn|26
|
|switch|p1a: Gothitelle|Gothitelle, M|301\/301
|-damage|p1a: Gothitelle|264\/301|[from] Stealth Rock
|switch|p2a: Landorus-Therian|Landorus-Therian, M|61\/320
|-damage|p2a: Landorus-Therian|21\/320|[from] Stealth Rock
|-ability|p2a: Landorus-Therian|Intimidate|[of] p1a: Gothitelle
|-unboost|p1a: Gothitelle|atk|1
|
|-weather|none
|turn|27
|
|move|p2a: Landorus-Therian|Knock Off|p1a: Gothitelle
|-supereffective|p1a: Gothitelle
|-damage|p1a: Gothitelle|26\/301
|-enditem|p1a: Gothitelle|Choice Scarf|[from] move: Knock Off|[of] p2a: Landorus-Therian
|move|p1a: Gothitelle|Psychic|p2a: Landorus-Therian
|-damage|p2a: Landorus-Therian|0 fnt
|faint|p2a: Landorus-Therian
|
|
|switch|p2a: Latios|Latios-Mega, M|96\/301
|-damage|p2a: Latios|59\/301|[from] Stealth Rock
|turn|28
|
|move|p2a: Latios|Psychic|p1a: Gothitelle
|-resisted|p1a: Gothitelle
|-damage|p1a: Gothitelle|0 fnt
|faint|p1a: Gothitelle
|
|c|âcreepycretin|this is intense
|
|switch|p1a: Kingdra|Kingdra, M|75\/291 brn
|-damage|p1a: Kingdra|39\/291 brn|[from] Stealth Rock
|turn|29
|leave|Doctor Octagon
|
|move|p2a: Latios|Psychic|p1a: Kingdra
|-damage|p1a: Kingdra|0 fnt
|faint|p1a: Kingdra
|
|
|switch|p1a: Latias|Latias, F|97\/319
|-damage|p1a: Latias|58\/319|[from] Stealth Rock
|turn|30
|c| AssaultBreast|lati win
|c| Rammasaur|down to the speed tie boys
|c|âLord Qwilfish|spdtie
|c|âLord Qwilfish|wow
|c|âcreepycretin|crap
|
|move|p1a: Latias|Psyshock|p2a: Latios
|-resisted|p2a: Latios
|-damage|p2a: Latios|0 fnt
|-damage|p1a: Latias|27\/319|[from] item: Life Orb
|faint|p2a: Latios
|
|win|Lord Qwilfish
|c|âLord Qwilfish|rip
|c| Rammasaur|ayyy
|c|âcreepycretin|oooooooh
|c|âcreepycretin|gg
|c| Rammasaur|gg
|leave|Rammasaur
|leave|Tesilent
|leave|Lord Qwilfish
|player|p1
|leave|AssaultBreast