|join|The_Merphy
|join|Lord Qwilfish
|player|p1|The_Merphy|217
|player|p2|Lord Qwilfish|1
|gametype|singles
|gen|6
|tier|OU
|clearpoke
|poke|p1|Bisharp, M, shiny
|poke|p1|Landorus-Therian, M
|poke|p1|Talonflame, F
|poke|p1|Latias, F
|poke|p1|Greninja, F, shiny
|poke|p1|Manectric, M
|poke|p2|Hawlucha, M
|poke|p2|Scizor, M
|poke|p2|Manectric, F
|poke|p2|Mamoswine, M
|poke|p2|Latias, F
|poke|p2|Keldeo
|rule|Swagger Clause: Swagger is banned
|rule|Baton Pass Clause: Limit one PokÃ©mon knowing Baton Pass
|rule|Sleep Clause Mod: Limit one foe put to sleep
|rule|Species Clause: Limit one of each PokÃ©mon
|rule|OHKO Clause: OHKO moves are banned
|rule|Moody Clause: Moody is banned
|rule|Evasion Moves Clause: Evasion moves are banned
|rule|Endless Battle Clause: Forcing endless battles is banned
|rule|HP Percentage Mod: HP is shown in percentages
|teampreview
|c|âThe_Merphy|gl
|join|Earth
|c|âLord Qwilfish|u2
|join|Azuko
|
|start
|switch|p1a: Randorosu|Landorus-Therian, M|320\/320
|switch|p2a: Mamoswine|Mamoswine, M|361\/361
|-ability|p1a: Randorosu|Intimidate|[of] p2a: Mamoswine
|-unboost|p2a: Mamoswine|atk|1
|turn|1
|
|move|p1a: Randorosu|Superpower|p2a: Mamoswine
|-supereffective|p2a: Mamoswine
|-damage|p2a: Mamoswine|0 fnt
|-unboost|p1a: Randorosu|atk|1
|-unboost|p1a: Randorosu|def|1
|faint|p2a: Mamoswine
|
|leave|Azuko
|
|switch|p2a: Manectric|Manectric, F|281\/281
|turn|2
|c| Earth|xd
|c|âLord Qwilfish|rip
|
|switch|p1a: ã©ã¤ãã«ã|Manectric, M|281\/281
|detailschange|p2a: Manectric|Manectric-Mega, F
|message|Manectric has Mega Evolved into Mega Manectric!
|-ability|p2a: Manectric|Intimidate|[of] p1a: ã©ã¤ãã«ã
|-unboost|p1a: ã©ã¤ãã«ã|atk|1
|move|p2a: Manectric|Volt Switch|p1a: ã©ã¤ãã«ã
|-boost|p1a: ã©ã¤ãã«ã|spa|1|[from] ability: Lightning Rod
|
|turn|3
|
|switch|p2a: Latias|Latias, F|311\/311
|detailschange|p1a: ã©ã¤ãã«ã|Manectric-Mega, M
|message|Manectric has Mega Evolved into Mega Manectric!
|-ability|p1a: ã©ã¤ãã«ã|Intimidate|[of] p2a: Latias
|-unboost|p2a: Latias|atk|1
|move|p1a: ã©ã¤ãã«ã|Flamethrower|p2a: Latias
|-resisted|p2a: Latias
|-damage|p2a: Latias|245\/311
|-status|p2a: Latias|brn
|
|-heal|p2a: Latias|264\/311 brn|[from] item: Leftovers
|-damage|p2a: Latias|226\/311 brn|[from] brn
|turn|4
|c|âThe_Merphy|sry :(
|
|move|p1a: ã©ã¤ãã«ã|Volt Switch|p2a: Latias
|-resisted|p2a: Latias
|-damage|p2a: Latias|143\/311 brn
|
|switch|p1a: Knight|Bisharp, M, shiny|334\/334
|move|p2a: Latias|Hidden Power|p1a: Knight
|-crit|p1a: Knight
|-supereffective|p1a: Knight
|-damage|p1a: Knight|150\/334
|
|-heal|p2a: Latias|162\/311 brn|[from] item: Leftovers
|-damage|p2a: Latias|124\/311 brn|[from] brn
|turn|5
|join|persian48
|
|switch|p2a: Keldeo|Keldeo|323\/323
|move|p1a: Knight|Dual Chop|p2a: Keldeo
|-crit|p2a: Keldeo
|-damage|p2a: Keldeo|242\/323
|-damage|p2a: Keldeo|183\/323
|-hitcount|p2a: Keldeo|2
|
|turn|6
|
|move|p1a: Knight|Sucker Punch|p2a: Keldeo
|-resisted|p2a: Keldeo
|-damage|p2a: Keldeo|100\/323
|-boost|p2a: Keldeo|atk|1|[from] ability: Justified
|move|p2a: Keldeo|Scald|p1a: Knight
|-damage|p1a: Knight|0 fnt
|-damage|p2a: Keldeo|68\/323|[from] item: Life Orb
|faint|p1a: Knight
|
|
|switch|p1a: Faiar|Talonflame, F|299\/299
|turn|7
|
|switch|p2a: Manectric|Manectric-Mega, F|281\/281
|-ability|p2a: Manectric|Intimidate|[of] p1a: Faiar
|-unboost|p1a: Faiar|atk|1
|move|p1a: Faiar|Brave Bird|p2a: Manectric
|-resisted|p2a: Manectric
|-damage|p2a: Manectric|195\/281
|-damage|p1a: Faiar|271\/299|[from] recoil|[of] p2a: Manectric
|-damage|p1a: Faiar|242\/299|[from] item: Life Orb
|
|turn|8
|
|switch|p1a: Latias|Latias, F|301\/301
|move|p2a: Manectric|Hidden Power|p1a: Latias
|-supereffective|p1a: Latias
|-damage|p1a: Latias|201\/301
|
|-heal|p1a: Latias|219\/301|[from] item: Leftovers
|turn|9
|
|move|p2a: Manectric|Volt Switch|p1a: Latias
|-resisted|p1a: Latias
|-damage|p1a: Latias|179\/301
|
|switch|p2a: Scizor|Scizor, M|344\/344
|move|p1a: Latias|Psychic|p2a: Scizor
|-resisted|p2a: Scizor
|-damage|p2a: Scizor|281\/344
|
|-heal|p1a: Latias|197\/301|[from] item: Leftovers
|turn|10
|
|switch|p1a: Randorosu|Landorus-Therian, M|320\/320
|-ability|p1a: Randorosu|Intimidate|[of] p2a: Scizor
|-unboost|p2a: Scizor|atk|1
|move|p2a: Scizor|U-turn|p1a: Randorosu
|-resisted|p1a: Randorosu
|-damage|p1a: Randorosu|249\/320
|
|switch|p2a: Hawlucha|Hawlucha, M|297\/297
|
|turn|11
|
|move|p1a: Randorosu|U-turn|p2a: Hawlucha
|-crit|p2a: Hawlucha
|-resisted|p2a: Hawlucha
|-damage|p2a: Hawlucha|258\/297
|
|switch|p1a: ã©ã¤ãã«ã|Manectric-Mega, M|281\/281
|-ability|p1a: ã©ã¤ãã«ã|Intimidate|[of] p2a: Hawlucha
|-unboost|p2a: Hawlucha|atk|1
|move|p2a: Hawlucha|High Jump Kick|p1a: ã©ã¤ãã«ã
|-damage|p1a: ã©ã¤ãã«ã|136\/281
|
|turn|12
|
|switch|p2a: Latias|Latias, F|124\/311 brn
|move|p1a: ã©ã¤ãã«ã|Volt Switch|p2a: Latias
|-resisted|p2a: Latias
|-damage|p2a: Latias|71\/311 brn
|
|switch|p1a: Faiar|Talonflame, F|242\/299
|
|-heal|p2a: Latias|90\/311 brn|[from] item: Leftovers
|-damage|p2a: Latias|52\/311 brn|[from] brn
|turn|13
|
|move|p1a: Faiar|Swords Dance|p1a: Faiar
|-boost|p1a: Faiar|atk|2
|move|p2a: Latias|Healing Wish|p2a: Latias
|faint|p2a: Latias
|
|
|switch|p2a: Manectric|Manectric-Mega, F|195\/281
|-heal|p2a: Manectric|281\/281|[from] move: Healing Wish
|-ability|p2a: Manectric|Intimidate|[of] p1a: Faiar
|-unboost|p1a: Faiar|atk|1
|turn|14
|
|move|p2a: Manectric|Volt Switch|p1a: Faiar
|-supereffective|p1a: Faiar
|-damage|p1a: Faiar|0 fnt
|faint|p1a: Faiar
|join|Mentali 31
|
|switch|p2a: Keldeo|Keldeo|68\/323
|
|
|switch|p1a: Latias|Latias, F|197\/301
|turn|15
|
|switch|p2a: Scizor|Scizor, M|281\/344
|move|p1a: Latias|Recover|p1a: Latias
|-heal|p1a: Latias|301\/301
|
|turn|16
|c|âThe_Merphy|Ce Keldeo me gene xd
|
|move|p1a: Latias|Psychic|p2a: Scizor
|-resisted|p2a: Scizor
|-damage|p2a: Scizor|217\/344
|move|p2a: Scizor|U-turn|p1a: Latias
|-supereffective|p1a: Latias
|-damage|p1a: Latias|0 fnt
|faint|p1a: Latias
|c|âThe_Merphy|Dat miss click
|
|switch|p2a: Keldeo|Keldeo|68\/323
|
|
|switch|p1a: ã©ã¤ãã«ã|Manectric-Mega, M|136\/281
|-ability|p1a: ã©ã¤ãã«ã|Intimidate|[of] p2a: Keldeo
|-unboost|p2a: Keldeo|atk|1
|turn|17
|
|move|p1a: ã©ã¤ãã«ã|Volt Switch|p2a: Keldeo
|-supereffective|p2a: Keldeo
|-damage|p2a: Keldeo|0 fnt
|faint|p2a: Keldeo
|join|Kaideos
|
|switch|p1a: Randorosu|Landorus-Therian, M|249\/320
|
|leave|Kaideos
|
|switch|p2a: Hawlucha|Hawlucha, M|258\/297
|turn|18
|
|move|p1a: Randorosu|Superpower|p2a: Hawlucha
|-crit|p2a: Hawlucha
|-resisted|p2a: Hawlucha
|-damage|p2a: Hawlucha|124\/297
|-unboost|p1a: Randorosu|atk|1
|-unboost|p1a: Randorosu|def|1
|move|p2a: Hawlucha|Substitute|p2a: Hawlucha
|-start|p2a: Hawlucha|Substitute
|-damage|p2a: Hawlucha|50\/297
|-enditem|p2a: Hawlucha|Liechi Berry|[eat]
|-boost|p2a: Hawlucha|atk|1|[from] item: Liechi Berry
|
|turn|19
|c|âLord Qwilfish|uh
|
|move|p2a: Hawlucha|Acrobatics|p1a: Randorosu
|-damage|p1a: Randorosu|0 fnt
|faint|p1a: Randorosu
|
|
|switch|p1a: ã©ã¤ãã«ã|Manectric-Mega, M|136\/281
|-activate|p2a: Hawlucha|Substitute|ability: Intimidate|[of] p1a: ã©ã¤ãã«ã
|turn|20
|
|move|p2a: Hawlucha|Acrobatics|p1a: ã©ã¤ãã«ã
|-resisted|p1a: ã©ã¤ãã«ã
|-damage|p1a: ã©ã¤ãã«ã|7\/281
|move|p1a: ã©ã¤ãã«ã|Roar|p2a: Hawlucha
|drag|p2a: Scizor|Scizor, M|217\/344
|
|turn|21
|c|âLord Qwilfish|lol
|c|âLord Qwilfish|k
|
|move|p2a: Scizor|Bullet Punch|p1a: ã©ã¤ãã«ã
|-resisted|p1a: ã©ã¤ãã«ã
|-damage|p1a: ã©ã¤ãã«ã|0 fnt
|faint|p1a: ã©ã¤ãã«ã
|
|
|switch|p1a: Pressure|Greninja, F, shiny|286\/286
|turn|22
|
|switch|p2a: Hawlucha|Hawlucha, M|50\/297
|move|p1a: Pressure|Hydro Pump|p2a: Hawlucha
|-start|p1a: Pressure|typechange|Water|[from] Protean
|-damage|p2a: Hawlucha|0 fnt
|-damage|p1a: Pressure|258\/286|[from] item: Life Orb
|faint|p2a: Hawlucha
|
|
|switch|p2a: Manectric|Manectric-Mega, F|281\/281
|-ability|p2a: Manectric|Intimidate|[of] p1a: Pressure
|-unboost|p1a: Pressure|atk|1
|turn|23
|c|âLord Qwilfish|gg
|c|âThe_Merphy|gg
|
|move|p2a: Manectric|Thunderbolt|p1a: Pressure
|-supereffective|p1a: Pressure
|-damage|p1a: Pressure|0 fnt
|faint|p1a: Pressure
|
|win|Lord Qwilfish