|join|PichiStyle
|join|Lord Qwilfish
|player|p1|PichiStyle|163
|player|p2|Lord Qwilfish|1
|gametype|singles
|gen|6
|tier|OU
|rated
|clearpoke
|poke|p1|Excadrill, F
|poke|p1|Latios, M
|poke|p1|Mew
|poke|p1|Weavile, M
|poke|p1|Hawlucha, M
|poke|p1|Manectric, M
|poke|p2|Crawdaunt, F
|poke|p2|Gardevoir, F
|poke|p2|Thundurus, M
|poke|p2|Garchomp, F
|poke|p2|Heatran, F
|poke|p2|Latios, M
|rule|Swagger Clause: Swagger is banned
|rule|Baton Pass Clause: Limit one PokÃ©mon knowing Baton Pass
|rule|Sleep Clause Mod: Limit one foe put to sleep
|rule|Species Clause: Limit one of each PokÃ©mon
|rule|OHKO Clause: OHKO moves are banned
|rule|Moody Clause: Moody is banned
|rule|Evasion Moves Clause: Evasion moves are banned
|rule|Endless Battle Clause: Forcing endless battles is banned
|rule|HP Percentage Mod: HP is shown in percentages
|teampreview
|
|start
|switch|p1a: Mexitacos|Hawlucha, M|299\/299
|switch|p2a: Garchomp|Garchomp, F|357\/357
|turn|1
|
|move|p1a: Mexitacos|Sky Attack|p2a: Garchomp|[still]
|-prepare|p1a: Mexitacos|Sky Attack|p2a: Garchomp
|-enditem|p1a: Mexitacos|Power Herb
|-anim|p1a: Mexitacos|Sky Attack|p2a: Garchomp
|-damage|p2a: Garchomp|150\/357
|move|p2a: Garchomp|Stealth Rock|p1a: Mexitacos
|-sidestart|p1: PichiStyle|move: Stealth Rock
|
|turn|2
|
|move|p1a: Mexitacos|Acrobatics|p2a: Garchomp
|-damage|p2a: Garchomp|0 fnt
|-damage|p1a: Mexitacos|262\/299|[from] ability: Rough Skin|[of] p2a: Garchomp
|faint|p2a: Garchomp
|
|
|switch|p2a: Thundurus|Thundurus, M|299\/299
|turn|3
|
|switch|p1a: TerraForza|Excadrill, F|391\/391
|-damage|p1a: TerraForza|379\/391|[from] Stealth Rock
|-ability|p1a: TerraForza|Mold Breaker
|move|p2a: Thundurus|Thunderbolt|p1a: TerraForza
|-immune|p1a: TerraForza|[msg]
|
|turn|4
|
|switch|p2a: Crawdaunt|Crawdaunt, F|267\/267
|move|p1a: TerraForza|Rapid Spin|p2a: Crawdaunt
|-damage|p2a: Crawdaunt|235\/267
|-sideend|p1: PichiStyle|Stealth Rock|[from] move: Rapid Spin|[of] p1a: TerraForza
|
|turn|5
|
|switch|p1a: Shinrei|Mew|403\/403
|move|p2a: Crawdaunt|Aqua Jet|p1a: Shinrei
|-damage|p1a: Shinrei|303\/403
|
|-heal|p1a: Shinrei|328\/403|[from] item: Leftovers
|turn|6
|
|switch|p2a: Heatran|Heatran, F|323\/323
|move|p1a: Shinrei|Stealth Rock|p2a: Heatran
|-sidestart|p2: Lord Qwilfish|move: Stealth Rock
|
|-heal|p1a: Shinrei|353\/403|[from] item: Leftovers
|turn|7
|
|switch|p1a: Lacasitos|Latios, M|321\/321
|move|p2a: Heatran|Flamethrower|p1a: Lacasitos
|-resisted|p1a: Lacasitos
|-damage|p1a: Lacasitos|239\/321
|
|turn|8
|
|switch|p2a: Gardevoir|Gardevoir, F|277\/277
|-damage|p2a: Gardevoir|243\/277|[from] Stealth Rock
|move|p1a: Lacasitos|Surf|p2a: Gardevoir
|-damage|p2a: Gardevoir|143\/277
|
|turn|9
|
|switch|p1a: TerraForza|Excadrill, F|379\/391
|-ability|p1a: TerraForza|Mold Breaker
|detailschange|p2a: Gardevoir|Gardevoir-Mega, F
|message|Gardevoir has Mega Evolved into Mega Gardevoir!
|move|p2a: Gardevoir|Hyper Voice|p1a: TerraForza
|-resisted|p1a: TerraForza
|-damage|p1a: TerraForza|281\/391
|
|turn|10
|
|switch|p2a: Thundurus|Thundurus, M|299\/299
|-damage|p2a: Thundurus|225\/299|[from] Stealth Rock
|move|p1a: TerraForza|Iron Head|p2a: Thundurus
|-resisted|p2a: Thundurus
|-damage|p2a: Thundurus|133\/299
|
|turn|11
|
|switch|p2a: Heatran|Heatran, F|323\/323
|-damage|p2a: Heatran|283\/323|[from] Stealth Rock
|move|p1a: TerraForza|Rock Slide|p2a: Heatran
|-damage|p2a: Heatran|201\/323
|
|turn|12
|
|move|p2a: Heatran|Flamethrower|p1a: TerraForza
|-supereffective|p1a: TerraForza
|-damage|p1a: TerraForza|59\/391
|move|p1a: TerraForza|Earthquake|p2a: Heatran
|-supereffective|p2a: Heatran
|-damage|p2a: Heatran|0 fnt
|faint|p2a: Heatran
|
|
|switch|p2a: Latios|Latios, M|301\/301
|-damage|p2a: Latios|264\/301|[from] Stealth Rock
|turn|13
|
|switch|p1a: Lacasitos|Latios, M|239\/321
|move|p2a: Latios|Defog|p1a: Lacasitos
|-unboost|p1a: Lacasitos|evasion|1
|-sideend|p2: Lord Qwilfish|Stealth Rock|[from] move: Defog|[of] p2a: Latios
|
|turn|14
|c|âPichiStyle|Speed Tie op :P
|
|switch|p2a: Gardevoir|Gardevoir-Mega, F|143\/277
|move|p1a: Lacasitos|Draco Meteor|p2a: Gardevoir
|-immune|p2a: Gardevoir|[msg]
|
|turn|15
|
|switch|p1a: TerraForza|Excadrill, F|59\/391
|-ability|p1a: TerraForza|Mold Breaker
|move|p2a: Gardevoir|Hyper Voice|p1a: TerraForza
|-resisted|p1a: TerraForza
|-damage|p1a: TerraForza|0 fnt
|faint|p1a: TerraForza
|
|
|switch|p1a: Mexitacos|Hawlucha, M|262\/299
|turn|16
|
|move|p1a: Mexitacos|Acrobatics|p2a: Gardevoir
|-damage|p2a: Gardevoir|0 fnt
|faint|p2a: Gardevoir
|
|
|switch|p2a: Thundurus|Thundurus, M|133\/299
|turn|17
|
|switch|p1a: Hayaku|Manectric, M|287\/287
|move|p2a: Thundurus|Thunderbolt|p1a: Hayaku
|-boost|p1a: Hayaku|spa|1|[from] ability: Lightning Rod
|
|turn|18
|
|switch|p2a: Latios|Latios, M|264\/301
|detailschange|p1a: Hayaku|Manectric-Mega, M
|message|Manectric has Mega Evolved into Mega Manectric!
|-ability|p1a: Hayaku|Intimidate|[of] p2a: Latios
|-unboost|p2a: Latios|atk|1
|move|p1a: Hayaku|Hidden Power|p2a: Latios
|-supereffective|p2a: Latios
|-damage|p2a: Latios|56\/301
|
|turn|19
|
|move|p1a: Hayaku|Hidden Power|p2a: Latios
|-supereffective|p2a: Latios
|-damage|p2a: Latios|0 fnt
|faint|p2a: Latios
|
|
|switch|p2a: Crawdaunt|Crawdaunt, F|235\/267
|turn|20
|c|âPichiStyle|GG bro
|
|move|p2a: Crawdaunt|Aqua Jet|p1a: Hayaku
|-damage|p1a: Hayaku|113\/287
|move|p1a: Hayaku|Thunderbolt|p2a: Crawdaunt
|-supereffective|p2a: Crawdaunt
|-damage|p2a: Crawdaunt|0 fnt
|faint|p2a: Crawdaunt
|
|c|âLord Qwilfish|gg
|
|switch|p2a: Thundurus|Thundurus, M|133\/299
|turn|21
|
|move|p1a: Hayaku|Hidden Power|p2a: Thundurus
|-supereffective|p2a: Thundurus
|-damage|p2a: Thundurus|0 fnt
|faint|p2a: Thundurus
|
|win|PichiStyle
|raw|Ladder updating...
|raw|PichiStyle's rating: 1560 &rarr; <strong>1583<\/strong><br \/>(+23 for winning)
|raw|Lord Qwilfish's rating: 1625 &rarr; <strong>1602<\/strong><br \/>(-23 for losing)
|leave|Lord Qwilfish
|player|p2