|join|Rammasaur
|join|Lord Qwilfish
|player|p1|Rammasaur|163
|player|p2|Lord Qwilfish|101
|gametype|singles
|gen|6
|tier|OU
|clearpoke
|poke|p1|Gallade, M, shiny
|poke|p1|Togekiss, F
|poke|p1|Garchomp, F, shiny
|poke|p1|Greninja, M, shiny
|poke|p1|Rotom-Wash
|poke|p1|Bisharp, M, shiny
|poke|p2|Politoed, F
|poke|p2|Swampert, F
|poke|p2|Kingdra, F
|poke|p2|Ferrothorn, M
|poke|p2|Latias, F
|poke|p2|Gothitelle, M
|rule|Swagger Clause: Swagger is banned
|rule|Baton Pass Clause: Limit one PokÃ©mon knowing Baton Pass
|rule|Sleep Clause Mod: Limit one foe put to sleep
|rule|Species Clause: Limit one of each PokÃ©mon
|rule|OHKO Clause: OHKO moves are banned
|rule|Moody Clause: Moody is banned
|rule|Evasion Moves Clause: Evasion moves are banned
|rule|Endless Battle Clause: Forcing endless battles is banned
|rule|HP Percentage Mod: HP is shown in percentages
|teampreview
|join|Flo0ds
|join|User Of Splash
|
|start
|switch|p1a: Rotom-Wash|Rotom-Wash|304\/304
|switch|p2a: Swampert|Swampert, F|341\/341
|turn|1
|
|switch|p2a: Latias|Latias, F|319\/319
|move|p1a: Rotom-Wash|Will-O-Wisp|p2a: Latias
|-status|p2a: Latias|brn
|
|-damage|p2a: Latias|280\/319 brn|[from] brn
|turn|2
|
|switch|p2a: Gothitelle|Gothitelle, M|301\/301
|switch|p1a: Togekiss|Togekiss, F|374\/374
|
|turn|3
|
|move|p2a: Gothitelle|Trick|p1a: Togekiss
|-activate|p2a: Gothitelle|move: Trick|[of] p1a: Togekiss
|-item|p1a: Togekiss|Choice Scarf|[from] move: Trick
|-item|p2a: Gothitelle|Leftovers|[from] move: Trick
|move|p1a: Togekiss|Thunder Wave|p2a: Gothitelle
|-status|p2a: Gothitelle|par
|
|turn|4
|
|move|p1a: Togekiss|Thunder Wave|p2a: Gothitelle
|-fail|p2a: Gothitelle|par
|move|p2a: Gothitelle|Thunderbolt|p1a: Togekiss
|-supereffective|p1a: Togekiss
|-damage|p1a: Togekiss|270\/374
|-status|p1a: Togekiss|par
|
|turn|5
|join|thymetime
|
|cant|p1a: Togekiss|par
|move|p2a: Gothitelle|Thunderbolt|p1a: Togekiss
|-supereffective|p1a: Togekiss
|-damage|p1a: Togekiss|150\/374 par
|
|turn|6
|
|move|p1a: Togekiss|Thunder Wave|p2a: Gothitelle
|-fail|p2a: Gothitelle|par
|cant|p2a: Gothitelle|par
|
|turn|7
|c|âRammasaur|wow that's annoying
|
|move|p1a: Togekiss|Thunder Wave|p2a: Gothitelle
|-fail|p2a: Gothitelle|par
|move|p2a: Gothitelle|Thunderbolt|p1a: Togekiss
|-supereffective|p1a: Togekiss
|-damage|p1a: Togekiss|40\/374 par
|
|turn|8
|join|Doctor Octagon
|
|move|p1a: Togekiss|Thunder Wave|p2a: Gothitelle
|-fail|p2a: Gothitelle|par
|cant|p2a: Gothitelle|par
|
|turn|9
|
|move|p1a: Togekiss|Thunder Wave|p2a: Gothitelle
|-fail|p2a: Gothitelle|par
|cant|p2a: Gothitelle|par
|
|turn|10
|
|move|p1a: Togekiss|Thunder Wave|p2a: Gothitelle
|-fail|p2a: Gothitelle|par
|move|p2a: Gothitelle|Thunderbolt|p1a: Togekiss
|-supereffective|p1a: Togekiss
|-damage|p1a: Togekiss|0 fnt
|faint|p1a: Togekiss
|
|
|switch|p1a: Bisharp|Bisharp, M, shiny|334\/334
|turn|11
|
|switch|p2a: Ferrothorn|Ferrothorn, M|352\/352
|move|p1a: Bisharp|Knock Off|p2a: Ferrothorn
|-damage|p2a: Ferrothorn|216\/352
|-damage|p1a: Bisharp|293\/334|[from] ability: Iron Barbs|[of] p2a: Ferrothorn
|-enditem|p2a: Ferrothorn|Leftovers|[from] move: Knock Off|[of] p1a: Bisharp
|
|turn|12
|
|switch|p1a: Garchomp|Garchomp, F, shiny|420\/420
|move|p2a: Ferrothorn|Stealth Rock|p1a: Garchomp
|-sidestart|p1: Rammasaur|move: Stealth Rock
|
|turn|13
|
|move|p1a: Garchomp|Toxic|p2a: Ferrothorn
|-fail|p2a: Ferrothorn
|move|p2a: Ferrothorn|Leech Seed|p1a: Garchomp
|-start|p1a: Garchomp|move: Leech Seed
|
|-damage|p1a: Garchomp|368\/420|[from] Leech Seed|[of] p2a: Ferrothorn
|-heal|p2a: Ferrothorn|268\/352|[silent]
|turn|14
|join|Tesilent
|
|switch|p1a: Rotom-Wash|Rotom-Wash|304\/304
|-damage|p1a: Rotom-Wash|266\/304|[from] Stealth Rock
|switch|p2a: Politoed|Politoed, F|383\/383
|-weather|RainDance
|
|-weather|RainDance|[upkeep]
|turn|15
|join|Mollete
|
|switch|p2a: Latias|Latias, F|280\/319 brn
|move|p1a: Rotom-Wash|Trick|p2a: Latias
|-activate|p1a: Rotom-Wash|move: Trick|[of] p2a: Latias
|-item|p2a: Latias|Choice Specs|[from] move: Trick
|-item|p1a: Rotom-Wash|Life Orb|[from] move: Trick
|
|-weather|RainDance|[upkeep]
|-damage|p2a: Latias|241\/319 brn|[from] brn
|turn|16
|
|move|p2a: Latias|Draco Meteor|p1a: Rotom-Wash|[miss]
|-miss|p2a: Latias|p1a: Rotom-Wash
|move|p1a: Rotom-Wash|Volt Switch|p2a: Latias
|-crit|p2a: Latias
|-resisted|p2a: Latias
|-damage|p2a: Latias|149\/319 brn
|-damage|p1a: Rotom-Wash|236\/304|[from] item: Life Orb
|
|switch|p1a: Bisharp|Bisharp, M, shiny|293\/334
|-damage|p1a: Bisharp|273\/334|[from] Stealth Rock
|
|-weather|RainDance|[upkeep]
|-damage|p2a: Latias|110\/319 brn|[from] brn
|turn|17
|join|creepycretin
|
|switch|p2a: Ferrothorn|Ferrothorn, M|268\/352
|move|p1a: Bisharp|Swords Dance|p1a: Bisharp
|-boost|p1a: Bisharp|atk|2
|
|-weather|RainDance|[upkeep]
|turn|18
|
|move|p1a: Bisharp|Knock Off|p2a: Ferrothorn
|-damage|p2a: Ferrothorn|61\/352
|-damage|p1a: Bisharp|232\/334|[from] ability: Iron Barbs|[of] p2a: Ferrothorn
|move|p2a: Ferrothorn|Leech Seed|p1a: Bisharp
|-start|p1a: Bisharp|move: Leech Seed
|
|-weather|RainDance|[upkeep]
|-damage|p1a: Bisharp|191\/334|[from] Leech Seed|[of] p2a: Ferrothorn
|-heal|p2a: Ferrothorn|102\/352|[silent]
|turn|19
|
|move|p1a: Bisharp|Knock Off|p2a: Ferrothorn
|-damage|p2a: Ferrothorn|0 fnt
|-damage|p1a: Bisharp|150\/334|[from] ability: Iron Barbs|[of] p2a: Ferrothorn
|faint|p2a: Ferrothorn
|
|-weather|RainDance|[upkeep]
|
|switch|p2a: Swampert|Swampert, F|341\/341
|turn|20
|
|detailschange|p2a: Swampert|Swampert-Mega, F
|message|Swampert has Mega Evolved into Mega Swampert!
|move|p1a: Bisharp|Sucker Punch|p2a: Swampert
|-damage|p2a: Swampert|19\/341
|move|p2a: Swampert|Waterfall|p1a: Bisharp
|-crit|p1a: Bisharp
|-damage|p1a: Bisharp|0 fnt
|faint|p1a: Bisharp
|
|-weather|RainDance|[upkeep]
|
|switch|p1a: Rotom-Wash|Rotom-Wash|236\/304
|-damage|p1a: Rotom-Wash|198\/304|[from] Stealth Rock
|turn|21
|
|switch|p2a: Gothitelle|Gothitelle, M|301\/301 par
|move|p1a: Rotom-Wash|Hydro Pump|p2a: Gothitelle
|-damage|p2a: Gothitelle|0 fnt
|-damage|p1a: Rotom-Wash|168\/304|[from] item: Life Orb
|faint|p2a: Gothitelle
|
|-weather|none
|
|switch|p2a: Latias|Latias, F|110\/319 brn
|turn|22
|
|move|p2a: Latias|Draco Meteor|p1a: Rotom-Wash|[miss]
|-miss|p2a: Latias|p1a: Rotom-Wash
|move|p1a: Rotom-Wash|Volt Switch|p2a: Latias
|-resisted|p2a: Latias
|-damage|p2a: Latias|49\/319 brn
|-damage|p1a: Rotom-Wash|138\/304|[from] item: Life Orb
|c|âRammasaur|omg
|c|âRammasaur|lol
|c|âLord Qwilfish|,
|
|switch|p1a: Greninja|Greninja, M, shiny|285\/285
|-damage|p1a: Greninja|250\/285|[from] Stealth Rock
|
|-damage|p2a: Latias|10\/319 brn|[from] brn
|turn|23
|
|move|p1a: Greninja|Ice Beam|p2a: Latias
|-start|p1a: Greninja|typechange|Ice|[from] Protean
|-supereffective|p2a: Latias
|-damage|p2a: Latias|0 fnt
|-damage|p1a: Greninja|222\/285|[from] item: Life Orb
|faint|p2a: Latias
|
|
|switch|p2a: Politoed|Politoed, F|383\/383
|-weather|RainDance
|turn|24
|
|move|p1a: Greninja|Gunk Shot|p2a: Politoed
|-start|p1a: Greninja|typechange|Poison|[from] Protean
|-damage|p2a: Politoed|234\/383
|-damage|p1a: Greninja|194\/285|[from] item: Life Orb
|move|p2a: Politoed|Scald|p1a: Greninja
|-damage|p1a: Greninja|11\/285
|-status|p1a: Greninja|brn
|
|-weather|RainDance|[upkeep]
|-damage|p1a: Greninja|0 fnt|[from] brn
|faint|p1a: Greninja
|c|âRammasaur|shit
|
|switch|p1a: Rotom-Wash|Rotom-Wash|138\/304
|-damage|p1a: Rotom-Wash|100\/304|[from] Stealth Rock
|turn|25
|
|switch|p2a: Swampert|Swampert-Mega, F|19\/341
|move|p1a: Rotom-Wash|Will-O-Wisp|p2a: Swampert
|-status|p2a: Swampert|brn
|
|-weather|RainDance|[upkeep]
|-damage|p2a: Swampert|0 fnt|[from] brn
|faint|p2a: Swampert
|
|switch|p2a: Kingdra|Kingdra, F|291\/291
|turn|26
|
|move|p2a: Kingdra|Hydro Pump|p1a: Rotom-Wash|[miss]
|-miss|p2a: Kingdra|p1a: Rotom-Wash
|move|p1a: Rotom-Wash|Will-O-Wisp|p2a: Kingdra
|-status|p2a: Kingdra|brn
|
|-weather|RainDance|[upkeep]
|-damage|p2a: Kingdra|255\/291 brn|[from] brn
|turn|27
|c|âLord Qwilfish|wow
|c|âRammasaur|hax was on my side it seems :(
|c|âRammasaur|sorry
|
|move|p2a: Kingdra|Hydro Pump|p1a: Rotom-Wash
|-crit|p1a: Rotom-Wash
|-resisted|p1a: Rotom-Wash
|-damage|p1a: Rotom-Wash|0 fnt
|faint|p1a: Rotom-Wash
|
|-weather|RainDance|[upkeep]
|-damage|p2a: Kingdra|219\/291 brn|[from] brn
|
|switch|p1a: Garchomp|Garchomp, F, shiny|368\/420
|-damage|p1a: Garchomp|342\/420|[from] Stealth Rock
|turn|28
|
|move|p2a: Kingdra|Hydro Pump|p1a: Garchomp
|-damage|p1a: Garchomp|0 fnt
|faint|p1a: Garchomp
|
|-weather|RainDance|[upkeep]
|-damage|p2a: Kingdra|183\/291 brn|[from] brn
|
|switch|p1a: Gallade|Gallade, M, shiny|277\/277
|-damage|p1a: Gallade|260\/277|[from] Stealth Rock
|turn|29
|c|âLord Qwilfish|hit pls
|c| User Of Splash|the tension
|c|âRammasaur|good
|
|detailschange|p1a: Gallade|Gallade-Mega, M, shiny
|message|Gallade has Mega Evolved into Mega Gallade!
|move|p2a: Kingdra|Hydro Pump|p1a: Gallade
|-damage|p1a: Gallade|0 fnt
|faint|p1a: Gallade
|
|win|Lord Qwilfish
|c|âRammasaur|gg
|c|âLord Qwilfish|gg
|leave|User Of Splash
|c|âRammasaur|that trap
|leave|Tesilent
|c|âRammasaur|on my toge
|c|âRammasaur|fucked me