|join|godry07
|join|Lord Qwilfish
|player|p1|godry07|266
|player|p2|Lord Qwilfish|1
|gametype|singles
|gen|6
|tier|OU
|rated
|clearpoke
|poke|p1|Machamp, M, shiny
|poke|p1|Alakazam, M
|poke|p1|Cinccino, M, shiny
|poke|p1|Electivire, M, shiny
|poke|p1|Dragonite, M, shiny
|poke|p1|Magmortar, M
|poke|p2|Hawlucha, M
|poke|p2|Scizor, F
|poke|p2|Manectric, F
|poke|p2|Mamoswine, M
|poke|p2|Latias, F
|poke|p2|Keldeo
|rule|Swagger Clause: Swagger is banned
|rule|Baton Pass Clause: Limit one PokÃ©mon knowing Baton Pass
|rule|Sleep Clause Mod: Limit one foe put to sleep
|rule|Species Clause: Limit one of each PokÃ©mon
|rule|OHKO Clause: OHKO moves are banned
|rule|Moody Clause: Moody is banned
|rule|Evasion Moves Clause: Evasion moves are banned
|rule|Endless Battle Clause: Forcing endless battles is banned
|rule|HP Percentage Mod: HP is shown in percentages
|teampreview
|join|c1v1l
|
|start
|switch|p1a: Alakazam|Alakazam, M|252\/252
|switch|p2a: Manectric|Manectric, F|281\/281
|turn|1
|c|âLord Qwilfish|c1v1l
|c|âLord Qwilfish|who are you? 
|
|detailschange|p2a: Manectric|Manectric-Mega, F
|message|Manectric has Mega Evolved into Mega Manectric!
|-ability|p2a: Manectric|Intimidate|[of] p1a: Alakazam
|-unboost|p1a: Alakazam|atk|1
|move|p1a: Alakazam|Psychic|p2a: Manectric
|-damage|p2a: Manectric|12\/281
|move|p2a: Manectric|Volt Switch|p1a: Alakazam
|-damage|p1a: Alakazam|120\/252
|
|switch|p2a: Mamoswine|Mamoswine, M|361\/361
|
|turn|2
|
|switch|p1a: Machamp|Machamp, M, shiny|321\/321
|move|p2a: Mamoswine|Ice Shard|p1a: Machamp
|-damage|p1a: Machamp|196\/321
|-damage|p2a: Mamoswine|325\/361|[from] item: Life Orb
|
|-status|p1a: Machamp|brn|[from] item: Flame Orb
|turn|3
|
|switch|p2a: Latias|Latias, F|311\/311
|move|p1a: Machamp|Ice Punch|p2a: Latias
|-supereffective|p2a: Latias
|-damage|p2a: Latias|0 fnt
|faint|p2a: Latias
|
|-damage|p1a: Machamp|156\/321 brn|[from] brn
|
|switch|p2a: Manectric|Manectric-Mega, F|12\/281
|-ability|p2a: Manectric|Intimidate|[of] p1a: Machamp
|-unboost|p1a: Machamp|atk|1
|turn|4
|
|move|p1a: Machamp|Bullet Punch|p2a: Manectric
|-resisted|p2a: Manectric
|-damage|p2a: Manectric|0 fnt
|faint|p2a: Manectric
|
|-damage|p1a: Machamp|116\/321 brn|[from] brn
|c| c1v1l|(00:01:21) Rayu: mirs lw man
|c|âLord Qwilfish|achso
|c|âLord Qwilfish|rayuuuu
|c|âLord Qwilfish|<3
|
|switch|p2a: Keldeo|Keldeo|323\/323
|turn|5
|c| c1v1l|fu :*
|
|switch|p1a: bebechy|Cinccino, M, shiny|292\/292
|move|p2a: Keldeo|Scald|p1a: bebechy
|-damage|p1a: bebechy|31\/292
|-status|p1a: bebechy|brn
|-damage|p2a: Keldeo|291\/323|[from] item: Life Orb
|
|-damage|p1a: bebechy|0 fnt|[from] brn
|faint|p1a: bebechy
|
|switch|p1a: Electivire|Electivire, M, shiny|292\/292
|-item|p1a: Electivire|Air Balloon
|turn|6
|
|move|p2a: Keldeo|Hydro Pump|p1a: Electivire|[miss]
|-miss|p2a: Keldeo|p1a: Electivire
|move|p1a: Electivire|Fire Punch|p2a: Keldeo
|-resisted|p2a: Keldeo
|-damage|p2a: Keldeo|248\/323
|-status|p2a: Keldeo|brn
|
|-damage|p2a: Keldeo|208\/323 brn|[from] brn
|turn|7
|
|move|p2a: Keldeo|Hydro Pump|p1a: Electivire
|-damage|p1a: Electivire|2\/292
|-enditem|p1a: Electivire|Air Balloon
|-damage|p2a: Keldeo|176\/323 brn|[from] item: Life Orb
|move|p1a: Electivire|Thunder Punch|p2a: Keldeo
|-supereffective|p2a: Keldeo
|-damage|p2a: Keldeo|0 fnt
|faint|p2a: Keldeo
|
|c|âLord Qwilfish|omg
|c|âLord Qwilfish|,,
|
|switch|p2a: Mamoswine|Mamoswine, M|325\/361
|turn|8
|
|move|p1a: Electivire|Earthquake|p2a: Mamoswine
|-damage|p2a: Mamoswine|191\/361
|move|p2a: Mamoswine|Stealth Rock|p1a: Electivire
|-sidestart|p1: godry07|move: Stealth Rock
|
|turn|9
|
|move|p2a: Mamoswine|Ice Shard|p1a: Electivire
|-damage|p1a: Electivire|0 fnt
|-damage|p2a: Mamoswine|155\/361|[from] item: Life Orb
|faint|p1a: Electivire
|
|
|switch|p1a: Alakazam|Alakazam, M|120\/252
|turn|10
|
|move|p2a: Mamoswine|Ice Shard|p1a: Alakazam
|-damage|p1a: Alakazam|0 fnt
|-damage|p2a: Mamoswine|119\/361|[from] item: Life Orb
|faint|p1a: Alakazam
|
|
|switch|p1a: Magmortar|Magmortar, M|292\/292
|-damage|p1a: Magmortar|219\/292|[from] Stealth Rock
|turn|11
|
|switch|p2a: Hawlucha|Hawlucha, M|297\/297
|move|p1a: Magmortar|Fire Punch|p2a: Hawlucha
|-damage|p2a: Hawlucha|152\/297
|
|turn|12
|
|move|p2a: Hawlucha|Substitute|p2a: Hawlucha
|-start|p2a: Hawlucha|Substitute
|-damage|p2a: Hawlucha|78\/297
|move|p1a: Magmortar|Thunder Punch|p2a: Hawlucha
|-supereffective|p2a: Hawlucha
|-end|p2a: Hawlucha|Substitute
|
|turn|13
|
|move|p2a: Hawlucha|Substitute|p2a: Hawlucha
|-start|p2a: Hawlucha|Substitute
|-damage|p2a: Hawlucha|4\/297
|-enditem|p2a: Hawlucha|Liechi Berry|[eat]
|-boost|p2a: Hawlucha|atk|1|[from] item: Liechi Berry
|move|p1a: Magmortar|Fire Punch|p2a: Hawlucha
|-end|p2a: Hawlucha|Substitute
|
|turn|14
|c| c1v1l|miss und du verlierst :D
|c|âLord Qwilfish|ne
|c|âLord Qwilfish|acro einfach
|c| c1v1l|kiltls?
|c|âLord Qwilfish|:D
|c|âLord Qwilfish|yolo
|
|move|p1a: Magmortar|Mach Punch|p2a: Hawlucha
|-resisted|p2a: Hawlucha
|-damage|p2a: Hawlucha|0 fnt
|faint|p2a: Hawlucha
|
|c| c1v1l|xd
|c|âLord Qwilfish|lol
|
|switch|p2a: Scizor|Scizor, F|344\/344
|turn|15
|c|âLord Qwilfish|ich hab vieles erwartet
|c|âLord Qwilfish|aber nich das xdd
|
|move|p1a: Magmortar|Fire Punch|p2a: Scizor
|-supereffective|p2a: Scizor
|-damage|p2a: Scizor|0 fnt
|faint|p2a: Scizor
|
|c| c1v1l|ja
|c| c1v1l|du hast grade gegen diesees team verloren xD
|c|âLord Qwilfish|dachte vllt sucker punch
|c|âLord Qwilfish|ja
|c|âLord Qwilfish|xDD
|
|switch|p2a: Mamoswine|Mamoswine, M|119\/361
|turn|16
|c| c1v1l|du solltest das replay speichern 
|c| c1v1l|und daraus lernen
|c|âLord Qwilfish|mach ich auch
|c| c1v1l|xD
|c|âLord Qwilfish|das war grade so ein pensi spruch
|
|move|p1a: Magmortar|Fire Punch|p2a: Mamoswine
|-supereffective|p2a: Mamoswine
|-damage|p2a: Mamoswine|0 fnt
|faint|p2a: Mamoswine
|
|win|godry07
|raw|Ladder updating...
|raw|godry07's rating: 1277 &rarr; <strong>1305<\/strong><br \/>(+28 for winning)
|raw|Lord Qwilfish's rating: 1320 &rarr; <strong>1298<\/strong><br \/>(-22 for losing)
|c|âLord Qwilfish|xD
|c| c1v1l|:p
|leave|godry07
|player|p1
|leave|c1v1l