|join|Lord Qwilfish
|join|DeleleleleWHOOOP
|player|p1|Lord Qwilfish|1
|player|p2|DeleleleleWHOOOP|81
|gametype|singles
|gen|6
|tier|OU
|rated
|clearpoke
|poke|p1|Hawlucha, F
|poke|p1|Manectric, F
|poke|p1|Scizor, F
|poke|p1|Mamoswine, M
|poke|p1|Keldeo
|poke|p1|Latias, F
|poke|p2|Landorus-Therian, M
|poke|p2|Tyranitar, M
|poke|p2|Keldeo-Resolute
|poke|p2|Latios, M
|poke|p2|Ferrothorn, F
|poke|p2|Charizard, F
|rule|Swagger Clause: Swagger is banned
|rule|Baton Pass Clause: Limit one PokÃ©mon knowing Baton Pass
|rule|Sleep Clause Mod: Limit one foe put to sleep
|rule|Species Clause: Limit one of each PokÃ©mon
|rule|OHKO Clause: OHKO moves are banned
|rule|Moody Clause: Moody is banned
|rule|Evasion Moves Clause: Evasion moves are banned
|rule|Endless Battle Clause: Forcing endless battles is banned
|rule|HP Percentage Mod: HP is shown in percentages
|teampreview
|
|start
|switch|p1a: Mamoswine|Mamoswine, M|361\/361
|switch|p2a: Landorus-Therian|Landorus-Therian, M|354\/354
|-ability|p2a: Landorus-Therian|Intimidate|[of] p1a: Mamoswine
|-unboost|p1a: Mamoswine|atk|1
|turn|1
|
|move|p2a: Landorus-Therian|Superpower|p1a: Mamoswine
|-crit|p1a: Mamoswine
|-supereffective|p1a: Mamoswine
|-damage|p1a: Mamoswine|0 fnt
|-unboost|p2a: Landorus-Therian|atk|1
|-unboost|p2a: Landorus-Therian|def|1
|faint|p1a: Mamoswine
|
|
|switch|p1a: Manectric|Manectric, F|281\/281
|turn|2
|c|âLord Qwilfish|mh
|c|âLord Qwilfish|lool
|
|switch|p2a: Tyranitar|Tyranitar, M|403\/403
|-weather|Sandstorm
|detailschange|p1a: Manectric|Manectric-Mega, F
|message|Manectric has Mega Evolved into Mega Manectric!
|-ability|p1a: Manectric|Intimidate|[of] p2a: Tyranitar
|-unboost|p2a: Tyranitar|atk|1
|move|p1a: Manectric|Volt Switch|p2a: Tyranitar
|-crit|p2a: Tyranitar
|-damage|p2a: Tyranitar|274\/403
|c|âDeleleleleWHOOOP|lagged out?
|
|switch|p1a: Keldeo|Keldeo|323\/323
|
|-weather|Sandstorm|[upkeep]
|-damage|p1a: Keldeo|303\/323|[from] sandstorm
|-heal|p2a: Tyranitar|299\/403|[from] item: Leftovers
|turn|3
|c|âLord Qwilfish|nop
|c|âDeleleleleWHOOOP|you're taking far too long for my taste though >>
|
|switch|p2a: Latios|Latios, M|301\/301
|move|p1a: Keldeo|Icy Wind|p2a: Latios
|-supereffective|p2a: Latios
|-damage|p2a: Latios|137\/301
|-unboost|p2a: Latios|spe|1
|-damage|p1a: Keldeo|271\/323|[from] item: Life Orb
|
|-weather|Sandstorm|[upkeep]
|-damage|p1a: Keldeo|251\/323|[from] sandstorm
|-damage|p2a: Latios|119\/301|[from] sandstorm
|turn|4
|c|âLord Qwilfish|yeah
|c|âLord Qwilfish|its very laggy
|c|âLord Qwilfish|D:
|
|switch|p2a: Charizard|Charizard, F|297\/297
|move|p1a: Keldeo|Icy Wind|p2a: Charizard
|-damage|p2a: Charizard|198\/297
|-unboost|p2a: Charizard|spe|1
|-damage|p1a: Keldeo|219\/323|[from] item: Life Orb
|
|-weather|Sandstorm|[upkeep]
|-damage|p1a: Keldeo|199\/323|[from] sandstorm
|-damage|p2a: Charizard|180\/297|[from] sandstorm
|turn|5
|c|âDeleleleleWHOOOP|...thats what i just asked.
|
|detailschange|p2a: Charizard|Charizard-Mega-Y, F
|message|Charizard has Mega Evolved into Mega Charizard!
|-weather|SunnyDay
|move|p1a: Keldeo|Hydro Pump|p2a: Charizard
|-supereffective|p2a: Charizard
|-damage|p2a: Charizard|0 fnt
|-damage|p1a: Keldeo|167\/323|[from] item: Life Orb
|faint|p2a: Charizard
|
|-weather|SunnyDay|[upkeep]
|c|âDeleleleleWHOOOP|oh
|c|âDeleleleleWHOOOP|lo
|c|âDeleleleleWHOOOP|am dumb.
|
|switch|p2a: Keldeo-Resolute|Keldeo-Resolute|323\/323
|turn|6
|
|switch|p1a: Latias|Latias, F|310\/310
|move|p2a: Keldeo-Resolute|Secret Sword|p1a: Latias
|-resisted|p1a: Latias
|-damage|p1a: Latias|180\/310
|
|-weather|SunnyDay|[upkeep]
|-heal|p1a: Latias|199\/310|[from] item: Leftovers
|turn|7
|c|âLord Qwilfish|that damage
|
|switch|p2a: Tyranitar|Tyranitar, M|299\/403
|-weather|Sandstorm
|switch|p1a: Scizor|Scizor, F|341\/341
|
|-weather|Sandstorm|[upkeep]
|-heal|p2a: Tyranitar|324\/403|[from] item: Leftovers
|turn|8
|
|switch|p2a: Landorus-Therian|Landorus-Therian, M|354\/354
|-ability|p2a: Landorus-Therian|Intimidate|[of] p1a: Scizor
|-unboost|p1a: Scizor|atk|1
|move|p1a: Scizor|U-turn|p2a: Landorus-Therian
|-resisted|p2a: Landorus-Therian
|-damage|p2a: Landorus-Therian|276\/354
|
|switch|p1a: Hawlucha|Hawlucha, F|297\/297
|
|-weather|Sandstorm|[upkeep]
|-damage|p1a: Hawlucha|279\/297|[from] sandstorm
|turn|9
|
|move|p2a: Landorus-Therian|U-turn|p1a: Hawlucha
|-resisted|p1a: Hawlucha
|-damage|p1a: Hawlucha|254\/297
|
|switch|p2a: Latios|Latios, M|119\/301
|move|p1a: Hawlucha|Swords Dance|p1a: Hawlucha
|-boost|p1a: Hawlucha|atk|2
|
|-weather|Sandstorm|[upkeep]
|-damage|p1a: Hawlucha|236\/297|[from] sandstorm
|-damage|p2a: Latios|101\/301|[from] sandstorm
|turn|10
|c|âDeleleleleWHOOOP|gg
|
|move|p1a: Hawlucha|Acrobatics|p2a: Latios
|-damage|p2a: Latios|0 fnt
|faint|p2a: Latios
|
|-weather|Sandstorm|[upkeep]
|-damage|p1a: Hawlucha|218\/297|[from] sandstorm
|
|switch|p2a: Landorus-Therian|Landorus-Therian, M|276\/354
|-ability|p2a: Landorus-Therian|Intimidate|[of] p1a: Hawlucha
|-unboost|p1a: Hawlucha|atk|1
|turn|11
|
|move|p2a: Landorus-Therian|Rock Slide|p1a: Hawlucha
|-damage|p1a: Hawlucha|97\/297
|move|p1a: Hawlucha|Acrobatics|p2a: Landorus-Therian
|-damage|p2a: Landorus-Therian|143\/354
|
|-weather|none
|turn|12
|c|âLord Qwilfish|oh
|
|switch|p1a: Scizor|Scizor, F|341\/341
|move|p2a: Landorus-Therian|Rock Slide|p1a: Scizor
|-damage|p1a: Scizor|244\/341
|
|turn|13
|
|switch|p2a: Keldeo-Resolute|Keldeo-Resolute|323\/323
|move|p1a: Scizor|U-turn|p2a: Keldeo-Resolute
|-resisted|p2a: Keldeo-Resolute
|-damage|p2a: Keldeo-Resolute|209\/323
|
|switch|p1a: Manectric|Manectric-Mega, F|281\/281
|-ability|p1a: Manectric|Intimidate|[of] p2a: Keldeo-Resolute
|-unboost|p2a: Keldeo-Resolute|atk|1
|
|turn|14
|join|dabroyo
|
|switch|p2a: Landorus-Therian|Landorus-Therian, M|143\/354
|-ability|p2a: Landorus-Therian|Intimidate|[of] p1a: Manectric
|-unboost|p1a: Manectric|atk|1
|move|p1a: Manectric|Volt Switch|p2a: Landorus-Therian
|-immune|p2a: Landorus-Therian|[msg]
|
|turn|15
|leave|dabroyo
|
|move|p2a: Landorus-Therian|Earthquake|p1a: Manectric
|-supereffective|p1a: Manectric
|-damage|p1a: Manectric|0 fnt
|faint|p1a: Manectric
|
|c|âDeleleleleWHOOOP|phew.
|c|âDeleleleleWHOOOP|that's gone.
|
|switch|p1a: Hawlucha|Hawlucha, F|97\/297
|turn|16
|c|âLord Qwilfish|i guess you u-turn
|c|âDeleleleleWHOOOP|why would i when i know i would outspeed XD
|
|switch|p2a: Tyranitar|Tyranitar, M|324\/403
|-weather|Sandstorm
|move|p1a: Hawlucha|Substitute|p1a: Hawlucha
|-start|p1a: Hawlucha|Substitute
|-damage|p1a: Hawlucha|23\/297
|-enditem|p1a: Hawlucha|Liechi Berry|[eat]
|-boost|p1a: Hawlucha|atk|1|[from] item: Liechi Berry
|
|-weather|Sandstorm|[upkeep]
|-damage|p1a: Hawlucha|5\/297|[from] sandstorm
|-heal|p2a: Tyranitar|349\/403|[from] item: Leftovers
|turn|17
|c|âLord Qwilfish|cuz now hawlucha can sweep
|
|switch|p2a: Ferrothorn|Ferrothorn, F|352\/352
|move|p1a: Hawlucha|High Jump Kick|p2a: Ferrothorn
|-supereffective|p2a: Ferrothorn
|-damage|p2a: Ferrothorn|14\/352
|-damage|p1a: Hawlucha|0 fnt|[from] ability: Iron Barbs|[of] p2a: Ferrothorn
|faint|p1a: Hawlucha
|
|-weather|Sandstorm|[upkeep]
|c|âDeleleleleWHOOOP|meh
|c|âDeleleleleWHOOOP|not this weather
|
|switch|p1a: Keldeo|Keldeo|167\/323
|turn|18
|join|DFantasyy
|
|move|p1a: Keldeo|Scald|p2a: Ferrothorn
|-resisted|p2a: Ferrothorn
|-damage|p2a: Ferrothorn|0 fnt
|-damage|p1a: Keldeo|135\/323|[from] item: Life Orb
|faint|p2a: Ferrothorn
|
|-weather|Sandstorm|[upkeep]
|-damage|p1a: Keldeo|115\/323|[from] sandstorm
|leave|DFantasyy
|
|switch|p2a: Landorus-Therian|Landorus-Therian, M|143\/354
|-ability|p2a: Landorus-Therian|Intimidate|[of] p1a: Keldeo
|-unboost|p1a: Keldeo|atk|1
|turn|19
|c|âLord Qwilfish|so laggy
|c|âDeleleleleWHOOOP|ikr
|c|âDeleleleleWHOOOP|im getting the lags too
|
|move|p2a: Landorus-Therian|Superpower|p1a: Keldeo
|-damage|p1a: Keldeo|0 fnt
|-unboost|p2a: Landorus-Therian|atk|1
|-unboost|p2a: Landorus-Therian|def|1
|faint|p1a: Keldeo
|
|-weather|Sandstorm|[upkeep]
|c|âLord Qwilfish|can you turn off the bot pls
|
|switch|p1a: Scizor|Scizor, F|244\/341
|turn|20
|c|âLord Qwilfish|timer*
|c|âDeleleleleWHOOOP|already did
|c|âLord Qwilfish|thx
|
|switch|p2a: Keldeo-Resolute|Keldeo-Resolute|209\/323
|move|p1a: Scizor|U-turn|p2a: Keldeo-Resolute
|-resisted|p2a: Keldeo-Resolute
|-damage|p2a: Keldeo-Resolute|99\/323
|c|âLord Qwilfish|yeah
|c|âDeleleleleWHOOOP|you'll probably win though
|c|âDeleleleleWHOOOP|shouldnt have superpowered
|c|âDeleleleleWHOOOP|oh well.
|
|switch|p1a: Latias|Latias, F|199\/310
|
|-weather|none
|-heal|p1a: Latias|218\/310|[from] item: Leftovers
|turn|21
|
|switch|p2a: Tyranitar|Tyranitar, M|349\/403
|-weather|Sandstorm
|move|p1a: Latias|Draco Meteor|p2a: Tyranitar
|-damage|p2a: Tyranitar|213\/403
|-unboost|p1a: Latias|spa|2
|
|-weather|Sandstorm|[upkeep]
|-damage|p1a: Latias|199\/310|[from] sandstorm
|-heal|p1a: Latias|218\/310|[from] item: Leftovers
|-heal|p2a: Tyranitar|238\/403|[from] item: Leftovers
|turn|22
|
|move|p1a: Latias|Healing Wish|p1a: Latias
|faint|p1a: Latias
|move|p2a: Tyranitar|Fire Blast|p1: Latias|[notarget]
|-notarget
|
|-weather|Sandstorm|[upkeep]
|-heal|p2a: Tyranitar|263\/403|[from] item: Leftovers
|c|âDeleleleleWHOOOP|oh
|c|âDeleleleleWHOOOP|..
|c|âDeleleleleWHOOOP|cb
|c|âDeleleleleWHOOOP|....
|
|switch|p1a: Scizor|Scizor, F|244\/341
|-heal|p1a: Scizor|341\/341|[from] move: Healing Wish
|turn|23
|
|switch|p2a: Landorus-Therian|Landorus-Therian, M|143\/354
|-ability|p2a: Landorus-Therian|Intimidate|[of] p1a: Scizor
|-unboost|p1a: Scizor|atk|1
|move|p1a: Scizor|Bullet Punch|p2a: Landorus-Therian
|-damage|p2a: Landorus-Therian|22\/354
|
|-weather|Sandstorm|[upkeep]
|turn|24
|c|âLord Qwilfish|yeahh
|
|switch|p2a: Keldeo-Resolute|Keldeo-Resolute|99\/323
|move|p1a: Scizor|Bullet Punch|p2a: Keldeo-Resolute
|-resisted|p2a: Keldeo-Resolute
|-damage|p2a: Keldeo-Resolute|40\/323
|
|-weather|Sandstorm|[upkeep]
|-damage|p2a: Keldeo-Resolute|20\/323|[from] sandstorm
|turn|25
|
|move|p1a: Scizor|Bullet Punch|p2a: Keldeo-Resolute
|-crit|p2a: Keldeo-Resolute
|-resisted|p2a: Keldeo-Resolute
|-damage|p2a: Keldeo-Resolute|0 fnt
|faint|p2a: Keldeo-Resolute
|
|-weather|none
|c|âLord Qwilfish|i think you choked
|c|âDeleleleleWHOOOP|nope
|
|switch|p2a: Landorus-Therian|Landorus-Therian, M|22\/354
|-ability|p2a: Landorus-Therian|Intimidate|[of] p1a: Scizor
|-unboost|p1a: Scizor|atk|1
|turn|26
|c|âDeleleleleWHOOOP|..i think it would survive now
|c|âDeleleleleWHOOOP|hopefully
|
|move|p1a: Scizor|Bullet Punch|p2a: Landorus-Therian
|-damage|p2a: Landorus-Therian|0 fnt
|faint|p2a: Landorus-Therian
|
|
|switch|p2a: Tyranitar|Tyranitar, M|263\/403
|-weather|Sandstorm
|turn|27
|c|âDeleleleleWHOOOP|incoming fire blast
|c|âDeleleleleWHOOOP|hope it survives
|c|âDeleleleleWHOOOP|aaaaaaand fire blast hits.
|c|âLord Qwilfish|fire blast must hit
|c|âLord Qwilfish|and kill
|
|move|p1a: Scizor|Bullet Punch|p2a: Tyranitar
|-supereffective|p2a: Tyranitar
|-damage|p2a: Tyranitar|137\/403
|move|p2a: Tyranitar|Fire Blast|p1a: Scizor
|-supereffective|p1a: Scizor
|-damage|p1a: Scizor|0 fnt
|faint|p1a: Scizor
|
|win|DeleleleleWHOOOP
|raw|Ladder updating...
|raw|Lord Qwilfish's rating: 1320 &rarr; <strong>1303<\/strong><br \/>(-17 for losing)
|raw|DeleleleleWHOOOP's rating: 1368 &rarr; <strong>1385<\/strong><br \/>(+17 for winning)
|c|âDeleleleleWHOOOP|there.
|c|âDeleleleleWHOOOP|gg.