|join|Lord Qwilfish
|join|ArchPhantom
|join|name lol
|player|p1|Lord Qwilfish|1
|player|p2|ArchPhantom|222
|gametype|singles
|gen|6
|tier|OU
|clearpoke
|poke|p1|Pinsir, M
|poke|p1|Hippowdon, F
|poke|p1|Latios, M
|poke|p1|Rotom-Wash
|poke|p1|Keldeo
|poke|p1|Clefable, M
|poke|p2|Keldeo-Resolute
|poke|p2|Diancie
|poke|p2|Latias, F
|poke|p2|Landorus-Therian, M
|poke|p2|Volcarona, M
|poke|p2|Ferrothorn, F
|rule|Swagger Clause: Swagger is banned
|rule|Baton Pass Clause: Limit one PokÃ©mon knowing Baton Pass
|rule|Sleep Clause Mod: Limit one foe put to sleep
|rule|Species Clause: Limit one of each PokÃ©mon
|rule|OHKO Clause: OHKO moves are banned
|rule|Moody Clause: Moody is banned
|rule|Evasion Moves Clause: Evasion moves are banned
|rule|Endless Battle Clause: Forcing endless battles is banned
|rule|HP Percentage Mod: HP is shown in percentages
|teampreview
|c|âArchPhantom|gl
|leave|name lol
|join|BIG ARBOCK
|c|âLord Qwilfish|u2
|join|Face-ur-doom
|join|spidermonkey368
|join|Hendon't
|join|Albacore
|join|Kasher
|join|Feenstaub
|
|start
|switch|p1a: Clefable|Clefable, M|394\/394
|switch|p2a: Diancie|Diancie|241\/241
|turn|1
|join|Aelia07
|leave|Feenstaub
|join|Low Ladder Woes
|
|detailschange|p2a: Diancie|Diancie-Mega
|-mega|p2a: Diancie|Diancie|Diancite
|move|p2a: Diancie|Diamond Storm|p1a: Clefable
|-damage|p1a: Clefable|183\/394
|move|p1a: Clefable|Moonblast|p2a: Diancie
|-damage|p2a: Diancie|129\/241
|
|-heal|p1a: Clefable|207\/394|[from] item: Leftovers
|turn|2
|c|+Albacore|arch what do you actually have for clefable
|
|switch|p1a: Hippowdon|Hippowdon, F|385\/385
|-weather|Sandstorm
|move|p2a: Diancie|Diamond Storm|p1a: Hippowdon
|-resisted|p1a: Hippowdon
|-damage|p1a: Hippowdon|326\/385
|
|-weather|Sandstorm|[upkeep]
|-heal|p1a: Hippowdon|350\/385|[from] item: Leftovers
|turn|3
|c|âArchPhantom|volc
|c|+Albacore|eh i guess
|join|Panda Problems
|join|Aegislashed
|
|move|p2a: Diancie|Protect|p2a: Diancie
|-singleturn|p2a: Diancie|Protect
|move|p1a: Hippowdon|Stealth Rock|p2a: Diancie
|move|p2a: Diancie|Stealth Rock|p1a: Hippowdon|[from]Magic Bounce
|-sidestart|p1: Lord Qwilfish|move: Stealth Rock
|
|-weather|Sandstorm|[upkeep]
|-heal|p1a: Hippowdon|374\/385|[from] item: Leftovers
|turn|4
|c|+Albacore|unaware still exists though
|c|âLord Qwilfish|well
|leave|Panda Problems
|c|âArchPhantom|True
|
|switch|p2a: Keldeo-Resolute|Keldeo-Resolute|323\/323
|move|p1a: Hippowdon|Stealth Rock|p2a: Keldeo-Resolute
|-sidestart|p2: ArchPhantom|move: Stealth Rock
|
|-weather|Sandstorm|[upkeep]
|-damage|p2a: Keldeo-Resolute|303\/323|[from] sandstorm
|-heal|p1a: Hippowdon|385\/385|[from] item: Leftovers
|turn|5
|c| Aegislashed|Albacore
|c| Aegislashed|to be fair, you cant win 100% of the time
|
|switch|p1a: Rotom-Wash|Rotom-Wash|303\/303
|-damage|p1a: Rotom-Wash|266\/303|[from] Stealth Rock
|move|p2a: Keldeo-Resolute|Secret Sword|p1a: Rotom-Wash
|-damage|p1a: Rotom-Wash|98\/303
|
|-weather|Sandstorm|[upkeep]
|-damage|p2a: Keldeo-Resolute|283\/323|[from] sandstorm
|-damage|p1a: Rotom-Wash|80\/303|[from] sandstorm
|-heal|p1a: Rotom-Wash|98\/303|[from] item: Leftovers
|turn|6
|join|Costa
|c| Aegislashed|so being unprepared for one version of one mon isnt the worst deficit ever.
|
|switch|p1a: Clefable|Clefable, M|207\/394
|move|p2a: Keldeo-Resolute|Secret Sword|p1a: Clefable
|-resisted|p1a: Clefable
|-damage|p1a: Clefable|69\/394
|
|-weather|none
|-heal|p1a: Clefable|93\/394|[from] item: Leftovers
|turn|7
|c|âArchPhantom|Specs Deo
|c|âArchPhantom|too gud
|c|âLord Qwilfish|yh
|join|poek69x
|
|move|p2a: Keldeo-Resolute|Secret Sword|p1a: Clefable
|-resisted|p1a: Clefable
|-damage|p1a: Clefable|0 fnt
|faint|p1a: Clefable
|
|c|âLord Qwilfish|should stop making dumb plays
|
|switch|p1a: Latios|Latios, M|301\/301
|-damage|p1a: Latios|264\/301|[from] Stealth Rock
|turn|8
|leave|poek69x
|
|switch|p2a: Ferrothorn|Ferrothorn, F|352\/352
|-damage|p2a: Ferrothorn|330\/352|[from] Stealth Rock
|move|p1a: Latios|Psyshock|p2a: Ferrothorn
|-resisted|p2a: Ferrothorn
|-damage|p2a: Ferrothorn|268\/352
|-damage|p1a: Latios|234\/301|[from] item: Life Orb
|
|-heal|p2a: Ferrothorn|290\/352|[from] item: Leftovers
|turn|9
|join|Exlimz0r
|
|switch|p2a: Keldeo-Resolute|Keldeo-Resolute|283\/323
|-damage|p2a: Keldeo-Resolute|263\/323|[from] Stealth Rock
|move|p1a: Latios|Psyshock|p2a: Keldeo-Resolute
|-crit|p2a: Keldeo-Resolute
|-supereffective|p2a: Keldeo-Resolute
|-damage|p2a: Keldeo-Resolute|0 fnt
|-damage|p1a: Latios|204\/301|[from] item: Life Orb
|faint|p2a: Keldeo-Resolute
|
|leave|Exlimz0r
|c| Aegislashed|HP Fire denied.
|c|âArchPhantom|ah
|
|switch|p2a: Ferrothorn|Ferrothorn, F|290\/352
|-damage|p2a: Ferrothorn|268\/352|[from] Stealth Rock
|turn|10
|
|move|p1a: Latios|Psyshock|p2a: Ferrothorn
|-crit|p2a: Ferrothorn
|-resisted|p2a: Ferrothorn
|-damage|p2a: Ferrothorn|178\/352
|-damage|p1a: Latios|174\/301|[from] item: Life Orb
|move|p2a: Ferrothorn|Power Whip|p1a: Latios
|-resisted|p1a: Latios
|-damage|p1a: Latios|100\/301
|
|-heal|p2a: Ferrothorn|200\/352|[from] item: Leftovers
|turn|11
|c|âLord Qwilfish|ojnub
|
|move|p1a: Latios|Hidden Power|p2a: Ferrothorn
|-supereffective|p2a: Ferrothorn
|-damage|p2a: Ferrothorn|0 fnt
|-damage|p1a: Latios|70\/301|[from] item: Life Orb
|faint|p2a: Ferrothorn
|
|leave|spidermonkey368
|
|switch|p2a: Diancie|Diancie-Mega|129\/241
|-damage|p2a: Diancie|99\/241|[from] Stealth Rock
|turn|12
|join|time to test more
|
|switch|p1a: Hippowdon|Hippowdon, F|385\/385
|-damage|p1a: Hippowdon|361\/385|[from] Stealth Rock
|-weather|Sandstorm
|move|p2a: Diancie|Moonblast|p1a: Hippowdon
|-damage|p1a: Hippowdon|159\/385
|
|-weather|Sandstorm|[upkeep]
|-heal|p1a: Hippowdon|183\/385|[from] item: Leftovers
|turn|13
|c|âArchPhantom|lgi Max rolls
|c| Aegislashed|Does diancie just sweep here?
|c|âLord Qwilfish|yeah
|
|move|p2a: Diancie|Moonblast|p1a: Hippowdon
|-crit|p1a: Hippowdon
|-damage|p1a: Hippowdon|0 fnt
|faint|p1a: Hippowdon
|
|-weather|Sandstorm|[upkeep]
|c|âArchPhantom|Niczhe
|
|switch|p1a: Keldeo|Keldeo|323\/323
|-damage|p1a: Keldeo|303\/323|[from] Stealth Rock
|turn|14
|c|âLord Qwilfish|scarfd
|
|switch|p2a: Latias|Latias, F|319\/319
|-damage|p2a: Latias|280\/319|[from] Stealth Rock
|move|p1a: Keldeo|Icy Wind|p2a: Latias
|-supereffective|p2a: Latias
|-damage|p2a: Latias|122\/319
|-unboost|p2a: Latias|spe|1
|
|-weather|Sandstorm|[upkeep]
|-damage|p1a: Keldeo|283\/323|[from] sandstorm
|-damage|p2a: Latias|103\/319|[from] sandstorm
|turn|15
|c|âArchPhantom|Oh man
|
|move|p1a: Keldeo|Icy Wind|p2a: Latias
|-supereffective|p2a: Latias
|-damage|p2a: Latias|0 fnt
|faint|p2a: Latias
|
|-weather|Sandstorm|[upkeep]
|-damage|p1a: Keldeo|263\/323|[from] sandstorm
|c| Aegislashed|Qwilfish has only 1-2 checks for Diancie left
|
|switch|p2a: Diancie|Diancie-Mega|99\/241
|-damage|p2a: Diancie|69\/241|[from] Stealth Rock
|turn|16
|c|âArchPhantom|I got psyched out twice
|c|âArchPhantom|plz win diancie
|c| Aegislashed|Keldeo for sure, but perhaps Rotom-W depending on its EVs
|
|switch|p1a: Rotom-Wash|Rotom-Wash|98\/303
|-damage|p1a: Rotom-Wash|61\/303|[from] Stealth Rock
|move|p2a: Diancie|Moonblast|p1a: Rotom-Wash
|-damage|p1a: Rotom-Wash|0 fnt
|faint|p1a: Rotom-Wash
|
|-weather|none
|
|switch|p1a: Keldeo|Keldeo|263\/323
|-damage|p1a: Keldeo|243\/323|[from] Stealth Rock
|turn|17
|c| Aegislashed|Oh. it was low.
|c| Aegislashed|nvm
|c|âLord Qwilfish|still scarf
|
|move|p2a: Diancie|Moonblast|p1a: Keldeo
|-supereffective|p1a: Keldeo
|-damage|p1a: Keldeo|0 fnt
|faint|p1a: Keldeo
|
|c|âLord Qwilfish|ok nvm
|c|âArchPhantom|Lol
|join|ryzed
|c|âLord Qwilfish|252 Atk Aerilate Mega Pinsir Quick Attack vs. 0 HP \/ 0 Def Diancie: 34-41 (14.1 - 17%) -- possible 6HKO
|c| Aegislashed|Diancie is tearing it up
|c|âLord Qwilfish|crit pls
|
|switch|p1a: Pinsir|Pinsir, M|271\/271
|-damage|p1a: Pinsir|204\/271|[from] Stealth Rock
|turn|18
|c|âArchPhantom|Oh lati doesn't outspeed
|c|âArchPhantom|hp farr
|c|âArchPhantom|ahh
|c|âLord Qwilfish|yea
|c|âArchPhantom|Speed tie *
|c|âLord Qwilfish|!data Diamand Storm
No Pokemon, item, move, ability or nature named 'Diamand Storm' was found. Showing the data of 'Diamond Storm' instead.
|c|~|\/data-move Diamond Storm

|c|âLord Qwilfish|could hope for a miss
|
|detailschange|p1a: Pinsir|Pinsir-Mega, M
|-mega|p1a: Pinsir|Pinsir|Pinsirite
|move|p1a: Pinsir|Quick Attack|p2a: Diancie
|-resisted|p2a: Diancie
|-damage|p2a: Diancie|21\/241
|move|p2a: Diancie|Diamond Storm|p1a: Pinsir
|-supereffective|p1a: Pinsir
|-damage|p1a: Pinsir|0 fnt
|-boost|p2a: Diancie|def|1
|faint|p1a: Pinsir
|
|c| Aegislashed|Diancie\/Lati@s\/M-metagross all speed tie
|c|âArchPhantom|phew, gg
|c| Aegislashed|technically
|c|âLord Qwilfish|k gg
|c| Aegislashed|Latios isnt screwed yet
|
|switch|p1a: Latios|Latios, M|70\/301
|-damage|p1a: Latios|33\/301|[from] Stealth Rock
|turn|19
|c| Aegislashed|It just needs to pull of miracles
|
|move|p2a: Diancie|Moonblast|p1a: Latios
|-crit|p1a: Latios
|-supereffective|p1a: Latios
|-damage|p1a: Latios|0 fnt
|faint|p1a: Latios
|
|win|ArchPhantom
|c| Aegislashed|Like....Win speed tiw here