|join|Terror Muk
|join|ShinMarko
|player|p1|Terror Muk|52
|player|p2|ShinMarko|290
|gametype|singles
|gen|6
|tier|OU
|rated
|clearpoke
|poke|p1|Diggersby, M
|poke|p1|Kyurem-Black, shiny
|poke|p1|Magnezone
|poke|p1|Talonflame, F
|poke|p1|Pinsir, M
|poke|p1|Thundurus, M
|poke|p2|Scizor, M
|poke|p2|Heatran, M
|poke|p2|Landorus-Therian, M
|poke|p2|Kyurem-Black
|poke|p2|Keldeo-Resolute
|poke|p2|Slowbro, F
|rule|Swagger Clause: Swagger is banned
|rule|Baton Pass Clause: Limit one PokÃ©mon knowing Baton Pass
|rule|Sleep Clause Mod: Limit one foe put to sleep
|rule|Species Clause: Limit one of each PokÃ©mon
|rule|OHKO Clause: OHKO moves are banned
|rule|Moody Clause: Moody is banned
|rule|Evasion Moves Clause: Evasion moves are banned
|rule|Endless Battle Clause: Forcing endless battles is banned
|rule|HP Percentage Mod: HP is shown in percentages
|teampreview
|join|L0NE
|join|Titanium92
|join|My Final Bullet
|join|Silver97
|
|start
|switch|p1a: Thundurus|Thundurus, M|300\/300
|switch|p2a: Heatran|Heatran, M|386\/386
|turn|1
|leave|My Final Bullet
|
|move|p1a: Thundurus|Volt Switch|p2a: Heatran
|-damage|p2a: Heatran|290\/386
|leave|Silver97
|
|switch|p1a: Diggersby|Diggersby, M|311\/311
|move|p2a: Heatran|Stealth Rock|p1a: Diggersby
|-sidestart|p1: Terror Muk|move: Stealth Rock
|
|-heal|p2a: Heatran|314\/386|[from] item: Leftovers
|turn|2
|leave|L0NE
|
|move|p2a: Heatran|Protect|p2a: Heatran
|-singleturn|p2a: Heatran|Protect
|move|p1a: Diggersby|U-turn|p2a: Heatran
|-activate|p2a: Heatran|Protect
|
|-heal|p2a: Heatran|338\/386|[from] item: Leftovers
|turn|3
|c|âTerror Muk|bene scouta pure
|
|switch|p2a: Slowbro|Slowbro, F|394\/394
|move|p1a: Diggersby|U-turn|p2a: Slowbro
|-supereffective|p2a: Slowbro
|-damage|p2a: Slowbro|260\/394
|
|switch|p1a: Magnezone|Magnezone|310\/310
|-damage|p1a: Magnezone|291\/310|[from] Stealth Rock
|
|-heal|p2a: Slowbro|284\/394|[from] item: Leftovers
|turn|4
|
|switch|p2a: Landorus-Therian|Landorus-Therian, M|330\/330
|-ability|p2a: Landorus-Therian|Intimidate|[of] p1a: Magnezone
|-unboost|p1a: Magnezone|atk|1
|move|p1a: Magnezone|Flash Cannon|p2a: Landorus-Therian
|-crit|p2a: Landorus-Therian
|-damage|p2a: Landorus-Therian|0 fnt
|-damage|p1a: Magnezone|260\/310|[from] item: Life Orb
|faint|p2a: Landorus-Therian
|
|
|switch|p2a: Keldeo-Resolute|Keldeo-Resolute|322\/322
|turn|5
|
|switch|p1a: Thundurus|Thundurus, M|300\/300
|-damage|p1a: Thundurus|225\/300|[from] Stealth Rock
|move|p2a: Keldeo-Resolute|Hydro Pump|p1a: Thundurus|[miss]
|-miss|p2a: Keldeo-Resolute|p1a: Thundurus
|
|turn|6
|
|switch|p2a: Heatran|Heatran, M|338\/386
|move|p1a: Thundurus|Volt Switch|p2a: Heatran
|-damage|p2a: Heatran|239\/386
|
|switch|p1a: Diggersby|Diggersby, M|311\/311
|-damage|p1a: Diggersby|292\/311|[from] Stealth Rock
|
|-heal|p2a: Heatran|263\/386|[from] item: Leftovers
|turn|7
|
|move|p2a: Heatran|Protect|p2a: Heatran
|-singleturn|p2a: Heatran|Protect
|move|p1a: Diggersby|Earthquake|p2a: Heatran
|-activate|p2a: Heatran|Protect
|
|-heal|p2a: Heatran|287\/386|[from] item: Leftovers
|turn|8
|
|switch|p2a: Slowbro|Slowbro, F|394\/394
|move|p1a: Diggersby|Earthquake|p2a: Slowbro
|-damage|p2a: Slowbro|246\/394
|
|-heal|p2a: Slowbro|270\/394|[from] item: Leftovers
|turn|9
|
|switch|p1a: Magnezone|Magnezone|260\/310
|-damage|p1a: Magnezone|241\/310|[from] Stealth Rock
|move|p2a: Slowbro|Scald|p1a: Magnezone
|-damage|p1a: Magnezone|144\/310
|
|-heal|p2a: Slowbro|294\/394|[from] item: Leftovers
|turn|10
|
|switch|p2a: Heatran|Heatran, M|287\/386
|move|p1a: Magnezone|Thunderbolt|p2a: Heatran
|-damage|p2a: Heatran|131\/386
|-damage|p1a: Magnezone|113\/310|[from] item: Life Orb
|
|-heal|p2a: Heatran|155\/386|[from] item: Leftovers
|turn|11
|
|switch|p1a: Kyurem-Black|Kyurem-Black, shiny|391\/391
|-damage|p1a: Kyurem-Black|294\/391|[from] Stealth Rock
|-ability|p1a: Kyurem-Black|Teravolt
|move|p2a: Heatran|Protect|p2a: Heatran
|-fail|p2a: Heatran
|
|-heal|p2a: Heatran|179\/386|[from] item: Leftovers
|turn|12
|
|move|p2a: Heatran|Protect|p2a: Heatran
|-singleturn|p2a: Heatran|Protect
|move|p1a: Kyurem-Black|Earth Power|p2a: Heatran
|-activate|p2a: Heatran|Protect
|
|-heal|p2a: Heatran|203\/386|[from] item: Leftovers
|turn|13
|
|switch|p2a: Scizor|Scizor, M|344\/344
|move|p1a: Kyurem-Black|Earth Power|p2a: Scizor
|-damage|p2a: Scizor|216\/344
|
|turn|14
|
|switch|p1a: Magnezone|Magnezone|113\/310
|-damage|p1a: Magnezone|94\/310|[from] Stealth Rock
|detailschange|p2a: Scizor|Scizor-Mega, M
|message|Scizor has Mega Evolved into Mega Scizor!
|move|p2a: Scizor|Superpower|p1a: Magnezone
|-supereffective|p1a: Magnezone
|-damage|p1a: Magnezone|0 fnt
|-unboost|p2a: Scizor|atk|1
|-unboost|p2a: Scizor|def|1
|faint|p1a: Magnezone
|
|
|switch|p1a: Pinsir|Pinsir, M|271\/271
|-damage|p1a: Pinsir|204\/271|[from] Stealth Rock
|turn|15
|
|detailschange|p1a: Pinsir|Pinsir-Mega, M
|message|Pinsir has Mega Evolved into Mega Pinsir!
|move|p1a: Pinsir|Swords Dance|p1a: Pinsir
|-boost|p1a: Pinsir|atk|2
|move|p2a: Scizor|Roost|p2a: Scizor
|-heal|p2a: Scizor|344\/344
|
|turn|16
|
|switch|p2a: Slowbro|Slowbro, F|394\/394
|move|p1a: Pinsir|Frustration|p2a: Slowbro
|-damage|p2a: Slowbro|33\/394
|
|-heal|p2a: Slowbro|57\/394|[from] item: Leftovers
|turn|17
|
|move|p1a: Pinsir|Frustration|p2a: Slowbro
|-damage|p2a: Slowbro|0 fnt
|faint|p2a: Slowbro
|
|join|scattyXD
|
|switch|p2a: Scizor|Scizor-Mega, M|344\/344
|turn|18
|
|move|p2a: Scizor|Bullet Punch|p1a: Pinsir
|-damage|p1a: Pinsir|83\/271
|move|p1a: Pinsir|Frustration|p2a: Scizor
|-damage|p2a: Scizor|0 fnt
|faint|p2a: Scizor
|
|c| scattyXD|lol
|c| scattyXD|GEEGEE
|
|switch|p2a: Heatran|Heatran, M|203\/386
|turn|19
|
|move|p1a: Pinsir|Close Combat|p2a: Heatran
|-supereffective|p2a: Heatran
|-damage|p2a: Heatran|0 fnt
|-unboost|p1a: Pinsir|def|1
|-unboost|p1a: Pinsir|spd|1
|faint|p2a: Heatran
|
|-message|ShinMarko forfeited.
|
|win|Terror Muk
|raw|Ladder updating...
|leave|ShinMarko
|player|p2
|raw|Terror Muk's rating: 1579 &rarr; <strong>1597<\/strong><br \/>(+18 for winning)
|raw|ShinMarko's rating: 1545 &rarr; <strong>1527<\/strong><br \/>(-18 for losing)
|leave|Titanium92
|c|âTerror Muk|ma mi dan pochissimi punti
|c|âTerror Muk|porcodio
|c|âTerror Muk|piu lo aro piu mi dan meno
|leave|Terror Muk
|player|p1