|join|Guesst_50790
|join|ShinMarko
|player|p1|Guesst_50790|162
|player|p2|ShinMarko|290
|gametype|singles
|gen|6
|tier|OU
|rated
|clearpoke
|poke|p1|Landorus-Therian, M
|poke|p1|Rotom-Wash, shiny
|poke|p1|Medicham, F
|poke|p1|Heatran, M
|poke|p1|Gengar, M
|poke|p1|Keldeo-Resolute
|poke|p2|Breloom, M
|poke|p2|Mew
|poke|p2|Landorus-Therian, M
|poke|p2|Clefable, F
|poke|p2|Manectric, M
|poke|p2|Talonflame, F
|rule|Swagger Clause: Swagger is banned
|rule|Baton Pass Clause: Limit one PokÃ©mon knowing Baton Pass
|rule|Sleep Clause Mod: Limit one foe put to sleep
|rule|Species Clause: Limit one of each PokÃ©mon
|rule|OHKO Clause: OHKO moves are banned
|rule|Moody Clause: Moody is banned
|rule|Evasion Moves Clause: Evasion moves are banned
|rule|Endless Battle Clause: Forcing endless battles is banned
|rule|HP Percentage Mod: HP is shown in percentages
|teampreview
|
|start
|switch|p1a: Medicham|Medicham, F|261\/261
|switch|p2a: Manectric|Manectric, M|281\/281
|turn|1
|
|detailschange|p2a: Manectric|Manectric-Mega, M
|message|Manectric has Mega Evolved into Mega Manectric!
|-ability|p2a: Manectric|Intimidate|[of] p1a: Medicham
|-unboost|p1a: Medicham|atk|1
|detailschange|p1a: Medicham|Medicham-Mega, F
|message|Medicham has Mega Evolved into Mega Medicham!
|move|p1a: Medicham|Fake Out|p2a: Manectric
|-damage|p2a: Manectric|213\/281
|cant|p2a: Manectric|flinch
|
|turn|2
|
|move|p2a: Manectric|Volt Switch|p1a: Medicham
|-damage|p1a: Medicham|105\/261
|
|switch|p2a: Clefable|Clefable, F|394\/394
|move|p1a: Medicham|Zen Headbutt|p2a: Clefable
|-damage|p2a: Clefable|246\/394
|
|-heal|p2a: Clefable|270\/394|[from] item: Leftovers
|turn|3
|
|switch|p1a: Heatran|Heatran, M|323\/323
|-item|p1a: Heatran|Air Balloon
|move|p2a: Clefable|Soft-Boiled|p2a: Clefable
|-heal|p2a: Clefable|394\/394
|
|turn|4
|
|switch|p2a: Landorus-Therian|Landorus-Therian, M|382\/382
|-ability|p2a: Landorus-Therian|Intimidate|[of] p1a: Heatran
|-unboost|p1a: Heatran|atk|1
|move|p1a: Heatran|Stealth Rock|p2a: Landorus-Therian
|-sidestart|p2: ShinMarko|move: Stealth Rock
|
|turn|5
|
|move|p1a: Heatran|Lava Plume|p2a: Landorus-Therian
|-damage|p2a: Landorus-Therian|198\/382
|move|p2a: Landorus-Therian|Stealth Rock|p1a: Heatran
|-sidestart|p1: Guesst_50790|move: Stealth Rock
|
|-heal|p2a: Landorus-Therian|221\/382|[from] item: Leftovers
|turn|6
|
|switch|p2a: Mew|Mew|404\/404
|-damage|p2a: Mew|354\/404|[from] Stealth Rock
|move|p1a: Heatran|Lava Plume|p2a: Mew
|-damage|p2a: Mew|260\/404
|-status|p2a: Mew|brn
|
|-heal|p2a: Mew|285\/404 brn|[from] item: Leftovers
|-damage|p2a: Mew|235\/404 brn|[from] brn
|turn|7
|
|move|p1a: Heatran|Lava Plume|p2a: Mew
|-damage|p2a: Mew|127\/404 brn
|move|p2a: Mew|Soft-Boiled|p2a: Mew
|-heal|p2a: Mew|329\/404 brn
|
|-heal|p2a: Mew|354\/404 brn|[from] item: Leftovers
|-damage|p2a: Mew|304\/404 brn|[from] brn
|turn|8
|
|switch|p1a: Gengar|Gengar, M|262\/262
|-damage|p1a: Gengar|230\/262|[from] Stealth Rock
|move|p2a: Mew|Knock Off|p1a: Gengar
|-supereffective|p1a: Gengar
|-damage|p1a: Gengar|110\/262
|-enditem|p1a: Gengar|Black Sludge|[from] move: Knock Off|[of] p2a: Mew
|
|-heal|p2a: Mew|329\/404 brn|[from] item: Leftovers
|-damage|p2a: Mew|279\/404 brn|[from] brn
|turn|9
|
|move|p1a: Gengar|Taunt|p2a: Mew
|-start|p2a: Mew|move: Taunt
|cant|p2a: Mew|move: Taunt|Defog
|
|-heal|p2a: Mew|304\/404 brn|[from] item: Leftovers
|-damage|p2a: Mew|254\/404 brn|[from] brn
|turn|10
|
|switch|p2a: Manectric|Manectric-Mega, M|213\/281
|-damage|p2a: Manectric|178\/281|[from] Stealth Rock
|-ability|p2a: Manectric|Intimidate|[of] p1a: Gengar
|-unboost|p1a: Gengar|atk|1
|move|p1a: Gengar|Hex|p2a: Manectric
|-damage|p2a: Manectric|30\/281
|
|turn|11
|
|switch|p1a: Rotom-Wash|Rotom-Wash, shiny|304\/304
|-damage|p1a: Rotom-Wash|266\/304|[from] Stealth Rock
|move|p2a: Manectric|Volt Switch|p1a: Rotom-Wash
|-damage|p1a: Rotom-Wash|178\/304
|
|switch|p2a: Mew|Mew|254\/404 brn
|-damage|p2a: Mew|204\/404 brn|[from] Stealth Rock
|
|-heal|p2a: Mew|229\/404 brn|[from] item: Leftovers
|-heal|p1a: Rotom-Wash|197\/304|[from] item: Leftovers
|-damage|p2a: Mew|179\/404 brn|[from] brn
|turn|12
|
|move|p2a: Mew|Defog|p1a: Rotom-Wash
|-unboost|p1a: Rotom-Wash|evasion|1
|-sideend|p1: Guesst_50790|Stealth Rock|[from] move: Defog|[of] p1a: Rotom-Wash
|-sideend|p2: ShinMarko|Stealth Rock|[from] move: Defog|[of] p2a: Mew
|move|p1a: Rotom-Wash|Volt Switch|p2a: Mew
|-damage|p2a: Mew|116\/404 brn
|
|switch|p1a: Heatran|Heatran, M|323\/323
|-item|p1a: Heatran|Air Balloon
|
|-heal|p2a: Mew|141\/404 brn|[from] item: Leftovers
|-damage|p2a: Mew|91\/404 brn|[from] brn
|turn|13
|
|move|p1a: Heatran|Stealth Rock|p2a: Mew
|-sidestart|p2: ShinMarko|move: Stealth Rock
|move|p2a: Mew|Soft-Boiled|p2a: Mew
|-heal|p2a: Mew|293\/404 brn
|
|-heal|p2a: Mew|318\/404 brn|[from] item: Leftovers
|-damage|p2a: Mew|268\/404 brn|[from] brn
|turn|14
|
|move|p1a: Heatran|Lava Plume|p2a: Mew
|-damage|p2a: Mew|174\/404 brn
|move|p2a: Mew|Defog|p1a: Heatran
|-unboost|p1a: Heatran|evasion|1
|-sideend|p2: ShinMarko|Stealth Rock|[from] move: Defog|[of] p2a: Mew
|
|-heal|p2a: Mew|199\/404 brn|[from] item: Leftovers
|-damage|p2a: Mew|149\/404 brn|[from] brn
|turn|15
|
|move|p1a: Heatran|Stealth Rock|p2a: Mew
|-sidestart|p2: ShinMarko|move: Stealth Rock
|move|p2a: Mew|Soft-Boiled|p2a: Mew
|-heal|p2a: Mew|351\/404 brn
|
|-heal|p2a: Mew|376\/404 brn|[from] item: Leftovers
|-damage|p2a: Mew|326\/404 brn|[from] brn
|turn|16
|
|move|p1a: Heatran|Earth Power|p2a: Mew
|-damage|p2a: Mew|244\/404 brn
|move|p2a: Mew|Defog|p1a: Heatran
|-unboost|p1a: Heatran|evasion|1
|-sideend|p2: ShinMarko|Stealth Rock|[from] move: Defog|[of] p2a: Mew
|
|-heal|p2a: Mew|269\/404 brn|[from] item: Leftovers
|-damage|p2a: Mew|219\/404 brn|[from] brn
|turn|17
|
|move|p1a: Heatran|Stealth Rock|p2a: Mew
|-sidestart|p2: ShinMarko|move: Stealth Rock
|move|p2a: Mew|Knock Off|p1a: Heatran
|-damage|p1a: Heatran|282\/323
|-enditem|p1a: Heatran|Air Balloon
|
|-heal|p2a: Mew|244\/404 brn|[from] item: Leftovers
|-damage|p2a: Mew|194\/404 brn|[from] brn
|turn|18
|
|move|p1a: Heatran|Lava Plume|p2a: Mew
|-damage|p2a: Mew|91\/404 brn
|move|p2a: Mew|Soft-Boiled|p2a: Mew
|-heal|p2a: Mew|293\/404 brn
|
|-heal|p2a: Mew|318\/404 brn|[from] item: Leftovers
|-damage|p2a: Mew|268\/404 brn|[from] brn
|turn|19
|
|move|p1a: Heatran|Earth Power|p2a: Mew
|-damage|p2a: Mew|193\/404 brn
|move|p2a: Mew|Defog|p1a: Heatran
|-unboost|p1a: Heatran|evasion|1
|-sideend|p2: ShinMarko|Stealth Rock|[from] move: Defog|[of] p2a: Mew
|
|-heal|p2a: Mew|218\/404 brn|[from] item: Leftovers
|-damage|p2a: Mew|168\/404 brn|[from] brn
|turn|20
|
|move|p1a: Heatran|Stealth Rock|p2a: Mew
|-sidestart|p2: ShinMarko|move: Stealth Rock
|move|p2a: Mew|Soft-Boiled|p2a: Mew
|-heal|p2a: Mew|370\/404 brn
|
|-heal|p2a: Mew|395\/404 brn|[from] item: Leftovers
|-damage|p2a: Mew|345\/404 brn|[from] brn
|turn|21
|
|move|p1a: Heatran|Earth Power|p2a: Mew
|-damage|p2a: Mew|274\/404 brn
|move|p2a: Mew|Knock Off|p1a: Heatran
|-damage|p1a: Heatran|256\/323
|
|-heal|p2a: Mew|299\/404 brn|[from] item: Leftovers
|-damage|p2a: Mew|249\/404 brn|[from] brn
|turn|22
|
|move|p1a: Heatran|Earth Power|p2a: Mew
|-crit|p2a: Mew
|-damage|p2a: Mew|137\/404 brn
|move|p2a: Mew|Defog|p1a: Heatran
|-unboost|p1a: Heatran|evasion|1
|-sideend|p2: ShinMarko|Stealth Rock|[from] move: Defog|[of] p2a: Mew
|
|-heal|p2a: Mew|162\/404 brn|[from] item: Leftovers
|-damage|p2a: Mew|112\/404 brn|[from] brn
|turn|23
|
|move|p1a: Heatran|Stealth Rock|p2a: Mew
|-sidestart|p2: ShinMarko|move: Stealth Rock
|move|p2a: Mew|Defog|p1a: Heatran
|-unboost|p1a: Heatran|evasion|1
|-sideend|p2: ShinMarko|Stealth Rock|[from] move: Defog|[of] p2a: Mew
|
|-heal|p2a: Mew|137\/404 brn|[from] item: Leftovers
|-damage|p2a: Mew|87\/404 brn|[from] brn
|turn|24
|
|move|p1a: Heatran|Stealth Rock|p2a: Mew
|-sidestart|p2: ShinMarko|move: Stealth Rock
|move|p2a: Mew|Defog|p1a: Heatran
|-unboost|p1a: Heatran|evasion|1
|-sideend|p2: ShinMarko|Stealth Rock|[from] move: Defog|[of] p2a: Mew
|
|-heal|p2a: Mew|112\/404 brn|[from] item: Leftovers
|-damage|p2a: Mew|62\/404 brn|[from] brn
|turn|25
|
|move|p1a: Heatran|Stealth Rock|p2a: Mew
|-sidestart|p2: ShinMarko|move: Stealth Rock
|move|p2a: Mew|Defog|p1a: Heatran
|-sideend|p2: ShinMarko|Stealth Rock|[from] move: Defog|[of] p2a: Mew
|
|-heal|p2a: Mew|87\/404 brn|[from] item: Leftovers
|-damage|p2a: Mew|37\/404 brn|[from] brn
|turn|26
|
|move|p1a: Heatran|Stealth Rock|p2a: Mew
|-sidestart|p2: ShinMarko|move: Stealth Rock
|move|p2a: Mew|Defog|p1a: Heatran
|-sideend|p2: ShinMarko|Stealth Rock|[from] move: Defog|[of] p2a: Mew
|
|-heal|p2a: Mew|62\/404 brn|[from] item: Leftovers
|-damage|p2a: Mew|12\/404 brn|[from] brn
|turn|27
|
|move|p1a: Heatran|Stealth Rock|p2a: Mew
|-sidestart|p2: ShinMarko|move: Stealth Rock
|move|p2a: Mew|Defog|p1a: Heatran
|-sideend|p2: ShinMarko|Stealth Rock|[from] move: Defog|[of] p2a: Mew
|
|-heal|p2a: Mew|37\/404 brn|[from] item: Leftovers
|-damage|p2a: Mew|0 fnt|[from] brn
|faint|p2a: Mew
|
|switch|p2a: Breloom|Breloom, M|262\/262
|turn|28
|
|move|p1a: Heatran|Lava Plume|p2a: Breloom
|-supereffective|p2a: Breloom
|-enditem|p2a: Breloom|Focus Sash
|-damage|p2a: Breloom|1\/262
|move|p2a: Breloom|Spore|p1a: Heatran
|-status|p1a: Heatran|slp
|
|turn|29
|
|switch|p1a: Landorus-Therian|Landorus-Therian, M|320\/320
|-ability|p1a: Landorus-Therian|Intimidate|[of] p2a: Breloom
|-unboost|p2a: Breloom|atk|1
|move|p2a: Breloom|Mach Punch|p1a: Landorus-Therian
|-resisted|p1a: Landorus-Therian
|-damage|p1a: Landorus-Therian|278\/320
|
|turn|30
|
|switch|p2a: Clefable|Clefable, F|394\/394
|move|p1a: Landorus-Therian|U-turn|p2a: Clefable
|-resisted|p2a: Clefable
|-damage|p2a: Clefable|347\/394
|
|switch|p1a: Gengar|Gengar, M|110\/262
|
|-heal|p2a: Clefable|371\/394|[from] item: Leftovers
|turn|31
|
|move|p1a: Gengar|Taunt|p2a: Clefable
|-start|p2a: Clefable|move: Taunt
|move|p2a: Clefable|Moonblast|p1a: Gengar
|-resisted|p1a: Gengar
|-damage|p1a: Gengar|41\/262
|
|-heal|p2a: Clefable|394\/394|[from] item: Leftovers
|turn|32
|
|move|p1a: Gengar|Hex|p2a: Clefable
|-damage|p2a: Clefable|273\/394
|move|p2a: Clefable|Moonblast|p1a: Gengar
|-resisted|p1a: Gengar
|-damage|p1a: Gengar|0 fnt
|faint|p1a: Gengar
|
|-heal|p2a: Clefable|297\/394|[from] item: Leftovers
|
|switch|p1a: Medicham|Medicham-Mega, F|105\/261
|turn|33
|
|move|p1a: Medicham|Fake Out|p2a: Clefable
|-damage|p2a: Clefable|218\/394
|cant|p2a: Clefable|flinch
|
|-heal|p2a: Clefable|242\/394|[from] item: Leftovers
|-end|p2a: Clefable|move: Taunt
|turn|34
|
|move|p1a: Medicham|Zen Headbutt|p2a: Clefable
|-damage|p2a: Clefable|0 fnt
|faint|p2a: Clefable
|
|
|switch|p2a: Talonflame|Talonflame, F|298\/298
|turn|35
|
|switch|p2a: Landorus-Therian|Landorus-Therian, M|221\/382
|-ability|p2a: Landorus-Therian|Intimidate|[of] p1a: Medicham
|-unboost|p1a: Medicham|atk|1
|switch|p1a: Landorus-Therian|Landorus-Therian, M|278\/320
|-ability|p1a: Landorus-Therian|Intimidate|[of] p2a: Landorus-Therian
|-unboost|p2a: Landorus-Therian|atk|1
|
|-heal|p2a: Landorus-Therian|244\/382|[from] item: Leftovers
|turn|36
|
|move|p1a: Landorus-Therian|Knock Off|p2a: Landorus-Therian
|-damage|p2a: Landorus-Therian|147\/382
|-enditem|p2a: Landorus-Therian|Leftovers|[from] move: Knock Off|[of] p1a: Landorus-Therian
|move|p2a: Landorus-Therian|U-turn|p1a: Landorus-Therian
|-resisted|p1a: Landorus-Therian
|-damage|p1a: Landorus-Therian|250\/320
|
|switch|p2a: Manectric|Manectric-Mega, M|30\/281
|-ability|p2a: Manectric|Intimidate|[of] p1a: Landorus-Therian
|-unboost|p1a: Landorus-Therian|atk|1
|
|turn|37
|
|move|p1a: Landorus-Therian|Knock Off|p2a: Manectric
|-damage|p2a: Manectric|0 fnt
|faint|p2a: Manectric
|
|-message|ShinMarko forfeited.
|
|win|Guesst_50790
|raw|Ladder updating...
|leave|ShinMarko
|player|p2
|raw|Guesst_50790's rating: 1472 &rarr; <strong>1490<\/strong><br \/>(+18 for winning)
|raw|ShinMarko's rating: 1435 &rarr; <strong>1417<\/strong><br \/>(-18 for losing)