|join|ShinMarko
|join|Bouboupatachou
|player|p1|ShinMarko|290
|player|p2|Bouboupatachou|76
|gametype|singles
|gen|6
|tier|OU
|rated
|clearpoke
|poke|p1|Landorus-Therian, M
|poke|p1|Mew
|poke|p1|Gardevoir, F
|poke|p1|Rotom-Wash
|poke|p1|Keldeo
|poke|p1|Ferrothorn, M
|poke|p2|Dragonite, F
|poke|p2|Breloom, F
|poke|p2|Porygon-Z
|poke|p2|Espeon, F
|poke|p2|Greninja, M
|poke|p2|Medicham, F
|rule|Swagger Clause: Swagger is banned
|rule|Baton Pass Clause: Limit one PokÃ©mon knowing Baton Pass
|rule|Sleep Clause Mod: Limit one foe put to sleep
|rule|Species Clause: Limit one of each PokÃ©mon
|rule|OHKO Clause: OHKO moves are banned
|rule|Moody Clause: Moody is banned
|rule|Evasion Moves Clause: Evasion moves are banned
|rule|Endless Battle Clause: Forcing endless battles is banned
|rule|HP Percentage Mod: HP is shown in percentages
|teampreview
|
|start
|switch|p1a: Landorus-Therian|Landorus-Therian, M|326\/326
|switch|p2a: Breloom|Breloom, F|262\/262
|-ability|p1a: Landorus-Therian|Intimidate|[of] p2a: Breloom
|-unboost|p2a: Breloom|atk|1
|turn|1
|
|move|p1a: Landorus-Therian|U-turn|p2a: Breloom
|-damage|p2a: Breloom|156\/262
|
|switch|p1a: Ferrothorn|Ferrothorn, M|352\/352
|move|p2a: Breloom|Rock Tomb|p1a: Ferrothorn
|-resisted|p1a: Ferrothorn
|-damage|p1a: Ferrothorn|327\/352
|-unboost|p1a: Ferrothorn|spe|1
|
|-heal|p1a: Ferrothorn|349\/352|[from] item: Leftovers
|turn|2
|
|move|p2a: Breloom|Mach Punch|p1a: Ferrothorn
|-supereffective|p1a: Ferrothorn
|-damage|p1a: Ferrothorn|239\/352
|-damage|p2a: Breloom|124\/262|[from] ability: Iron Barbs|[of] p1a: Ferrothorn
|move|p1a: Ferrothorn|Stealth Rock|p2a: Breloom
|-sidestart|p2: Bouboupatachou|move: Stealth Rock
|
|-heal|p1a: Ferrothorn|261\/352|[from] item: Leftovers
|turn|3
|
|move|p2a: Breloom|Mach Punch|p1a: Ferrothorn
|-supereffective|p1a: Ferrothorn
|-damage|p1a: Ferrothorn|145\/352
|-damage|p2a: Breloom|92\/262|[from] ability: Iron Barbs|[of] p1a: Ferrothorn
|move|p1a: Ferrothorn|Gyro Ball|p2a: Breloom
|-damage|p2a: Breloom|0 fnt
|faint|p2a: Breloom
|
|-heal|p1a: Ferrothorn|167\/352|[from] item: Leftovers
|
|switch|p2a: Medicham|Medicham, F|262\/262
|-damage|p2a: Medicham|246\/262|[from] Stealth Rock
|turn|4
|
|detailschange|p2a: Medicham|Medicham-Mega, F
|message|Medicham has Mega Evolved into Mega Medicham!
|move|p1a: Ferrothorn|Protect|p1a: Ferrothorn
|-singleturn|p1a: Ferrothorn|Protect
|move|p2a: Medicham|Ice Punch|p1a: Ferrothorn
|-activate|p1a: Ferrothorn|Protect
|
|-heal|p1a: Ferrothorn|189\/352|[from] item: Leftovers
|turn|5
|
|switch|p1a: Rotom-Wash|Rotom-Wash|303\/303
|move|p2a: Medicham|Drain Punch|p1a: Rotom-Wash
|-damage|p1a: Rotom-Wash|122\/303
|-heal|p2a: Medicham|262\/262|[from] drain|[of] p1a: Rotom-Wash
|
|-heal|p1a: Rotom-Wash|140\/303|[from] item: Leftovers
|turn|6
|
|switch|p1a: Gardevoir|Gardevoir, F|277\/277
|-ability|p1a: Gardevoir|Pure Power|[from] ability: Trace|[of] p2a: Medicham
|move|p2a: Medicham|Drain Punch|p1a: Gardevoir
|-resisted|p1a: Gardevoir
|-damage|p1a: Gardevoir|204\/277
|
|turn|7
|
|switch|p2a: Greninja|Greninja, M|286\/286
|-damage|p2a: Greninja|251\/286|[from] Stealth Rock
|detailschange|p1a: Gardevoir|Gardevoir-Mega, F
|message|Gardevoir has Mega Evolved into Mega Gardevoir!
|move|p1a: Gardevoir|Hyper Voice|p2a: Greninja
|-supereffective|p2a: Greninja
|-damage|p2a: Greninja|0 fnt
|faint|p2a: Greninja
|
|
|switch|p2a: Espeon|Espeon, F|272\/272
|-damage|p2a: Espeon|238\/272|[from] Stealth Rock
|turn|8
|
|switch|p1a: Mew|Mew|403\/403
|move|p2a: Espeon|Shadow Ball|p1a: Mew
|-crit|p1a: Mew
|-supereffective|p1a: Mew
|-damage|p1a: Mew|130\/403
|-damage|p2a: Espeon|211\/272|[from] item: Life Orb
|
|-heal|p1a: Mew|155\/403|[from] item: Leftovers
|turn|9
|
|switch|p1a: Landorus-Therian|Landorus-Therian, M|326\/326
|-ability|p1a: Landorus-Therian|Intimidate|[of] p2a: Espeon
|-unboost|p2a: Espeon|atk|1
|move|p2a: Espeon|Shadow Ball|p1a: Landorus-Therian
|-damage|p1a: Landorus-Therian|173\/326
|-damage|p2a: Espeon|184\/272|[from] item: Life Orb
|
|turn|10
|
|move|p1a: Landorus-Therian|U-turn|p2a: Espeon
|-supereffective|p2a: Espeon
|-damage|p2a: Espeon|0 fnt
|faint|p2a: Espeon
|
|switch|p1a: Ferrothorn|Ferrothorn, M|189\/352
|
|-heal|p1a: Ferrothorn|211\/352|[from] item: Leftovers
|
|switch|p2a: Medicham|Medicham-Mega, F|262\/262
|-damage|p2a: Medicham|246\/262|[from] Stealth Rock
|turn|11
|
|move|p1a: Ferrothorn|Protect|p1a: Ferrothorn
|-singleturn|p1a: Ferrothorn|Protect
|move|p2a: Medicham|Drain Punch|p1a: Ferrothorn
|-activate|p1a: Ferrothorn|Protect
|
|-heal|p1a: Ferrothorn|233\/352|[from] item: Leftovers
|turn|12
|
|move|p2a: Medicham|Ice Punch|p1a: Ferrothorn
|-damage|p1a: Ferrothorn|128\/352
|-damage|p2a: Medicham|214\/262|[from] ability: Iron Barbs|[of] p1a: Ferrothorn
|move|p1a: Ferrothorn|Leech Seed|p2a: Medicham
|-start|p2a: Medicham|move: Leech Seed
|
|-heal|p1a: Ferrothorn|150\/352|[from] item: Leftovers
|-damage|p2a: Medicham|182\/262|[from] Leech Seed|[of] p1a: Ferrothorn
|-heal|p1a: Ferrothorn|182\/352|[silent]
|turn|13
|
|move|p1a: Ferrothorn|Protect|p1a: Ferrothorn
|-singleturn|p1a: Ferrothorn|Protect
|move|p2a: Medicham|Drain Punch|p1a: Ferrothorn
|-activate|p1a: Ferrothorn|Protect
|
|-heal|p1a: Ferrothorn|204\/352|[from] item: Leftovers
|-damage|p2a: Medicham|150\/262|[from] Leech Seed|[of] p1a: Ferrothorn
|-heal|p1a: Ferrothorn|236\/352|[silent]
|turn|14
|
|switch|p1a: Rotom-Wash|Rotom-Wash|140\/303
|move|p2a: Medicham|Drain Punch|p1a: Rotom-Wash
|-damage|p1a: Rotom-Wash|0 fnt
|-heal|p2a: Medicham|220\/262|[from] drain|[of] p1a: Rotom-Wash
|faint|p1a: Rotom-Wash
|
|
|switch|p1a: Gardevoir|Gardevoir-Mega, F|204\/277
|turn|15
|
|move|p2a: Medicham|Ice Punch|p1a: Gardevoir
|-damage|p1a: Gardevoir|0 fnt
|faint|p1a: Gardevoir
|
|
|switch|p1a: Ferrothorn|Ferrothorn, M|236\/352
|turn|16
|
|move|p1a: Ferrothorn|Protect|p1a: Ferrothorn
|-singleturn|p1a: Ferrothorn|Protect
|move|p2a: Medicham|Drain Punch|p1a: Ferrothorn
|-activate|p1a: Ferrothorn|Protect
|
|-heal|p1a: Ferrothorn|258\/352|[from] item: Leftovers
|-damage|p2a: Medicham|188\/262|[from] Leech Seed|[of] p1a: Ferrothorn
|-heal|p1a: Ferrothorn|290\/352|[silent]
|turn|17
|
|move|p2a: Medicham|Drain Punch|p1a: Ferrothorn
|-supereffective|p1a: Ferrothorn
|-damage|p1a: Ferrothorn|0 fnt
|-heal|p2a: Medicham|262\/262|[from] drain|[of] p1a: Ferrothorn
|-damage|p2a: Medicham|230\/262|[from] ability: Iron Barbs|[of] p1a: Ferrothorn
|faint|p1a: Ferrothorn
|
|
|switch|p1a: Keldeo|Keldeo|323\/323
|turn|18
|
|switch|p2a: Dragonite|Dragonite, F|324\/324
|-damage|p2a: Dragonite|243\/324|[from] Stealth Rock
|move|p1a: Keldeo|Secret Sword|p2a: Dragonite
|-resisted|p2a: Dragonite
|-damage|p2a: Dragonite|123\/324
|
|-heal|p2a: Dragonite|143\/324|[from] item: Leftovers
|turn|19
|
|switch|p1a: Mew|Mew|155\/403
|move|p2a: Dragonite|Extreme Speed|p1a: Mew
|-damage|p1a: Mew|48\/403
|
|-heal|p1a: Mew|73\/403|[from] item: Leftovers
|-heal|p2a: Dragonite|163\/324|[from] item: Leftovers
|turn|20
|
|move|p2a: Dragonite|Extreme Speed|p1a: Mew
|-damage|p1a: Mew|0 fnt
|faint|p1a: Mew
|
|-heal|p2a: Dragonite|183\/324|[from] item: Leftovers
|
|switch|p1a: Landorus-Therian|Landorus-Therian, M|173\/326
|-ability|p1a: Landorus-Therian|Intimidate|[of] p2a: Dragonite
|-unboost|p2a: Dragonite|atk|1
|turn|21
|
|move|p2a: Dragonite|Extreme Speed|p1a: Landorus-Therian
|-damage|p1a: Landorus-Therian|100\/326
|move|p1a: Landorus-Therian|U-turn|p2a: Dragonite
|-resisted|p2a: Dragonite
|-damage|p2a: Dragonite|136\/324
|
|switch|p1a: Keldeo|Keldeo|323\/323
|
|-heal|p2a: Dragonite|156\/324|[from] item: Leftovers
|turn|22
|
|move|p1a: Keldeo|Scald|p2a: Dragonite
|-resisted|p2a: Dragonite
|-damage|p2a: Dragonite|51\/324
|-status|p2a: Dragonite|brn
|move|p2a: Dragonite|Dragon Claw|p1a: Keldeo
|-damage|p1a: Keldeo|262\/323
|
|-heal|p2a: Dragonite|71\/324 brn|[from] item: Leftovers
|-damage|p2a: Dragonite|31\/324 brn|[from] brn
|turn|23
|
|move|p2a: Dragonite|Extreme Speed|p1a: Keldeo
|-damage|p1a: Keldeo|222\/323
|move|p1a: Keldeo|Scald|p2a: Dragonite
|-resisted|p2a: Dragonite
|-damage|p2a: Dragonite|0 fnt
|faint|p2a: Dragonite
|
|
|switch|p2a: Porygon-Z|Porygon-Z|312\/312
|-damage|p2a: Porygon-Z|273\/312|[from] Stealth Rock
|-boost|p2a: Porygon-Z|spa|1|[from] ability: Download
|turn|24
|
|switch|p1a: Landorus-Therian|Landorus-Therian, M|100\/326
|-ability|p1a: Landorus-Therian|Intimidate|[of] p2a: Porygon-Z
|-unboost|p2a: Porygon-Z|atk|1
|move|p2a: Porygon-Z|Tri Attack|p1a: Landorus-Therian
|-damage|p1a: Landorus-Therian|0 fnt
|faint|p1a: Landorus-Therian
|
|
|switch|p1a: Keldeo|Keldeo|222\/323
|turn|25
|
|switch|p2a: Medicham|Medicham-Mega, F|230\/262
|-damage|p2a: Medicham|214\/262|[from] Stealth Rock
|move|p1a: Keldeo|Secret Sword|p2a: Medicham
|-resisted|p2a: Medicham
|-damage|p2a: Medicham|94\/262
|
|turn|26
|
|move|p2a: Medicham|Fake Out|p1a: Keldeo
|-damage|p1a: Keldeo|135\/323
|cant|p1a: Keldeo|flinch
|
|turn|27
|
|move|p1a: Keldeo|Secret Sword|p2a: Medicham
|-resisted|p2a: Medicham
|-damage|p2a: Medicham|0 fnt
|faint|p2a: Medicham
|
|
|switch|p2a: Porygon-Z|Porygon-Z|273\/312
|-damage|p2a: Porygon-Z|234\/312|[from] Stealth Rock
|-boost|p2a: Porygon-Z|spa|1|[from] ability: Download
|turn|28
|
|move|p2a: Porygon-Z|Thunderbolt|p1a: Keldeo
|-supereffective|p1a: Keldeo
|-damage|p1a: Keldeo|0 fnt
|faint|p1a: Keldeo
|
|win|Bouboupatachou
|raw|Ladder updating...
|raw|ShinMarko's rating: 1647 &rarr; <strong>1626<\/strong><br \/>(-21 for losing)
|raw|Bouboupatachou's rating: 1606 &rarr; <strong>1629<\/strong><br \/>(+23 for winning)
|c|âBouboupatachou|gg
|leave|ShinMarko
|player|p1