|join|rnd900
|join|SpacemedafighterX
|join|DragonOwl678
|player|p1|rnd900|1
|player|p2|SpacemedafighterX|273
|gametype|singles
|gen|6
|tier|OU
|clearpoke
|poke|p1|Weavile, M
|poke|p1|Talonflame, F
|poke|p1|Starmie
|poke|p1|Rotom-Wash
|poke|p1|Heatran, M
|poke|p1|Metagross
|poke|p2|Sceptile, M
|poke|p2|Arcanine, M
|poke|p2|Starmie
|poke|p2|Magnezone, shiny
|poke|p2|Weavile, M
|poke|p2|Landorus-Therian, M
|rule|Swagger Clause: Swagger is banned
|rule|Baton Pass Clause: Limit one PokÃ©mon knowing Baton Pass
|rule|Sleep Clause Mod: Limit one foe put to sleep
|rule|Species Clause: Limit one of each PokÃ©mon
|rule|OHKO Clause: OHKO moves are banned
|rule|Moody Clause: Moody is banned
|rule|Evasion Moves Clause: Evasion moves are banned
|rule|Endless Battle Clause: Forcing endless battles is banned
|rule|HP Percentage Mod: HP is shown in percentages
|teampreview
|join|Rawk Hawk
|
|start
|switch|p1a: Rotom-Wash|Rotom-Wash|304\/304
|switch|p2a: Monkey D. Luffy|Arcanine, M|384\/384
|-ability|p2a: Monkey D. Luffy|Intimidate|[of] p1a: Rotom-Wash
|-unboost|p1a: Rotom-Wash|atk|1
|turn|1
|join|chuiPDaskip
|join|iFenrear
|leave|iFenrear
|
|switch|p2a: Pirate Hunter Zoro|Sceptile, M|281\/281
|move|p1a: Rotom-Wash|Volt Switch|p2a: Pirate Hunter Zoro
|-resisted|p2a: Pirate Hunter Zoro
|-damage|p2a: Pirate Hunter Zoro|183\/281
|join|Galladanite
|leave|Galladanite
|
|switch|p1a: Weavile|Weavile, M|281\/281
|-ability|p1a: Weavile|Pressure
|
|turn|2
|
|switch|p2a: Tony Tony Chopper|Landorus-Therian, M|382\/382
|-ability|p2a: Tony Tony Chopper|Intimidate|[of] p1a: Weavile
|-unboost|p1a: Weavile|atk|1
|move|p1a: Weavile|Knock Off|p2a: Tony Tony Chopper
|-damage|p2a: Tony Tony Chopper|269\/382
|-enditem|p2a: Tony Tony Chopper|Leftovers|[from] move: Knock Off|[of] p1a: Weavile
|-damage|p1a: Weavile|253\/281|[from] item: Life Orb
|
|turn|3
|
|move|p1a: Weavile|Icicle Crash|p2a: Tony Tony Chopper
|-supereffective|p2a: Tony Tony Chopper
|-damage|p2a: Tony Tony Chopper|0 fnt
|-damage|p1a: Weavile|225\/281|[from] item: Life Orb
|faint|p2a: Tony Tony Chopper
|
|
|switch|p2a: Monkey D. Luffy|Arcanine, M|384\/384
|-ability|p2a: Monkey D. Luffy|Intimidate|[of] p1a: Weavile
|-unboost|p1a: Weavile|atk|1
|turn|4
|leave|chuiPDaskip
|
|switch|p1a: Rotom-Wash|Rotom-Wash|304\/304
|switch|p2a: Pirate Hunter Zoro|Sceptile, M|183\/281
|
|turn|5
|
|detailschange|p2a: Pirate Hunter Zoro|Sceptile-Mega, M
|-mega|p2a: Pirate Hunter Zoro|Sceptile|Sceptilite
|move|p2a: Pirate Hunter Zoro|Substitute|p2a: Pirate Hunter Zoro
|-start|p2a: Pirate Hunter Zoro|Substitute
|-damage|p2a: Pirate Hunter Zoro|113\/281
|move|p1a: Rotom-Wash|Hidden Power|p2a: Pirate Hunter Zoro
|-supereffective|p2a: Pirate Hunter Zoro
|-end|p2a: Pirate Hunter Zoro|Substitute
|
|turn|6
|
|switch|p1a: Talonflame|Talonflame, F|319\/319
|move|p2a: Pirate Hunter Zoro|Giga Drain|p1a: Talonflame
|-resisted|p1a: Talonflame
|-damage|p1a: Talonflame|265\/319
|-heal|p2a: Pirate Hunter Zoro|140\/281|[from] drain|[of] p1a: Talonflame
|
|turn|7
|
|switch|p2a: Monkey D. Luffy|Arcanine, M|384\/384
|-ability|p2a: Monkey D. Luffy|Intimidate|[of] p1a: Talonflame
|-unboost|p1a: Talonflame|atk|1
|move|p1a: Talonflame|Brave Bird|p2a: Monkey D. Luffy
|-damage|p2a: Monkey D. Luffy|245\/384
|-damage|p1a: Talonflame|219\/319|[from] recoil|[of] p2a: Monkey D. Luffy
|
|turn|8
|
|switch|p1a: Heatran|Heatran, M|324\/324
|-item|p1a: Heatran|Air Balloon
|move|p2a: Monkey D. Luffy|Crunch|p1a: Heatran
|-damage|p1a: Heatran|228\/324
|-enditem|p1a: Heatran|Air Balloon
|
|turn|9
|c| DragonOwl678|space i like that arcanine
|
|move|p1a: Heatran|Stealth Rock|p2a: Monkey D. Luffy
|-sidestart|p2: SpacemedafighterX|move: Stealth Rock
|move|p2a: Monkey D. Luffy|Close Combat|p1a: Heatran
|-supereffective|p1a: Heatran
|-damage|p1a: Heatran|0 fnt
|-unboost|p2a: Monkey D. Luffy|def|1
|-unboost|p2a: Monkey D. Luffy|spd|1
|faint|p1a: Heatran
|
|c|âSpacemedafighterX|ty
|
|switch|p1a: Weavile|Weavile, M|225\/281
|-ability|p1a: Weavile|Pressure
|turn|10
|c| DragonOwl678|whats its item
|c|âSpacemedafighterX|AV
|
|move|p2a: Monkey D. Luffy|Extreme Speed|p1a: Weavile
|-crit|p1a: Weavile
|-damage|p1a: Weavile|19\/281
|move|p1a: Weavile|Knock Off|p2a: Monkey D. Luffy
|-damage|p2a: Monkey D. Luffy|0 fnt
|-enditem|p2a: Monkey D. Luffy|Assault Vest|[from] move: Knock Off|[of] p1a: Weavile
|-damage|p1a: Weavile|0 fnt|[from] item: Life Orb
|faint|p2a: Monkey D. Luffy
|faint|p1a: Weavile
|
|c| DragonOwl678|oh thats why he survived that ep
|c|âSpacemedafighterX|yup
|
|switch|p1a: Talonflame|Talonflame, F|219\/319
|switch|p2a: Devil Child Robin|Starmie|323\/323
|-damage|p2a: Devil Child Robin|283\/323|[from] Stealth Rock
|turn|11
|
|switch|p1a: Rotom-Wash|Rotom-Wash|304\/304
|move|p2a: Devil Child Robin|Rapid Spin|p1a: Rotom-Wash
|-damage|p1a: Rotom-Wash|293\/304
|-sideend|p2: SpacemedafighterX|Stealth Rock|[from] move: Rapid Spin|[of] p2a: Devil Child Robin
|
|-heal|p2a: Devil Child Robin|303\/323|[from] item: Leftovers
|turn|12
|c|ârnd900|do you actually think that was a good play?
|c|âSpacemedafighterX|me?
|c|ârnd900|yeah
|
|move|p2a: Devil Child Robin|Reflect Type|p1a: Rotom-Wash
|-start|p2a: Devil Child Robin|typechange|[from] move: Reflect Type|[of] p1a: Rotom-Wash
|move|p1a: Rotom-Wash|Hydro Pump|p2a: Devil Child Robin
|-resisted|p2a: Devil Child Robin
|-damage|p2a: Devil Child Robin|155\/323
|
|-heal|p2a: Devil Child Robin|175\/323|[from] item: Leftovers
|turn|13
|join|Mix01
|c|âSpacemedafighterX|why not
|
|switch|p1a: Metagross|Metagross|302\/302
|move|p2a: Devil Child Robin|Recover|p2a: Devil Child Robin
|-heal|p2a: Devil Child Robin|323\/323
|
|turn|14
|c|ârnd900|why rapid spin and die?
|c| Mix01|cuz that is cool
|c|âSpacemedafighterX|could u kill me?
|c|ârnd900|..
|c| DragonOwl678|no
|-message|SpacemedafighterX lost due to inactivity.
|
|detailschange|p1a: Metagross|Metagross-Mega
|-mega|p1a: Metagross|Metagross|Metagrossite
|move|p2a: Devil Child Robin|Scald|p1a: Metagross
|-damage|p1a: Metagross|217\/302
|move|p1a: Metagross|Meteor Mash|p2a: Devil Child Robin|[miss]
|-miss|p1a: Metagross|p2a: Devil Child Robin
|
|turn|15
|
|win|rnd900