|join|rnd900
|join|Macroforza
|player|p1|rnd900|266
|player|p2|Macroforza|179
|gametype|singles
|gen|6
|tier|OU
|rated
|clearpoke
|poke|p1|Lopunny, M
|poke|p1|Gliscor, M
|poke|p1|Heatran, F
|poke|p1|Latias, F
|poke|p1|Dragonite, M
|poke|p1|Azumarill, F
|poke|p2|Infernape, M
|poke|p2|Thundurus, M
|poke|p2|Azumarill, F
|poke|p2|Lopunny, M
|poke|p2|Bisharp, M
|poke|p2|Dragonite, M
|rule|Swagger Clause: Swagger is banned
|rule|Baton Pass Clause: Limit one PokÃ©mon knowing Baton Pass
|rule|Sleep Clause Mod: Limit one foe put to sleep
|rule|Species Clause: Limit one of each PokÃ©mon
|rule|OHKO Clause: OHKO moves are banned
|rule|Moody Clause: Moody is banned
|rule|Evasion Moves Clause: Evasion moves are banned
|rule|Endless Battle Clause: Forcing endless battles is banned
|rule|HP Percentage Mod: HP is shown in percentages
|teampreview
|
|start
|switch|p1a: Azumarill|Azumarill, F|401\/401
|switch|p2a: Infernape|Infernape, M|294\/294
|turn|1
|
|move|p2a: Infernape|Stealth Rock|p1a: Azumarill
|-sidestart|p1: rnd900|move: Stealth Rock
|move|p1a: Azumarill|Waterfall|p2a: Infernape
|-supereffective|p2a: Infernape
|-enditem|p2a: Infernape|Focus Sash
|-damage|p2a: Infernape|1\/294
|
|turn|2
|
|move|p1a: Azumarill|Aqua Jet|p2a: Infernape
|-crit|p2a: Infernape
|-supereffective|p2a: Infernape
|-damage|p2a: Infernape|0 fnt
|faint|p2a: Infernape
|
|
|switch|p2a: Thundurus|Thundurus, M|299\/299
|turn|3
|
|move|p2a: Thundurus|Thunderbolt|p1a: Azumarill
|-supereffective|p1a: Azumarill
|-damage|p1a: Azumarill|94\/401
|-damage|p2a: Thundurus|270\/299|[from] item: Life Orb
|move|p1a: Azumarill|Waterfall|p2a: Thundurus
|-damage|p2a: Thundurus|29\/299
|
|turn|4
|
|move|p2a: Thundurus|Thunder Wave|p1a: Azumarill
|-status|p1a: Azumarill|par
|move|p1a: Azumarill|Aqua Jet|p2a: Thundurus
|-damage|p2a: Thundurus|0 fnt
|faint|p2a: Thundurus
|
|
|switch|p2a: Lopunny|Lopunny, M|272\/272
|turn|5
|
|switch|p1a: Gliscor|Gliscor, M|352\/352
|-damage|p1a: Gliscor|308\/352|[from] Stealth Rock
|detailschange|p2a: Lopunny|Lopunny-Mega, M
|-mega|p2a: Lopunny|Lopunny|Lopunnite
|move|p2a: Lopunny|Substitute|p2a: Lopunny
|-start|p2a: Lopunny|Substitute
|-damage|p2a: Lopunny|204\/272
|
|-status|p1a: Gliscor|tox|[from] item: Toxic Orb
|turn|6
|
|move|p2a: Lopunny|Power-Up Punch|p1a: Gliscor
|-resisted|p1a: Gliscor
|-damage|p1a: Gliscor|278\/352 tox
|-boost|p2a: Lopunny|atk|1
|move|p1a: Gliscor|Earthquake|p2a: Lopunny
|-end|p2a: Lopunny|Substitute
|
|-heal|p1a: Gliscor|322\/352 tox|[from] ability: Poison Heal
|turn|7
|
|move|p2a: Lopunny|Frustration|p1a: Gliscor
|-damage|p1a: Gliscor|79\/352 tox
|move|p1a: Gliscor|Earthquake|p2a: Lopunny
|-damage|p2a: Lopunny|86\/272
|
|-heal|p1a: Gliscor|123\/352 tox|[from] ability: Poison Heal
|turn|8
|
|move|p2a: Lopunny|Frustration|p1a: Gliscor
|-damage|p1a: Gliscor|0 fnt
|faint|p1a: Gliscor
|
|
|switch|p1a: Azumarill|Azumarill, F|94\/401 par
|-damage|p1a: Azumarill|44\/401 par|[from] Stealth Rock
|turn|9
|
|cant|p1a: Azumarill|par
|move|p2a: Lopunny|Power-Up Punch|p1a: Azumarill
|-crit|p1a: Azumarill
|-resisted|p1a: Azumarill
|-damage|p1a: Azumarill|0 fnt
|-boost|p2a: Lopunny|atk|1
|faint|p1a: Azumarill
|
|
|switch|p1a: Arceus Jr.|Dragonite, M|323\/323
|-damage|p1a: Arceus Jr.|243\/323|[from] Stealth Rock
|turn|10
|
|move|p1a: Arceus Jr.|Extreme Speed|p2a: Lopunny
|-damage|p2a: Lopunny|0 fnt
|faint|p2a: Lopunny
|
|
|switch|p2a: Bisharp|Bisharp, M|272\/272
|turn|11
|
|switch|p1a: Heatran|Heatran, F|324\/324
|-damage|p1a: Heatran|284\/324|[from] Stealth Rock
|-item|p1a: Heatran|Air Balloon
|move|p2a: Bisharp|Knock Off|p1a: Heatran
|-damage|p1a: Heatran|58\/324
|-enditem|p1a: Heatran|Air Balloon
|-damage|p2a: Bisharp|245\/272|[from] item: Life Orb
|
|turn|12
|
|move|p1a: Heatran|Stealth Rock|p2a: Bisharp
|-sidestart|p2: Macroforza|move: Stealth Rock
|move|p2a: Bisharp|Knock Off|p1a: Heatran
|-damage|p1a: Heatran|0 fnt
|-damage|p2a: Bisharp|218\/272|[from] item: Life Orb
|faint|p1a: Heatran
|
|
|switch|p1a: Lopunny|Lopunny, M|272\/272
|-damage|p1a: Lopunny|238\/272|[from] Stealth Rock
|turn|13
|
|detailschange|p1a: Lopunny|Lopunny-Mega, M
|-mega|p1a: Lopunny|Lopunny|Lopunnite
|move|p2a: Bisharp|Sucker Punch|p1a: Lopunny
|-resisted|p1a: Lopunny
|-damage|p1a: Lopunny|137\/272
|-damage|p2a: Bisharp|191\/272|[from] item: Life Orb
|move|p1a: Lopunny|Drain Punch|p2a: Bisharp
|-supereffective|p2a: Bisharp
|-damage|p2a: Bisharp|0 fnt
|-heal|p1a: Lopunny|233\/272|[from] drain|[of] p2a: Bisharp
|faint|p2a: Bisharp
|
|
|switch|p2a: Azumarill|Azumarill, F|358\/358
|-damage|p2a: Azumarill|314\/358|[from] Stealth Rock
|turn|14
|
|move|p1a: Lopunny|Return|p2a: Azumarill
|-damage|p2a: Azumarill|112\/358
|-enditem|p2a: Azumarill|Sitrus Berry|[eat]
|-heal|p2a: Azumarill|201\/358|[from] item: Sitrus Berry
|move|p2a: Azumarill|Play Rough|p1a: Lopunny
|-supereffective|p1a: Lopunny
|-damage|p1a: Lopunny|0 fnt
|faint|p1a: Lopunny
|
|
|switch|p1a: Arceus Jr.|Dragonite, M|243\/323
|-damage|p1a: Arceus Jr.|163\/323|[from] Stealth Rock
|turn|15
|
|switch|p2a: Dragonite|Dragonite, M|324\/324
|-damage|p2a: Dragonite|243\/324|[from] Stealth Rock
|move|p1a: Arceus Jr.|Extreme Speed|p2a: Dragonite
|-damage|p2a: Dragonite|73\/324
|
|turn|16
|
|move|p1a: Arceus Jr.|Extreme Speed|p2a: Dragonite
|-damage|p2a: Dragonite|0 fnt
|faint|p2a: Dragonite
|
|
|switch|p2a: Azumarill|Azumarill, F|201\/358
|-damage|p2a: Azumarill|157\/358|[from] Stealth Rock
|turn|17
|
|move|p1a: Arceus Jr.|Extreme Speed|p2a: Azumarill
|-damage|p2a: Azumarill|0 fnt
|faint|p2a: Azumarill
|
|win|rnd900
|raw|Ladder updating...
|raw|rnd900's rating: 1706 &rarr; <strong>1726<\/strong><br \/>(+20 for winning)
|raw|Macroforza's rating: 1708 &rarr; <strong>1688<\/strong><br \/>(-20 for losing)
|leave|Macroforza