|join|rnd900
|join|Scary Midget
|player|p1|rnd900|169
|player|p2|Scary Midget|184
|gametype|singles
|gen|6
|tier|OU
|rated
|clearpoke
|poke|p1|Lickilicky, F
|poke|p1|Skarmory, M
|poke|p1|Blissey, F
|poke|p1|Thundurus, M
|poke|p1|Torkoal, M
|poke|p1|Chesnaught, M
|poke|p2|Thundurus, M
|poke|p2|Ferrothorn, F
|poke|p2|Tyranitar, M
|poke|p2|Starmie
|poke|p2|Talonflame, F
|poke|p2|Keldeo
|rule|Swagger Clause: Swagger is banned
|rule|Baton Pass Clause: Limit one PokÃ©mon knowing Baton Pass
|rule|Sleep Clause Mod: Limit one foe put to sleep
|rule|Species Clause: Limit one of each PokÃ©mon
|rule|OHKO Clause: OHKO moves are banned
|rule|Moody Clause: Moody is banned
|rule|Evasion Moves Clause: Evasion moves are banned
|rule|Endless Battle Clause: Forcing endless battles is banned
|rule|HP Percentage Mod: HP is shown in percentages
|teampreview
|
|start
|switch|p1a: Skarmory|Skarmory, M|272\/272
|switch|p2a: Thundurus|Thundurus, M|299\/299
|turn|1
|
|move|p2a: Thundurus|U-turn|p1a: Skarmory
|-resisted|p1a: Skarmory
|-damage|p1a: Skarmory|257\/272
|
|switch|p2a: Starmie|Starmie|324\/324
|move|p1a: Skarmory|Stealth Rock|p2a: Starmie
|-sidestart|p2: Scary Midget|move: Stealth Rock
|
|turn|2
|
|move|p2a: Starmie|Rapid Spin|p1a: Skarmory
|-resisted|p1a: Skarmory
|-damage|p1a: Skarmory|253\/272
|-sideend|p2: Scary Midget|Stealth Rock|[from] move: Rapid Spin|[of] p2a: Starmie
|move|p1a: Skarmory|Swords Dance|p1a: Skarmory
|-boost|p1a: Skarmory|atk|2
|
|turn|3
|
|move|p2a: Starmie|Scald|p1a: Skarmory
|-damage|p1a: Skarmory|117\/272
|move|p1a: Skarmory|Brave Bird|p2a: Starmie
|-damage|p2a: Starmie|0 fnt
|-damage|p1a: Skarmory|10\/272|[from] recoil|[of] p2a: Starmie
|-damage|p1a: Skarmory|0 fnt|[from] item: Life Orb
|faint|p2a: Starmie
|faint|p1a: Skarmory
|
|
|switch|p2a: Darude|Tyranitar, M|387\/387
|switch|p1a: Lickilicky|Lickilicky, F|423\/423
|-weather|Sandstorm
|turn|4
|
|detailschange|p2a: Darude|Tyranitar-Mega, M
|-mega|p2a: Darude|Tyranitar|Tyranitarite
|move|p2a: Darude|Stone Edge|p1a: Lickilicky
|-damage|p1a: Lickilicky|197\/423
|move|p1a: Lickilicky|Belly Drum|p1a: Lickilicky
|-fail|p1a: Lickilicky
|
|-weather|Sandstorm|[upkeep]
|-damage|p1a: Lickilicky|171\/423|[from] sandstorm
|turn|5
|
|move|p2a: Darude|Crunch|p1a: Lickilicky
|-damage|p1a: Lickilicky|0 fnt
|faint|p1a: Lickilicky
|
|-weather|Sandstorm|[upkeep]
|
|switch|p1a: Chesnaught|Chesnaught, M|320\/320
|turn|6
|
|move|p1a: Chesnaught|Substitute|p1a: Chesnaught
|-start|p1a: Chesnaught|Substitute
|-damage|p1a: Chesnaught|240\/320
|move|p2a: Darude|Fire Punch|p1a: Chesnaught
|-supereffective|p1a: Chesnaught
|-end|p1a: Chesnaught|Substitute
|
|-weather|Sandstorm|[upkeep]
|-damage|p1a: Chesnaught|220\/320|[from] sandstorm
|turn|7
|
|switch|p2a: Talonflame|Talonflame, F|297\/297
|move|p1a: Chesnaught|Drain Punch|p2a: Talonflame
|-resisted|p2a: Talonflame
|-damage|p2a: Talonflame|218\/297
|-heal|p1a: Chesnaught|260\/320|[from] drain|[of] p2a: Talonflame
|
|-weather|Sandstorm|[upkeep]
|-damage|p2a: Talonflame|200\/297|[from] sandstorm
|-damage|p1a: Chesnaught|240\/320|[from] sandstorm
|turn|8
|
|switch|p1a: Blissey|Blissey, F|651\/651
|move|p2a: Talonflame|Swords Dance|p2a: Talonflame
|-boost|p2a: Talonflame|atk|2
|
|-weather|none
|turn|9
|
|move|p2a: Talonflame|Swords Dance|p2a: Talonflame
|-boost|p2a: Talonflame|atk|2
|move|p1a: Blissey|Thunder|p2a: Talonflame
|-supereffective|p2a: Talonflame
|-damage|p2a: Talonflame|0 fnt
|faint|p2a: Talonflame
|
|
|switch|p2a: Thundurus|Thundurus, M|299\/299
|turn|10
|
|move|p2a: Thundurus|Superpower|p1a: Blissey
|-supereffective|p1a: Blissey
|-damage|p1a: Blissey|147\/651
|-unboost|p2a: Thundurus|atk|1
|-unboost|p2a: Thundurus|def|1
|move|p1a: Blissey|Thunder|p2a: Thundurus
|-damage|p2a: Thundurus|135\/299
|
|turn|11
|
|move|p2a: Thundurus|Superpower|p1a: Blissey
|-supereffective|p1a: Blissey
|-damage|p1a: Blissey|0 fnt
|-unboost|p2a: Thundurus|atk|1
|-unboost|p2a: Thundurus|def|1
|faint|p1a: Blissey
|
|
|switch|p1a: Torkoal|Torkoal, M|281\/281
|turn|12
|
|move|p2a: Thundurus|Superpower|p1a: Torkoal
|-damage|p1a: Torkoal|232\/281
|-unboost|p2a: Thundurus|atk|1
|-unboost|p2a: Thundurus|def|1
|move|p1a: Torkoal|Shell Smash|p1a: Torkoal
|-boost|p1a: Torkoal|atk|2
|-boost|p1a: Torkoal|spa|2
|-boost|p1a: Torkoal|spe|2
|-unboost|p1a: Torkoal|def|1
|-unboost|p1a: Torkoal|spd|1
|
|turn|13
|
|switch|p2a: Darude|Tyranitar-Mega, M|387\/387
|-weather|Sandstorm
|move|p1a: Torkoal|Shell Smash|p1a: Torkoal
|-boost|p1a: Torkoal|atk|2
|-boost|p1a: Torkoal|spa|2
|-boost|p1a: Torkoal|spe|2
|-unboost|p1a: Torkoal|def|1
|-unboost|p1a: Torkoal|spd|1
|
|-weather|Sandstorm|[upkeep]
|-damage|p1a: Torkoal|215\/281|[from] sandstorm
|turn|14
|
|move|p1a: Torkoal|Superpower|p2a: Darude
|-supereffective|p2a: Darude
|-damage|p2a: Darude|0 fnt
|-unboost|p1a: Torkoal|atk|1
|-unboost|p1a: Torkoal|def|1
|faint|p2a: Darude
|
|-weather|Sandstorm|[upkeep]
|-damage|p1a: Torkoal|198\/281|[from] sandstorm
|
|switch|p2a: Keldeo|Keldeo|323\/323
|turn|15
|
|move|p1a: Torkoal|Solar Beam|p2a: Keldeo|[still]
|-prepare|p1a: Torkoal|Solar Beam|p2a: Keldeo
|-enditem|p1a: Torkoal|Power Herb
|-anim|p1a: Torkoal|Solar Beam|p2a: Keldeo
|-supereffective|p2a: Keldeo
|-damage|p2a: Keldeo|0 fnt
|faint|p2a: Keldeo
|
|-weather|Sandstorm|[upkeep]
|-damage|p1a: Torkoal|181\/281|[from] sandstorm
|
|switch|p2a: Thundurus|Thundurus, M|135\/299
|turn|16
|
|move|p2a: Thundurus|Wild Charge|p1a: Torkoal
|-damage|p1a: Torkoal|0 fnt
|-damage|p2a: Thundurus|90\/299|[from] recoil|[of] p1a: Torkoal
|faint|p1a: Torkoal
|
|-weather|Sandstorm|[upkeep]
|-damage|p2a: Thundurus|72\/299|[from] sandstorm
|
|switch|p1a: Thundurus|Thundurus, M|362\/362
|turn|17
|
|move|p1a: Thundurus|Bulk Up|p1a: Thundurus
|-boost|p1a: Thundurus|atk|1
|-boost|p1a: Thundurus|def|1
|move|p2a: Thundurus|Wild Charge|p1a: Thundurus
|-damage|p1a: Thundurus|235\/362
|-damage|p2a: Thundurus|40\/299|[from] recoil|[of] p1a: Thundurus
|
|-weather|none
|-heal|p1a: Thundurus|257\/362|[from] item: Leftovers
|turn|18
|
|move|p1a: Thundurus|Bulk Up|p1a: Thundurus
|-boost|p1a: Thundurus|atk|1
|-boost|p1a: Thundurus|def|1
|move|p2a: Thundurus|Wild Charge|p1a: Thundurus
|-damage|p1a: Thundurus|155\/362
|-damage|p2a: Thundurus|14\/299|[from] recoil|[of] p1a: Thundurus
|
|-heal|p1a: Thundurus|177\/362|[from] item: Leftovers
|turn|19
|-message|Scary Midget forfeited.
|
|win|rnd900
|raw|Ladder updating...
|leave|Scary Midget
|player|p2
|raw|rnd900's rating: 1419 &rarr; <strong>1436<\/strong><br \/>(+17 for winning)
|raw|Scary Midget's rating: 1360 &rarr; <strong>1344<\/strong><br \/>(-16 for losing)