|join|Calm Stone
|join|rnd900
|player|p1|Calm Stone|151
|player|p2|rnd900|170
|gametype|singles
|gen|6
|tier|OU
|rated
|clearpoke
|poke|p1|Krookodile, M
|poke|p1|Bisharp, M
|poke|p1|Charizard, M
|poke|p1|Zapdos
|poke|p1|Breloom, M
|poke|p1|Rotom-Wash
|poke|p2|Lopunny, M
|poke|p2|Gliscor, M
|poke|p2|Heatran, F
|poke|p2|Latias, F
|poke|p2|Dragonite, M
|poke|p2|Azumarill, F
|rule|Swagger Clause: Swagger is banned
|rule|Baton Pass Clause: Limit one PokÃ©mon knowing Baton Pass
|rule|Sleep Clause Mod: Limit one foe put to sleep
|rule|Species Clause: Limit one of each PokÃ©mon
|rule|OHKO Clause: OHKO moves are banned
|rule|Moody Clause: Moody is banned
|rule|Evasion Moves Clause: Evasion moves are banned
|rule|Endless Battle Clause: Forcing endless battles is banned
|rule|HP Percentage Mod: HP is shown in percentages
|teampreview
|join|gay af
|
|start
|switch|p1a: Phantom|Rotom-Wash|304\/304
|switch|p2a: Heatran|Heatran, F|324\/324
|-item|p2a: Heatran|Air Balloon
|turn|1
|
|move|p2a: Heatran|Stealth Rock|p1a: Phantom
|-sidestart|p1: Calm Stone|move: Stealth Rock
|move|p1a: Phantom|Hydro Pump|p2a: Heatran
|-supereffective|p2a: Heatran
|-damage|p2a: Heatran|78\/324
|-enditem|p2a: Heatran|Air Balloon
|
|turn|2
|
|switch|p2a: Gliscor|Gliscor, M|352\/352
|move|p1a: Phantom|Volt Switch|p2a: Gliscor
|-immune|p2a: Gliscor|[msg]
|
|-status|p2a: Gliscor|tox|[from] item: Toxic Orb
|turn|3
|
|move|p2a: Gliscor|Swords Dance|p2a: Gliscor
|-boost|p2a: Gliscor|atk|2
|move|p1a: Phantom|Hydro Pump|p2a: Gliscor
|-supereffective|p2a: Gliscor
|-damage|p2a: Gliscor|112\/352 tox
|
|-heal|p2a: Gliscor|156\/352 tox|[from] ability: Poison Heal
|turn|4
|
|move|p2a: Gliscor|Roost|p2a: Gliscor
|-heal|p2a: Gliscor|332\/352 tox
|move|p1a: Phantom|Hydro Pump|p2a: Gliscor|[miss]
|-miss|p1a: Phantom|p2a: Gliscor
|
|-heal|p2a: Gliscor|352\/352 tox|[from] ability: Poison Heal
|turn|5
|join|Risky Chance
|
|switch|p1a: Detective|Breloom, M|262\/262
|-damage|p1a: Detective|246\/262|[from] Stealth Rock
|move|p2a: Gliscor|Swords Dance|p2a: Gliscor
|-boost|p2a: Gliscor|atk|2
|
|turn|6
|leave|Risky Chance
|
|move|p1a: Detective|Bullet Seed|p2a: Gliscor
|-damage|p2a: Gliscor|286\/352 tox
|-damage|p2a: Gliscor|211\/352 tox
|-damage|p2a: Gliscor|145\/352 tox
|-hitcount|p2a: Gliscor|3
|-damage|p1a: Detective|220\/262|[from] item: Life Orb
|move|p2a: Gliscor|Baton Pass|p2a: Gliscor
|
|switch|p2a: Arceus Jr.|Dragonite, M|323\/323
|
|turn|7
|
|move|p2a: Arceus Jr.|Extreme Speed|p1a: Detective
|-damage|p1a: Detective|0 fnt
|faint|p1a: Detective
|
|
|switch|p1a: Raider|Krookodile, M|394\/394
|-damage|p1a: Raider|370\/394|[from] Stealth Rock
|-ability|p1a: Raider|Intimidate|[of] p2a: Arceus Jr.
|-unboost|p2a: Arceus Jr.|atk|1
|turn|8
|
|move|p2a: Arceus Jr.|Extreme Speed|p1a: Raider
|-damage|p1a: Raider|0 fnt
|faint|p1a: Raider
|
|-message|Calm Stone forfeited.
|leave|Calm Stone
|leave|gay af
|
|win|rnd900
|raw|Ladder updating...
|player|p1
|raw|Calm Stone's rating: 1699 &rarr; <strong>1678<\/strong><br \/>(-21 for losing)
|raw|rnd900's rating: 1692 &rarr; <strong>1713<\/strong><br \/>(+21 for winning)