|join|rnd900
|join|lil manaphy
|player|p1|rnd900|266
|player|p2|lil manaphy|272
|gametype|singles
|gen|6
|tier|OU
|rated
|clearpoke
|poke|p1|Gliscor, F
|poke|p1|Heatran, M
|poke|p1|Latias, F
|poke|p1|Dragonite, M
|poke|p1|Azumarill, F
|poke|p1|Scizor, M
|poke|p2|Gardevoir, F
|poke|p2|Keldeo-Resolute
|poke|p2|Chansey, F
|poke|p2|Mandibuzz, F
|poke|p2|Amoonguss, M
|poke|p2|Landorus-Therian, M
|rule|Swagger Clause: Swagger is banned
|rule|Baton Pass Clause: Limit one PokÃ©mon knowing Baton Pass
|rule|Sleep Clause Mod: Limit one foe put to sleep
|rule|Species Clause: Limit one of each PokÃ©mon
|rule|OHKO Clause: OHKO moves are banned
|rule|Moody Clause: Moody is banned
|rule|Evasion Moves Clause: Evasion moves are banned
|rule|Endless Battle Clause: Forcing endless battles is banned
|rule|HP Percentage Mod: HP is shown in percentages
|teampreview
|join|PauloGO
|leave|PauloGO
|
|start
|switch|p1a: Heatran|Heatran, M|324\/324
|switch|p2a: Keldeo-Resolute|Keldeo-Resolute|323\/323
|-item|p1a: Heatran|Air Balloon
|turn|1
|
|switch|p1a: Latias|Latias, F|302\/302
|move|p2a: Keldeo-Resolute|Scald|p1a: Latias
|-resisted|p1a: Latias
|-damage|p1a: Latias|241\/302
|-status|p1a: Latias|brn
|
|-damage|p1a: Latias|204\/302 brn|[from] brn
|turn|2
|
|switch|p1a: Gliscor|Gliscor, F|352\/352
|switch|p2a: Chansey|Chansey, F|703\/703
|
|-status|p1a: Gliscor|tox|[from] item: Toxic Orb
|turn|3
|
|switch|p2a: Landorus-Therian|Landorus-Therian, M|382\/382
|-ability|p2a: Landorus-Therian|Intimidate|[of] p1a: Gliscor
|-unboost|p1a: Gliscor|atk|1
|move|p1a: Gliscor|Swords Dance|p1a: Gliscor
|-boost|p1a: Gliscor|atk|2
|
|turn|4
|join|Bâ¥aâ¥uâ¥eâ¥râ¥
|
|move|p1a: Gliscor|Swords Dance|p1a: Gliscor
|-boost|p1a: Gliscor|atk|2
|move|p2a: Landorus-Therian|Stealth Rock|p1a: Gliscor
|-sidestart|p1: rnd900|move: Stealth Rock
|
|turn|5
|
|move|p1a: Gliscor|Swords Dance|p1a: Gliscor
|-boost|p1a: Gliscor|atk|2
|move|p2a: Landorus-Therian|U-turn|p1a: Gliscor
|-resisted|p1a: Gliscor
|-damage|p1a: Gliscor|320\/352 tox
|
|switch|p2a: Keldeo-Resolute|Keldeo-Resolute|323\/323
|
|-heal|p1a: Gliscor|352\/352 tox|[from] ability: Poison Heal
|turn|6
|
|move|p2a: Keldeo-Resolute|Scald|p1a: Gliscor
|-supereffective|p1a: Gliscor
|-damage|p1a: Gliscor|82\/352 tox
|move|p1a: Gliscor|Baton Pass|p1a: Gliscor
|
|switch|p1a: Azumarill|Azumarill, F|401\/401
|-damage|p1a: Azumarill|351\/401|[from] Stealth Rock
|
|turn|7
|
|switch|p2a: Landorus-Therian|Landorus-Therian, M|382\/382
|-ability|p2a: Landorus-Therian|Intimidate|[of] p1a: Azumarill
|-unboost|p1a: Azumarill|atk|1
|move|p1a: Azumarill|Waterfall|p2a: Landorus-Therian
|-supereffective|p2a: Landorus-Therian
|-damage|p2a: Landorus-Therian|0 fnt
|faint|p2a: Landorus-Therian
|
|
|switch|p2a: Amoonguss|Amoonguss, M|432\/432
|turn|8
|
|move|p1a: Azumarill|Knock Off|p2a: Amoonguss
|-damage|p2a: Amoonguss|43\/432
|-enditem|p2a: Amoonguss|Black Sludge|[from] move: Knock Off|[of] p1a: Azumarill
|move|p2a: Amoonguss|Clear Smog|p1a: Azumarill
|-supereffective|p1a: Azumarill
|-damage|p1a: Azumarill|261\/401
|-clearboost|p1a: Azumarill
|
|turn|9
|
|switch|p2a: Chansey|Chansey, F|703\/703
|move|p1a: Azumarill|Play Rough|p2a: Chansey
|-damage|p2a: Chansey|442\/703
|
|turn|10
|c| Bâ¥aâ¥uâ¥eâ¥râ¥|dat clear smog
|
|switch|p2a: Amoonguss|Amoonguss, M|187\/432
|move|p1a: Azumarill|Knock Off|p2a: Amoonguss
|-damage|p2a: Amoonguss|95\/432
|
|turn|11
|
|move|p1a: Azumarill|Play Rough|p2a: Amoonguss
|-resisted|p2a: Amoonguss
|-damage|p2a: Amoonguss|5\/432
|move|p2a: Amoonguss|Giga Drain|p1a: Azumarill
|-supereffective|p1a: Azumarill
|-damage|p1a: Azumarill|141\/401
|-heal|p2a: Amoonguss|65\/432|[from] drain|[of] p1a: Azumarill
|
|turn|12
|
|switch|p2a: Chansey|Chansey, F|442\/703
|move|p1a: Azumarill|Play Rough|p2a: Chansey
|-crit|p2a: Chansey
|-damage|p2a: Chansey|70\/703
|
|turn|13
|
|switch|p2a: Amoonguss|Amoonguss, M|209\/432
|move|p1a: Azumarill|Knock Off|p2a: Amoonguss
|-damage|p2a: Amoonguss|126\/432
|
|turn|14
|
|switch|p1a: Latias|Latias, F|204\/302 brn
|-damage|p1a: Latias|167\/302 brn|[from] Stealth Rock
|move|p2a: Amoonguss|Giga Drain|p1a: Latias
|-resisted|p1a: Latias
|-damage|p1a: Latias|134\/302 brn
|-heal|p2a: Amoonguss|143\/432|[from] drain|[of] p1a: Latias
|
|-damage|p1a: Latias|97\/302 brn|[from] brn
|turn|15
|
|switch|p2a: Chansey|Chansey, F|70\/703
|move|p1a: Latias|Healing Wish|p1a: Latias
|faint|p1a: Latias
|
|
|switch|p1a: Gliscor|Gliscor, F|82\/352 tox
|-heal|p1a: Gliscor|352\/352|[from] move: Healing Wish
|-damage|p1a: Gliscor|308\/352|[from] Stealth Rock
|turn|16
|
|switch|p2a: Keldeo-Resolute|Keldeo-Resolute|323\/323
|move|p1a: Gliscor|Earthquake|p2a: Keldeo-Resolute
|-damage|p2a: Keldeo-Resolute|208\/323
|
|-heal|p2a: Keldeo-Resolute|228\/323|[from] item: Leftovers
|-status|p1a: Gliscor|tox|[from] item: Toxic Orb
|turn|17
|
|switch|p1a: Arceus Jr.|Dragonite, M|323\/323
|-damage|p1a: Arceus Jr.|243\/323|[from] Stealth Rock
|move|p2a: Keldeo-Resolute|Scald|p1a: Arceus Jr.
|-resisted|p1a: Arceus Jr.
|-damage|p1a: Arceus Jr.|166\/323
|-status|p1a: Arceus Jr.|brn
|
|-heal|p2a: Keldeo-Resolute|248\/323|[from] item: Leftovers
|-damage|p1a: Arceus Jr.|126\/323 brn|[from] brn
|turn|18
|
|move|p1a: Arceus Jr.|Extreme Speed|p2a: Keldeo-Resolute
|-damage|p2a: Keldeo-Resolute|156\/323
|move|p2a: Keldeo-Resolute|Substitute|p2a: Keldeo-Resolute
|-start|p2a: Keldeo-Resolute|Substitute
|-damage|p2a: Keldeo-Resolute|76\/323
|
|-heal|p2a: Keldeo-Resolute|96\/323|[from] item: Leftovers
|-damage|p1a: Arceus Jr.|86\/323 brn|[from] brn
|turn|19
|
|move|p1a: Arceus Jr.|Extreme Speed|p2a: Keldeo-Resolute
|-end|p2a: Keldeo-Resolute|Substitute
|move|p2a: Keldeo-Resolute|Scald|p1a: Arceus Jr.
|-resisted|p1a: Arceus Jr.
|-damage|p1a: Arceus Jr.|9\/323 brn
|
|-heal|p2a: Keldeo-Resolute|116\/323|[from] item: Leftovers
|-damage|p1a: Arceus Jr.|0 fnt|[from] brn
|faint|p1a: Arceus Jr.
|
|switch|p1a: Azumarill|Azumarill, F|141\/401
|-damage|p1a: Azumarill|91\/401|[from] Stealth Rock
|turn|20
|
|switch|p2a: Amoonguss|Amoonguss, M|287\/432
|move|p1a: Azumarill|Play Rough|p2a: Amoonguss
|-resisted|p2a: Amoonguss
|-damage|p2a: Amoonguss|195\/432
|
|turn|21
|
|switch|p1a: Gliscor|Gliscor, F|308\/352 tox
|-damage|p1a: Gliscor|264\/352 tox|[from] Stealth Rock
|move|p2a: Amoonguss|Giga Drain|p1a: Gliscor
|-damage|p1a: Gliscor|186\/352 tox
|-heal|p2a: Amoonguss|234\/432|[from] drain|[of] p1a: Gliscor
|
|-heal|p1a: Gliscor|230\/352 tox|[from] ability: Poison Heal
|turn|22
|
|move|p1a: Gliscor|Earthquake|p2a: Amoonguss
|-damage|p2a: Amoonguss|123\/432
|move|p2a: Amoonguss|Giga Drain|p1a: Gliscor
|-damage|p1a: Gliscor|163\/352 tox
|-heal|p2a: Amoonguss|157\/432|[from] drain|[of] p1a: Gliscor
|
|-heal|p1a: Gliscor|207\/352 tox|[from] ability: Poison Heal
|turn|23
|
|switch|p2a: Mandibuzz|Mandibuzz, F|424\/424
|move|p1a: Gliscor|Earthquake|p2a: Mandibuzz
|-immune|p2a: Mandibuzz|[msg]
|
|-heal|p1a: Gliscor|251\/352 tox|[from] ability: Poison Heal
|turn|24
|
|move|p1a: Gliscor|Roost|p1a: Gliscor
|-heal|p1a: Gliscor|352\/352 tox
|move|p2a: Mandibuzz|Foul Play|p1a: Gliscor
|-damage|p1a: Gliscor|262\/352 tox
|
|-heal|p1a: Gliscor|306\/352 tox|[from] ability: Poison Heal
|turn|25
|
|move|p1a: Gliscor|Baton Pass|p1a: Gliscor
|
|switch|p1a: Heatran|Heatran, M|324\/324
|-damage|p1a: Heatran|284\/324|[from] Stealth Rock
|-item|p1a: Heatran|Air Balloon
|move|p2a: Mandibuzz|Foul Play|p1a: Heatran
|-damage|p1a: Heatran|211\/324
|-enditem|p1a: Heatran|Air Balloon
|
|turn|26
|
|switch|p2a: Gardevoir|Gardevoir, F|277\/277
|-ability|p2a: Gardevoir|Flash Fire|[from] ability: Trace|[of] p1a: Heatran
|move|p1a: Heatran|Stealth Rock|p2a: Gardevoir
|-sidestart|p2: lil manaphy|move: Stealth Rock
|
|turn|27
|
|switch|p1a: Scizor|Scizor, M|309\/309
|-damage|p1a: Scizor|271\/309|[from] Stealth Rock
|move|p2a: Gardevoir|Focus Blast|p1a: Scizor|[miss]
|-miss|p2a: Gardevoir|p1a: Scizor
|
|turn|28
|
|switch|p2a: Mandibuzz|Mandibuzz, F|424\/424
|-damage|p2a: Mandibuzz|318\/424|[from] Stealth Rock
|detailschange|p1a: Scizor|Scizor-Mega, M
|-mega|p1a: Scizor|Scizor|Scizorite
|move|p1a: Scizor|Bug Bite|p2a: Mandibuzz
|-damage|p2a: Mandibuzz|182\/424
|
|-heal|p2a: Mandibuzz|208\/424|[from] item: Leftovers
|turn|29
|
|switch|p1a: Heatran|Heatran, M|211\/324
|-damage|p1a: Heatran|171\/324|[from] Stealth Rock
|move|p2a: Mandibuzz|Foul Play|p1a: Heatran
|-damage|p1a: Heatran|92\/324
|
|-heal|p2a: Mandibuzz|234\/424|[from] item: Leftovers
|turn|30
|
|move|p1a: Heatran|Lava Plume|p2a: Mandibuzz
|-damage|p2a: Mandibuzz|95\/424
|-status|p2a: Mandibuzz|brn
|move|p2a: Mandibuzz|Roost|p2a: Mandibuzz
|-heal|p2a: Mandibuzz|307\/424 brn
|
|-heal|p2a: Mandibuzz|333\/424 brn|[from] item: Leftovers
|-damage|p2a: Mandibuzz|280\/424 brn|[from] brn
|turn|31
|
|move|p1a: Heatran|Lava Plume|p2a: Mandibuzz
|-damage|p2a: Mandibuzz|127\/424 brn
|move|p2a: Mandibuzz|Taunt|p1a: Heatran
|-start|p1a: Heatran|move: Taunt
|
|-heal|p2a: Mandibuzz|153\/424 brn|[from] item: Leftovers
|-damage|p2a: Mandibuzz|100\/424 brn|[from] brn
|turn|32
|
|switch|p2a: Gardevoir|Gardevoir, F|277\/277
|-damage|p2a: Gardevoir|243\/277|[from] Stealth Rock
|-ability|p2a: Gardevoir|Flash Fire|[from] ability: Trace|[of] p1a: Heatran
|move|p1a: Heatran|Lava Plume|p2a: Gardevoir
|-start|p2a: Gardevoir|ability: Flash Fire
|
|turn|33
|
|move|p2a: Gardevoir|Focus Blast|p1a: Heatran
|-supereffective|p1a: Heatran
|-damage|p1a: Heatran|0 fnt
|faint|p1a: Heatran
|
|
|switch|p1a: Scizor|Scizor-Mega, M|271\/309
|-damage|p1a: Scizor|233\/309|[from] Stealth Rock
|turn|34
|
|detailschange|p2a: Gardevoir|Gardevoir-Mega, F
|-mega|p2a: Gardevoir|Gardevoir|Gardevoirite
|move|p1a: Scizor|Bullet Punch|p2a: Gardevoir
|-crit|p2a: Gardevoir
|-supereffective|p2a: Gardevoir
|-damage|p2a: Gardevoir|0 fnt
|faint|p2a: Gardevoir
|
|
|switch|p2a: Amoonguss|Amoonguss, M|301\/432
|-damage|p2a: Amoonguss|247\/432|[from] Stealth Rock
|turn|35
|
|switch|p1a: Gliscor|Gliscor, F|306\/352 tox
|-damage|p1a: Gliscor|262\/352 tox|[from] Stealth Rock
|move|p2a: Amoonguss|Hidden Power|p1a: Gliscor
|-damage|p1a: Gliscor|222\/352 tox
|
|-heal|p1a: Gliscor|266\/352 tox|[from] ability: Poison Heal
|turn|36
|
|move|p1a: Gliscor|Swords Dance|p1a: Gliscor
|-boost|p1a: Gliscor|atk|2
|move|p2a: Amoonguss|Giga Drain|p1a: Gliscor
|-damage|p1a: Gliscor|194\/352 tox
|-heal|p2a: Amoonguss|283\/432|[from] drain|[of] p1a: Gliscor
|
|-heal|p1a: Gliscor|238\/352 tox|[from] ability: Poison Heal
|turn|37
|
|switch|p2a: Chansey|Chansey, F|70\/703
|-damage|p2a: Chansey|0 fnt|[from] Stealth Rock
|faint|p2a: Chansey
|move|p1a: Gliscor|Earthquake|p2: Chansey|[notarget]
|-notarget
|
|-heal|p1a: Gliscor|282\/352 tox|[from] ability: Poison Heal
|
|switch|p2a: Keldeo-Resolute|Keldeo-Resolute|116\/323
|-damage|p2a: Keldeo-Resolute|96\/323|[from] Stealth Rock
|turn|38
|
|move|p2a: Keldeo-Resolute|Scald|p1a: Gliscor
|-crit|p1a: Gliscor
|-supereffective|p1a: Gliscor
|-damage|p1a: Gliscor|0 fnt
|faint|p1a: Gliscor
|
|-heal|p2a: Keldeo-Resolute|116\/323|[from] item: Leftovers
|c|ârnd900|are you kidding me...
|c|âlil manaphy|as if it mattered
|c|ârnd900|wtf?
|c|ârnd900|i won right there
|c|âlil manaphy|oh well
|
|switch|p1a: Scizor|Scizor-Mega, M|233\/309
|-damage|p1a: Scizor|195\/309|[from] Stealth Rock
|turn|39
|
|move|p2a: Keldeo-Resolute|Scald|p1a: Scizor
|-damage|p1a: Scizor|63\/309
|-status|p1a: Scizor|brn
|move|p1a: Scizor|Bug Bite|p2a: Keldeo-Resolute
|-resisted|p2a: Keldeo-Resolute
|-damage|p2a: Keldeo-Resolute|58\/323
|
|-heal|p2a: Keldeo-Resolute|78\/323|[from] item: Leftovers
|-damage|p1a: Scizor|25\/309 brn|[from] brn
|turn|40
|
|switch|p2a: Mandibuzz|Mandibuzz, F|100\/424 brn
|-damage|p2a: Mandibuzz|0 fnt|[from] Stealth Rock
|faint|p2a: Mandibuzz
|move|p1a: Scizor|Bullet Punch|p2: Mandibuzz|[notarget]
|-notarget
|
|-damage|p1a: Scizor|0 fnt|[from] brn
|faint|p1a: Scizor
|
|switch|p1a: Azumarill|Azumarill, F|91\/401
|switch|p2a: Amoonguss|Amoonguss, M|427\/432
|-damage|p1a: Azumarill|41\/401|[from] Stealth Rock
|-damage|p2a: Amoonguss|373\/432|[from] Stealth Rock
|turn|41
|
|move|p1a: Azumarill|Waterfall|p2a: Amoonguss
|-resisted|p2a: Amoonguss
|-damage|p2a: Amoonguss|295\/432
|move|p2a: Amoonguss|Giga Drain|p1a: Azumarill
|-supereffective|p1a: Azumarill
|-damage|p1a: Azumarill|0 fnt
|-heal|p2a: Amoonguss|316\/432|[from] drain|[of] p1a: Azumarill
|faint|p1a: Azumarill
|
|win|lil manaphy
|raw|Ladder updating...
|raw|rnd900's rating: 1758 &rarr; <strong>1742<\/strong><br \/>(-16 for losing)
|raw|lil manaphy's rating: 1823 &rarr; <strong>1840<\/strong><br \/>(+17 for winning)
|leave|rnd900
|player|p1