|join|rnd900
|join|Calm Stone
|player|p1|rnd900|266
|player|p2|Calm Stone|151
|gametype|singles
|gen|6
|tier|OU
|rated
|clearpoke
|poke|p1|Lopunny, M
|poke|p1|Gliscor, F
|poke|p1|Heatran, M
|poke|p1|Latias, F
|poke|p1|Dragonite, F
|poke|p1|Azumarill, M
|poke|p2|Gengar, M
|poke|p2|Meloetta
|poke|p2|Conkeldurr, M
|poke|p2|Gyarados, M
|poke|p2|Ferrothorn, M
|poke|p2|Landorus, M
|rule|Swagger Clause: Swagger is banned
|rule|Baton Pass Clause: Limit one PokÃ©mon knowing Baton Pass
|rule|Sleep Clause Mod: Limit one foe put to sleep
|rule|Species Clause: Limit one of each PokÃ©mon
|rule|OHKO Clause: OHKO moves are banned
|rule|Moody Clause: Moody is banned
|rule|Evasion Moves Clause: Evasion moves are banned
|rule|Endless Battle Clause: Forcing endless battles is banned
|rule|HP Percentage Mod: HP is shown in percentages
|teampreview
|
|start
|switch|p1a: Azumarill|Azumarill, M|401\/401
|switch|p2a: Heihachi|Conkeldurr, M|383\/383
|turn|1
|
|switch|p1a: Gliscor|Gliscor, F|352\/352
|switch|p2a: Tytannial|Ferrothorn, M|352\/352
|
|-status|p1a: Gliscor|tox|[from] item: Toxic Orb
|turn|2
|
|move|p1a: Gliscor|Swords Dance|p1a: Gliscor
|-boost|p1a: Gliscor|atk|2
|move|p2a: Tytannial|Stealth Rock|p1a: Gliscor
|-sidestart|p1: rnd900|move: Stealth Rock
|
|turn|3
|
|move|p1a: Gliscor|Swords Dance|p1a: Gliscor
|-boost|p1a: Gliscor|atk|2
|move|p2a: Tytannial|Gyro Ball|p1a: Gliscor
|-damage|p1a: Gliscor|219\/352 tox
|
|-heal|p1a: Gliscor|263\/352 tox|[from] ability: Poison Heal
|turn|4
|
|move|p1a: Gliscor|Swords Dance|p1a: Gliscor
|-boost|p1a: Gliscor|atk|2
|move|p2a: Tytannial|Leech Seed|p1a: Gliscor
|-start|p1a: Gliscor|move: Leech Seed
|
|-damage|p1a: Gliscor|219\/352 tox|[from] Leech Seed|[of] p2a: Tytannial
|-heal|p1a: Gliscor|263\/352 tox|[from] ability: Poison Heal
|turn|5
|
|move|p1a: Gliscor|Earthquake|p2a: Tytannial
|-crit|p2a: Tytannial
|-damage|p2a: Tytannial|0 fnt
|faint|p2a: Tytannial
|
|-heal|p1a: Gliscor|307\/352 tox|[from] ability: Poison Heal
|
|switch|p2a: Phantom|Gengar, M|262\/262
|turn|6
|
|move|p2a: Phantom|Taunt|p1a: Gliscor
|-start|p1a: Gliscor|move: Taunt
|cant|p1a: Gliscor|move: Taunt|Baton Pass
|
|-damage|p1a: Gliscor|263\/352 tox|[from] Leech Seed|[of] p2a: Phantom
|-heal|p1a: Gliscor|307\/352 tox|[from] ability: Poison Heal
|turn|7
|
|switch|p1a: Heatran|Heatran, M|324\/324
|-damage|p1a: Heatran|284\/324|[from] Stealth Rock
|-item|p1a: Heatran|Air Balloon
|move|p2a: Phantom|Shadow Ball|p1a: Heatran
|-damage|p1a: Heatran|101\/324
|-enditem|p1a: Heatran|Air Balloon
|-damage|p2a: Phantom|236\/262|[from] item: Life Orb
|
|turn|8
|
|move|p2a: Phantom|Focus Blast|p1a: Heatran
|-supereffective|p1a: Heatran
|-damage|p1a: Heatran|0 fnt
|-damage|p2a: Phantom|210\/262|[from] item: Life Orb
|faint|p1a: Heatran
|
|
|switch|p1a: Arceus Jr.|Dragonite, F|323\/323
|-damage|p1a: Arceus Jr.|243\/323|[from] Stealth Rock
|turn|9
|
|move|p2a: Phantom|Sludge Wave|p1a: Arceus Jr.
|-damage|p1a: Arceus Jr.|19\/323
|-damage|p2a: Phantom|184\/262|[from] item: Life Orb
|move|p1a: Arceus Jr.|Outrage|p2a: Phantom
|-damage|p2a: Phantom|0 fnt
|faint|p2a: Phantom
|
|
|switch|p2a: Enten|Landorus, M|319\/319
|turn|10
|
|move|p2a: Enten|Psychic|p1a: Arceus Jr.
|-damage|p1a: Arceus Jr.|0 fnt
|faint|p1a: Arceus Jr.
|
|
|switch|p1a: Azumarill|Azumarill, M|401\/401
|-damage|p1a: Azumarill|351\/401|[from] Stealth Rock
|turn|11
|join|Kyur
|c|ârnd900|okay that was bad
|
|switch|p1a: Gliscor|Gliscor, F|307\/352 tox
|-damage|p1a: Gliscor|263\/352 tox|[from] Stealth Rock
|move|p2a: Enten|Earth Power|p1a: Gliscor
|-immune|p1a: Gliscor|[msg]
|
|-heal|p1a: Gliscor|307\/352 tox|[from] ability: Poison Heal
|turn|12
|c| Kyur|>losing
|c|âCalm Stone|O.O
|
|switch|p2a: Predator|Gyarados, M|363\/363
|-ability|p2a: Predator|Intimidate|[of] p1a: Gliscor
|-unboost|p1a: Gliscor|atk|1
|move|p1a: Gliscor|Swords Dance|p1a: Gliscor
|-boost|p1a: Gliscor|atk|2
|
|-heal|p1a: Gliscor|351\/352 tox|[from] ability: Poison Heal
|turn|13
|
|detailschange|p2a: Predator|Gyarados-Mega, M
|-mega|p2a: Predator|Gyarados|Gyaradosite
|-ability|p2a: Predator|Mold Breaker
|move|p2a: Predator|Waterfall|p1a: Gliscor
|-supereffective|p1a: Gliscor
|-damage|p1a: Gliscor|117\/352 tox
|move|p1a: Gliscor|Baton Pass|p1a: Gliscor
|
|switch|p1a: Azumarill|Azumarill, M|351\/401
|-damage|p1a: Azumarill|301\/401|[from] Stealth Rock
|
|turn|14
|
|switch|p2a: Zelda|Meloetta|404\/404
|move|p1a: Azumarill|Play Rough|p2a: Zelda
|-crit|p2a: Zelda
|-damage|p2a: Zelda|17\/404
|
|-heal|p2a: Zelda|42\/404|[from] item: Leftovers
|turn|15
|
|move|p1a: Azumarill|Aqua Jet|p2a: Zelda
|-damage|p2a: Zelda|0 fnt
|faint|p2a: Zelda
|
|c|ârnd900|banded vest azu
|
|switch|p2a: Enten|Landorus, M|319\/319
|turn|16
|
|move|p1a: Azumarill|Aqua Jet|p2a: Enten
|-supereffective|p2a: Enten
|-damage|p2a: Enten|35\/319
|move|p2a: Enten|Earth Power|p1a: Azumarill
|-damage|p1a: Azumarill|102\/401
|
|turn|17
|
|move|p1a: Azumarill|Aqua Jet|p2a: Enten
|-supereffective|p2a: Enten
|-damage|p2a: Enten|0 fnt
|faint|p2a: Enten
|
|c|âCalm Stone|dat crit
|c|âCalm Stone|lol
|
|switch|p2a: Predator|Gyarados-Mega, M|363\/363
|-ability|p2a: Predator|Mold Breaker
|turn|18
|
|move|p2a: Predator|Waterfall|p1a: Azumarill
|-resisted|p1a: Azumarill
|-damage|p1a: Azumarill|12\/401
|cant|p1a: Azumarill|flinch
|
|turn|19
|
|move|p2a: Predator|Substitute|p2a: Predator
|-start|p2a: Predator|Substitute
|-damage|p2a: Predator|273\/363
|move|p1a: Azumarill|Play Rough|p2a: Predator
|-supereffective|p2a: Predator
|-end|p2a: Predator|Substitute
|
|turn|20
|leave|Kyur
|
|move|p2a: Predator|Substitute|p2a: Predator
|-start|p2a: Predator|Substitute
|-damage|p2a: Predator|183\/363
|move|p1a: Azumarill|Waterfall|p2a: Predator
|-resisted|p2a: Predator
|-end|p2a: Predator|Substitute
|
|turn|21
|
|move|p2a: Predator|Crunch|p1a: Azumarill
|-resisted|p1a: Azumarill
|-damage|p1a: Azumarill|0 fnt
|faint|p1a: Azumarill
|
|
|switch|p1a: Lopunny|Lopunny, M|272\/272
|-damage|p1a: Lopunny|238\/272|[from] Stealth Rock
|turn|22
|
|detailschange|p1a: Lopunny|Lopunny-Mega, M
|-mega|p1a: Lopunny|Lopunny|Lopunnite
|move|p1a: Lopunny|Drain Punch|p2a: Predator
|-supereffective|p2a: Predator
|-damage|p2a: Predator|0 fnt
|-heal|p1a: Lopunny|272\/272|[from] drain|[of] p2a: Predator
|faint|p2a: Predator
|
|
|switch|p2a: Heihachi|Conkeldurr, M|383\/383
|turn|23
|c|ârnd900|ok i can afford the miss lol
|
|move|p1a: Lopunny|High Jump Kick|p2a: Heihachi|[miss]
|-miss|p1a: Lopunny|p2a: Heihachi
|-damage|p1a: Lopunny|136\/272|[from] highjumpkick
|move|p2a: Heihachi|Drain Punch|p1a: Lopunny
|-supereffective|p1a: Lopunny
|-damage|p1a: Lopunny|0 fnt
|faint|p1a: Lopunny
|
|
|switch|p1a: Latias|Latias, F|302\/302
|-damage|p1a: Latias|265\/302|[from] Stealth Rock
|turn|24
|c|âCalm Stone|draco here
|c|âCalm Stone|:P
|
|move|p1a: Latias|Psyshock|p2a: Heihachi
|-supereffective|p2a: Heihachi
|-damage|p2a: Heihachi|61\/383
|-damage|p1a: Latias|235\/302|[from] item: Life Orb
|move|p2a: Heihachi|Knock Off|p1a: Latias
|-supereffective|p1a: Latias
|-damage|p1a: Latias|0 fnt
|-enditem|p1a: Latias|Life Orb|[from] move: Knock Off|[of] p2a: Heihachi
|faint|p1a: Latias
|
|c|ârnd900|ok :D
|
|switch|p1a: Gliscor|Gliscor, F|117\/352 tox
|-damage|p1a: Gliscor|73\/352 tox|[from] Stealth Rock
|turn|25
|-message|Calm Stone forfeited.
|leave|Calm Stone
|
|move|p1a: Gliscor|Earthquake|p2a: Heihachi
|-damage|p2a: Heihachi|0 fnt
|faint|p2a: Heihachi
|
|win|rnd900
|raw|Ladder updating...
|raw|rnd900's rating: 1731 &rarr; <strong>1745<\/strong><br \/>(+14 for winning)
|raw|Calm Stone's rating: 1635 &rarr; <strong>1620<\/strong><br \/>(-15 for losing)
|player|p2