|join|rnd900
|join|Martsian
|player|p1|rnd900|265
|player|p2|Martsian|101
|gametype|singles
|gen|6
|tier|OU
|rated
|clearpoke
|poke|p1|Lopunny, F
|poke|p1|Clefable, M
|poke|p1|Gliscor, F
|poke|p1|Heatran, M
|poke|p1|Latias, F
|poke|p1|Dragonite, F
|poke|p2|Gardevoir, F
|poke|p2|Azumarill, F
|poke|p2|Klefki, M
|poke|p2|Togekiss, M
|poke|p2|Charizard, F
|poke|p2|Excadrill, M
|rule|Swagger Clause: Swagger is banned
|rule|Baton Pass Clause: Limit one PokÃ©mon knowing Baton Pass
|rule|Sleep Clause Mod: Limit one foe put to sleep
|rule|Species Clause: Limit one of each PokÃ©mon
|rule|OHKO Clause: OHKO moves are banned
|rule|Moody Clause: Moody is banned
|rule|Evasion Moves Clause: Evasion moves are banned
|rule|Endless Battle Clause: Forcing endless battles is banned
|rule|HP Percentage Mod: HP is shown in percentages
|teampreview
|
|start
|switch|p1a: Heatran|Heatran, M|324\/324
|switch|p2a: Klefki|Klefki, M|318\/318
|-item|p1a: Heatran|Air Balloon
|turn|1
|
|switch|p2a: Togekiss|Togekiss, M|374\/374
|move|p1a: Heatran|Stealth Rock|p2a: Togekiss
|-sidestart|p2: Martsian|move: Stealth Rock
|
|turn|2
|
|move|p1a: Heatran|Will-O-Wisp|p2a: Togekiss
|-status|p2a: Togekiss|brn
|move|p2a: Togekiss|Defog|p1a: Heatran
|-unboost|p1a: Heatran|evasion|1
|-sideend|p2: Martsian|Stealth Rock|[from] move: Defog|[of] p2a: Togekiss
|
|-damage|p2a: Togekiss|328\/374 brn|[from] brn
|turn|3
|
|move|p1a: Heatran|Stealth Rock|p2a: Togekiss
|-sidestart|p2: Martsian|move: Stealth Rock
|move|p2a: Togekiss|Air Slash|p1a: Heatran
|-resisted|p1a: Heatran
|-damage|p1a: Heatran|272\/324
|-enditem|p1a: Heatran|Air Balloon
|
|-heal|p2a: Togekiss|351\/374 brn|[from] item: Leftovers
|-damage|p2a: Togekiss|305\/374 brn|[from] brn
|turn|4
|
|move|p1a: Heatran|Lava Plume|p2a: Togekiss
|-damage|p2a: Togekiss|208\/374 brn
|move|p2a: Togekiss|Defog|p1a: Heatran
|-unboost|p1a: Heatran|evasion|1
|-sideend|p2: Martsian|Stealth Rock|[from] move: Defog|[of] p2a: Togekiss
|
|-heal|p2a: Togekiss|231\/374 brn|[from] item: Leftovers
|-damage|p2a: Togekiss|185\/374 brn|[from] brn
|turn|5
|
|move|p1a: Heatran|Stealth Rock|p2a: Togekiss
|-sidestart|p2: Martsian|move: Stealth Rock
|move|p2a: Togekiss|Thunder Wave|p1a: Heatran
|-status|p1a: Heatran|par
|
|-heal|p2a: Togekiss|208\/374 brn|[from] item: Leftovers
|-damage|p2a: Togekiss|162\/374 brn|[from] brn
|turn|6
|
|move|p2a: Togekiss|Roost|p2a: Togekiss
|-heal|p2a: Togekiss|349\/374 brn
|move|p1a: Heatran|Taunt|p2a: Togekiss
|-start|p2a: Togekiss|move: Taunt
|
|-heal|p2a: Togekiss|372\/374 brn|[from] item: Leftovers
|-damage|p2a: Togekiss|326\/374 brn|[from] brn
|turn|7
|
|switch|p1a: Gliscor|Gliscor, F|352\/352
|move|p2a: Togekiss|Air Slash|p1a: Gliscor
|-damage|p1a: Gliscor|262\/352
|
|-heal|p2a: Togekiss|349\/374 brn|[from] item: Leftovers
|-damage|p2a: Togekiss|303\/374 brn|[from] brn
|-status|p1a: Gliscor|tox|[from] item: Toxic Orb
|turn|8
|
|move|p1a: Gliscor|Swords Dance|p1a: Gliscor
|-boost|p1a: Gliscor|atk|2
|move|p2a: Togekiss|Air Slash|p1a: Gliscor
|-crit|p1a: Gliscor
|-damage|p1a: Gliscor|112\/352 tox
|
|-heal|p2a: Togekiss|326\/374 brn|[from] item: Leftovers
|-heal|p1a: Gliscor|156\/352 tox|[from] ability: Poison Heal
|-damage|p2a: Togekiss|280\/374 brn|[from] brn
|turn|9
|
|move|p1a: Gliscor|Baton Pass|p1a: Gliscor
|
|switch|p1a: Lopunny|Lopunny, F|272\/272
|move|p2a: Togekiss|Air Slash|p1a: Lopunny
|-damage|p1a: Lopunny|172\/272
|
|-heal|p2a: Togekiss|303\/374 brn|[from] item: Leftovers
|-damage|p2a: Togekiss|257\/374 brn|[from] brn
|-end|p2a: Togekiss|move: Taunt
|turn|10
|
|switch|p2a: Klefki|Klefki, M|318\/318
|-damage|p2a: Klefki|299\/318|[from] Stealth Rock
|detailschange|p1a: Lopunny|Lopunny-Mega, F
|-mega|p1a: Lopunny|Lopunny|Lopunnite
|move|p1a: Lopunny|Return|p2a: Klefki
|-resisted|p2a: Klefki
|-damage|p2a: Klefki|158\/318
|
|-heal|p2a: Klefki|177\/318|[from] item: Leftovers
|turn|11
|
|move|p2a: Klefki|Thunder Wave|p1a: Lopunny
|-status|p1a: Lopunny|par
|move|p1a: Lopunny|Drain Punch|p2a: Klefki
|-damage|p2a: Klefki|0 fnt
|-heal|p1a: Lopunny|261\/272 par|[from] drain|[of] p2a: Klefki
|faint|p2a: Klefki
|
|
|switch|p2a: Azumarill|Azumarill, F|403\/403
|-damage|p2a: Azumarill|353\/403|[from] Stealth Rock
|turn|12
|
|switch|p1a: Clefable|Clefable, M|394\/394
|move|p2a: Azumarill|Play Rough|p1a: Clefable
|-damage|p1a: Clefable|228\/394
|
|-heal|p1a: Clefable|252\/394|[from] item: Leftovers
|turn|13
|
|move|p1a: Clefable|Flamethrower|p2a: Azumarill
|-resisted|p2a: Azumarill
|-damage|p2a: Azumarill|324\/403
|move|p2a: Azumarill|Play Rough|p1a: Clefable
|-damage|p1a: Clefable|71\/394
|
|-heal|p1a: Clefable|95\/394|[from] item: Leftovers
|turn|14
|
|move|p1a: Clefable|Soft-Boiled|p1a: Clefable
|-heal|p1a: Clefable|292\/394
|move|p2a: Azumarill|Waterfall|p1a: Clefable
|-damage|p1a: Clefable|144\/394
|
|-heal|p1a: Clefable|168\/394|[from] item: Leftovers
|turn|15
|
|move|p1a: Clefable|Soft-Boiled|p1a: Clefable
|-heal|p1a: Clefable|365\/394
|move|p2a: Azumarill|Knock Off|p1a: Clefable
|-resisted|p1a: Clefable
|-damage|p1a: Clefable|305\/394
|-enditem|p1a: Clefable|Leftovers|[from] move: Knock Off|[of] p2a: Azumarill
|
|turn|16
|
|switch|p2a: Togekiss|Togekiss, M|257\/374 brn
|-damage|p2a: Togekiss|164\/374 brn|[from] Stealth Rock
|move|p1a: Clefable|Moonblast|p2a: Togekiss
|-damage|p2a: Togekiss|100\/374 brn
|
|-heal|p2a: Togekiss|123\/374 brn|[from] item: Leftovers
|-damage|p2a: Togekiss|77\/374 brn|[from] brn
|turn|17
|
|switch|p1a: Gliscor|Gliscor, F|156\/352 tox
|move|p2a: Togekiss|Roost|p2a: Togekiss
|-heal|p2a: Togekiss|264\/374 brn
|
|-heal|p2a: Togekiss|287\/374 brn|[from] item: Leftovers
|-heal|p1a: Gliscor|200\/352 tox|[from] ability: Poison Heal
|-damage|p2a: Togekiss|241\/374 brn|[from] brn
|turn|18
|
|move|p1a: Gliscor|Swords Dance|p1a: Gliscor
|-boost|p1a: Gliscor|atk|2
|move|p2a: Togekiss|Defog|p1a: Gliscor
|-unboost|p1a: Gliscor|evasion|1
|-sideend|p2: Martsian|Stealth Rock|[from] move: Defog|[of] p2a: Togekiss
|
|-heal|p2a: Togekiss|264\/374 brn|[from] item: Leftovers
|-heal|p1a: Gliscor|244\/352 tox|[from] ability: Poison Heal
|-damage|p2a: Togekiss|218\/374 brn|[from] brn
|turn|19
|
|move|p1a: Gliscor|Swords Dance|p1a: Gliscor
|-boost|p1a: Gliscor|atk|2
|move|p2a: Togekiss|Thunder Wave|p1a: Gliscor
|-immune|p1a: Gliscor|[msg]
|
|-heal|p2a: Togekiss|241\/374 brn|[from] item: Leftovers
|-heal|p1a: Gliscor|288\/352 tox|[from] ability: Poison Heal
|-damage|p2a: Togekiss|195\/374 brn|[from] brn
|turn|20
|
|move|p1a: Gliscor|Swords Dance|p1a: Gliscor
|-boost|p1a: Gliscor|atk|2
|move|p2a: Togekiss|Roost|p2a: Togekiss
|-heal|p2a: Togekiss|374\/374 brn
|
|-heal|p1a: Gliscor|332\/352 tox|[from] ability: Poison Heal
|-damage|p2a: Togekiss|328\/374 brn|[from] brn
|turn|21
|
|move|p1a: Gliscor|Earthquake|p2a: Togekiss
|-immune|p2a: Togekiss|[msg]
|move|p2a: Togekiss|Thunder Wave|p1a: Gliscor
|-immune|p1a: Gliscor|[msg]
|
|-heal|p2a: Togekiss|351\/374 brn|[from] item: Leftovers
|-heal|p1a: Gliscor|352\/352 tox|[from] ability: Poison Heal
|-damage|p2a: Togekiss|305\/374 brn|[from] brn
|turn|22
|join|konsntev
|c|âMartsian|geia s mwro m
|
|move|p1a: Gliscor|Earthquake|p2a: Togekiss
|-immune|p2a: Togekiss|[msg]
|move|p2a: Togekiss|Thunder Wave|p1a: Gliscor
|-immune|p1a: Gliscor|[msg]
|
|-heal|p2a: Togekiss|328\/374 brn|[from] item: Leftovers
|-damage|p2a: Togekiss|282\/374 brn|[from] brn
|turn|23
|
|move|p1a: Gliscor|Earthquake|p2a: Togekiss
|-immune|p2a: Togekiss|[msg]
|move|p2a: Togekiss|Thunder Wave|p1a: Gliscor
|-immune|p1a: Gliscor|[msg]
|
|-heal|p2a: Togekiss|305\/374 brn|[from] item: Leftovers
|-damage|p2a: Togekiss|259\/374 brn|[from] brn
|turn|24
|c| konsntev|hahah
|c| konsntev|:)
|
|move|p1a: Gliscor|Earthquake|p2a: Togekiss
|-immune|p2a: Togekiss|[msg]
|move|p2a: Togekiss|Roost|p2a: Togekiss
|-heal|p2a: Togekiss|374\/374 brn
|
|-damage|p2a: Togekiss|328\/374 brn|[from] brn
|turn|25
|
|move|p1a: Gliscor|Swords Dance|p1a: Gliscor
|-fail|p1a: Gliscor
|move|p2a: Togekiss|Thunder Wave|p1a: Gliscor
|-immune|p1a: Gliscor|[msg]
|
|-heal|p2a: Togekiss|351\/374 brn|[from] item: Leftovers
|-damage|p2a: Togekiss|305\/374 brn|[from] brn
|turn|26
|
|switch|p2a: Charizard|Charizard, F|298\/298
|move|p1a: Gliscor|Earthquake|p2a: Charizard
|-immune|p2a: Charizard|[msg]
|
|turn|27
|c|âMartsian|:)
|
|detailschange|p2a: Charizard|Charizard-Mega-Y, F
|-mega|p2a: Charizard|Charizard|Charizardite Y
|-weather|SunnyDay
|move|p2a: Charizard|Flamethrower|p1a: Gliscor
|-damage|p1a: Gliscor|112\/352 tox
|move|p1a: Gliscor|Baton Pass|p1a: Gliscor
|c|ârnd900|gg lol
|
|switch|p1a: Dragonite|Dragonite, F|323\/323
|
|-weather|SunnyDay|[upkeep]
|turn|28
|c|âMartsian|bubbuka mou diskola ton exw auton
|
|move|p1a: Dragonite|Extreme Speed|p2a: Charizard
|-damage|p2a: Charizard|0 fnt
|faint|p2a: Charizard
|
|-weather|SunnyDay|[upkeep]
|
|switch|p2a: Excadrill|Excadrill, M|361\/361
|-ability|p2a: Excadrill|Mold Breaker
|turn|29
|c| konsntev|exei kaloutsikh omadoula
|
|move|p1a: Dragonite|Extreme Speed|p2a: Excadrill
|-crit|p2a: Excadrill
|-resisted|p2a: Excadrill
|-damage|p2a: Excadrill|0 fnt
|faint|p2a: Excadrill
|
|-weather|SunnyDay|[upkeep]
|c|âMartsian|nai exei
|
|switch|p2a: Gardevoir|Gardevoir, F|277\/277
|-ability|p2a: Gardevoir|Multiscale|[from] ability: Trace|[of] p1a: Dragonite
|turn|30
|
|move|p1a: Dragonite|Extreme Speed|p2a: Gardevoir
|-damage|p2a: Gardevoir|0 fnt
|faint|p2a: Gardevoir
|
|-weather|SunnyDay|[upkeep]
|-message|Martsian forfeited.
|leave|Martsian
|leave|konsntev
|
|win|rnd900
|raw|Ladder updating...
|player|p2
|raw|rnd900's rating: 1506 &rarr; <strong>1525<\/strong><br \/>(+19 for winning)
|raw|Martsian's rating: 1492 &rarr; <strong>1473<\/strong><br \/>(-19 for losing)