|join|rnd900
|join|Ox the Box
|c|âOx the Box|glhf
|player|p1|rnd900|1
|player|p2|Ox the Box|201
|gametype|singles
|gen|6
|tier|OU
|rated
|clearpoke
|poke|p1|Lopunny, M
|poke|p1|Gliscor, M
|poke|p1|Heatran, F
|poke|p1|Latias, F
|poke|p1|Dragonite, M
|poke|p1|Azumarill, M
|poke|p2|Celebi
|poke|p2|Manectric, M
|poke|p2|Keldeo
|poke|p2|Ferrothorn, M
|poke|p2|Landorus-Therian, M
|poke|p2|Bisharp, F
|rule|Swagger Clause: Swagger is banned
|rule|Baton Pass Clause: Limit one PokÃ©mon knowing Baton Pass
|rule|Sleep Clause Mod: Limit one foe put to sleep
|rule|Species Clause: Limit one of each PokÃ©mon
|rule|OHKO Clause: OHKO moves are banned
|rule|Moody Clause: Moody is banned
|rule|Evasion Moves Clause: Evasion moves are banned
|rule|Endless Battle Clause: Forcing endless battles is banned
|rule|HP Percentage Mod: HP is shown in percentages
|teampreview
|c|ârnd900|you too
|join|HigherThanRotom-F
|
|start
|switch|p1a: Heatran|Heatran, F|324\/324
|switch|p2a: Bisharp|Bisharp, F|271\/271
|-item|p1a: Heatran|Air Balloon
|turn|1
|c|âOx the Box|el misclick
|c| HigherThanRotom-F|o rly
|c| HigherThanRotom-F|blaming missclicks eh?
|
|switch|p2a: Keldeo|Keldeo|323\/323
|move|p1a: Heatran|Stealth Rock|p2a: Keldeo
|-sidestart|p2: Ox the Box|move: Stealth Rock
|
|turn|2
|
|switch|p2a: Ferrothorn|Ferrothorn, M|352\/352
|-damage|p2a: Ferrothorn|330\/352|[from] Stealth Rock
|switch|p1a: Latias|Latias, F|302\/302
|
|turn|3
|
|switch|p1a: Heatran|Heatran, F|324\/324
|-item|p1a: Heatran|Air Balloon
|move|p2a: Ferrothorn|Stealth Rock|p1a: Heatran
|-sidestart|p1: rnd900|move: Stealth Rock
|
|turn|4
|
|move|p2a: Ferrothorn|Protect|p2a: Ferrothorn
|-singleturn|p2a: Ferrothorn|Protect
|move|p1a: Heatran|Will-O-Wisp|p2a: Ferrothorn
|-activate|p2a: Ferrothorn|Protect
|
|turn|5
|
|switch|p2a: Keldeo|Keldeo|323\/323
|-damage|p2a: Keldeo|303\/323|[from] Stealth Rock
|move|p1a: Heatran|Lava Plume|p2a: Keldeo
|-crit|p2a: Keldeo
|-resisted|p2a: Keldeo
|-damage|p2a: Keldeo|189\/323
|
|turn|6
|
|switch|p1a: Latias|Latias, F|302\/302
|-damage|p1a: Latias|265\/302|[from] Stealth Rock
|move|p2a: Keldeo|Scald|p1a: Latias
|-crit|p1a: Latias
|-resisted|p1a: Latias
|-damage|p1a: Latias|182\/302
|
|turn|7
|
|switch|p2a: Ferrothorn|Ferrothorn, M|330\/352
|-damage|p2a: Ferrothorn|308\/352|[from] Stealth Rock
|switch|p1a: Azumarill|Azumarill, M|401\/401
|-damage|p1a: Azumarill|351\/401|[from] Stealth Rock
|
|turn|8
|
|switch|p1a: Heatran|Heatran, F|324\/324
|-damage|p1a: Heatran|284\/324|[from] Stealth Rock
|-item|p1a: Heatran|Air Balloon
|move|p2a: Ferrothorn|Leech Seed|p1a: Heatran
|-start|p1a: Heatran|move: Leech Seed
|
|-damage|p1a: Heatran|244\/324|[from] Leech Seed|[of] p2a: Ferrothorn
|-heal|p2a: Ferrothorn|348\/352|[silent]
|turn|9
|
|switch|p2a: Keldeo|Keldeo|189\/323
|-damage|p2a: Keldeo|169\/323|[from] Stealth Rock
|move|p1a: Heatran|Lava Plume|p2a: Keldeo
|-resisted|p2a: Keldeo
|-damage|p2a: Keldeo|93\/323
|
|-damage|p1a: Heatran|204\/324|[from] Leech Seed|[of] p2a: Keldeo
|-heal|p2a: Keldeo|133\/323|[silent]
|turn|10
|
|switch|p1a: Latias|Latias, F|182\/302
|-damage|p1a: Latias|145\/302|[from] Stealth Rock
|move|p2a: Keldeo|Secret Sword|p1a: Latias
|-resisted|p1a: Latias
|-damage|p1a: Latias|60\/302
|
|turn|11
|
|move|p2a: Keldeo|Secret Sword|p1a: Latias
|-resisted|p1a: Latias
|-damage|p1a: Latias|0 fnt
|faint|p1a: Latias
|
|
|switch|p1a: Gliscor|Gliscor, M|352\/352
|-damage|p1a: Gliscor|308\/352|[from] Stealth Rock
|turn|12
|
|switch|p2a: Ferrothorn|Ferrothorn, M|348\/352
|-damage|p2a: Ferrothorn|326\/352|[from] Stealth Rock
|move|p1a: Gliscor|Swords Dance|p1a: Gliscor
|-boost|p1a: Gliscor|atk|2
|
|-status|p1a: Gliscor|tox|[from] item: Toxic Orb
|turn|13
|
|move|p1a: Gliscor|Swords Dance|p1a: Gliscor
|-boost|p1a: Gliscor|atk|2
|move|p2a: Ferrothorn|Leech Seed|p1a: Gliscor
|-start|p1a: Gliscor|move: Leech Seed
|
|-damage|p1a: Gliscor|264\/352 tox|[from] Leech Seed|[of] p2a: Ferrothorn
|-heal|p2a: Ferrothorn|352\/352|[silent]
|-heal|p1a: Gliscor|308\/352 tox|[from] ability: Poison Heal
|turn|14
|c| HigherThanRotom-F|use aggility
|c| HigherThanRotom-F|now
|
|move|p1a: Gliscor|Swords Dance|p1a: Gliscor
|-boost|p1a: Gliscor|atk|2
|move|p2a: Ferrothorn|Gyro Ball|p1a: Gliscor
|-damage|p1a: Gliscor|193\/352 tox
|
|-damage|p1a: Gliscor|149\/352 tox|[from] Leech Seed|[of] p2a: Ferrothorn
|-heal|p1a: Gliscor|193\/352 tox|[from] ability: Poison Heal
|turn|15
|c| HigherThanRotom-F|gliscor be ballinz
|
|move|p1a: Gliscor|Earthquake|p2a: Ferrothorn
|-damage|p2a: Ferrothorn|90\/352
|move|p2a: Ferrothorn|Gyro Ball|p1a: Gliscor
|-damage|p1a: Gliscor|58\/352 tox
|
|-damage|p1a: Gliscor|14\/352 tox|[from] Leech Seed|[of] p2a: Ferrothorn
|-heal|p2a: Ferrothorn|134\/352|[silent]
|-heal|p1a: Gliscor|58\/352 tox|[from] ability: Poison Heal
|turn|16
|
|move|p2a: Ferrothorn|Protect|p2a: Ferrothorn
|-singleturn|p2a: Ferrothorn|Protect
|move|p1a: Gliscor|Baton Pass|p1a: Gliscor
|
|switch|p1a: Lopunny|Lopunny, M|272\/272
|-damage|p1a: Lopunny|238\/272|[from] Stealth Rock
|
|-damage|p1a: Lopunny|204\/272|[from] Leech Seed|[of] p2a: Ferrothorn
|-heal|p2a: Ferrothorn|168\/352|[silent]
|turn|17
|c|âOx the Box|rekt lol
|c| HigherThanRotom-F|should of gone dragonite
|
|detailschange|p1a: Lopunny|Lopunny-Mega, M
|-mega|p1a: Lopunny|Lopunny|Lopunnite
|move|p1a: Lopunny|Drain Punch|p2a: Ferrothorn
|-supereffective|p2a: Ferrothorn
|-damage|p2a: Ferrothorn|0 fnt
|-heal|p1a: Lopunny|272\/272|[from] drain|[of] p2a: Ferrothorn
|-damage|p1a: Lopunny|238\/272|[from] ability: Iron Barbs|[of] p2a: Ferrothorn
|-damage|p1a: Lopunny|193\/272|[from] item: Rocky Helmet|[of] p2a: Ferrothorn
|faint|p2a: Ferrothorn
|
|c|ârnd900|i know
|c| HigherThanRotom-F|he ha scarfed keldeo
|c|âOx the Box|yeah
|c|ârnd900|misplay
|c|âOx the Box|I havea feeling this is quick atk
|c|âOx the Box|I had no reason not to gyro
|c|âOx the Box|protect was a choke ;_;
|
|switch|p2a: Keldeo|Keldeo|133\/323
|-damage|p2a: Keldeo|113\/323|[from] Stealth Rock
|turn|18
|
|move|p1a: Lopunny|Quick Attack|p2a: Keldeo
|-damage|p2a: Keldeo|0 fnt
|faint|p2a: Keldeo
|
|c| HigherThanRotom-F|lol
|c|âOx the Box|i cri everytime
|
|switch|p2a: Landorus-Therian|Landorus-Therian, M|319\/319
|-damage|p2a: Landorus-Therian|280\/319|[from] Stealth Rock
|-ability|p2a: Landorus-Therian|Intimidate|[of] p1a: Lopunny
|-unboost|p1a: Lopunny|atk|1
|turn|19
|c| HigherThanRotom-F|*eretim
|
|move|p1a: Lopunny|Quick Attack|p2a: Landorus-Therian
|-damage|p2a: Landorus-Therian|25\/319
|move|p2a: Landorus-Therian|Earthquake|p1a: Lopunny
|-damage|p1a: Lopunny|0 fnt
|faint|p1a: Lopunny
|
|c| HigherThanRotom-F|noooo
|c| HigherThanRotom-F|the drea,
|c| HigherThanRotom-F|*dream
|c| HigherThanRotom-F|the dreammmmmm
|c|âOx the Box|can I still win
|
|switch|p1a: Gliscor|Gliscor, M|58\/352 tox
|-damage|p1a: Gliscor|14\/352 tox|[from] Stealth Rock
|turn|20
|c| HigherThanRotom-F|idk
|c|âOx the Box|i think so
|
|switch|p2a: Celebi|Celebi|403\/403
|-damage|p2a: Celebi|353\/403|[from] Stealth Rock
|move|p1a: Gliscor|Roost|p1a: Gliscor
|-heal|p1a: Gliscor|190\/352 tox
|
|-heal|p2a: Celebi|378\/403|[from] item: Leftovers
|-heal|p1a: Gliscor|234\/352 tox|[from] ability: Poison Heal
|turn|21
|c| HigherThanRotom-F|now sd pass to dragonite and win
|c|âOx the Box|pls cancel
|c|âOx the Box|PLEASE
|
|move|p1a: Gliscor|Swords Dance|p1a: Gliscor
|-boost|p1a: Gliscor|atk|2
|move|p2a: Celebi|Baton Pass|p2a: Celebi
|
|switch|p2a: Manectric|Manectric, M|281\/281
|-damage|p2a: Manectric|246\/281|[from] Stealth Rock
|
|-heal|p1a: Gliscor|278\/352 tox|[from] ability: Poison Heal
|turn|22
|c| HigherThanRotom-F|rut ro
|c| HigherThanRotom-F|hp ice
|c|âOx the Box|higher are u cleaner
|c|ârnd900|252 SpA Mega Manectric Hidden Power Ice vs. 244 HP \/ 184+ SpD Gliscor: 248-296 (70.4 - 84%) -- guaranteed 2HKO after Stealth Rock and Poison Heal
|c| HigherThanRotom-F|no,
|c| HigherThanRotom-F|I'm his alternate personality
|c|âOx the Box|cleaner is mah fucking nigga mah fucking nigga
|c|âOx the Box|rank
|
|detailschange|p2a: Manectric|Manectric-Mega, M
|-mega|p2a: Manectric|Manectric|Manectite
|-ability|p2a: Manectric|Intimidate|[of] p1a: Gliscor
|-unboost|p1a: Gliscor|atk|1
|move|p2a: Manectric|Hidden Power|p1a: Gliscor
|-supereffective|p1a: Gliscor
|-damage|p1a: Gliscor|26\/352 tox
|move|p1a: Gliscor|Earthquake|p2a: Manectric
|-supereffective|p2a: Manectric
|-damage|p2a: Manectric|0 fnt
|faint|p2a: Manectric
|
|-heal|p1a: Gliscor|70\/352 tox|[from] ability: Poison Heal
|
|switch|p2a: Landorus-Therian|Landorus-Therian, M|25\/319
|-damage|p2a: Landorus-Therian|0 fnt|[from] Stealth Rock
|faint|p2a: Landorus-Therian
|c|âOx the Box|manectric sucks ;_;
|
|switch|p2a: Bisharp|Bisharp, F|271\/271
|-damage|p2a: Bisharp|255\/271|[from] Stealth Rock
|turn|23
|c|âOx the Box|catch this predict
|
|move|p2a: Bisharp|Iron Head|p1a: Gliscor
|-damage|p1a: Gliscor|0 fnt
|-damage|p2a: Bisharp|228\/271|[from] item: Life Orb
|faint|p1a: Gliscor
|
|
|switch|p1a: Heatran|Heatran, F|204\/324
|-damage|p1a: Heatran|164\/324|[from] Stealth Rock
|-item|p1a: Heatran|Air Balloon
|turn|24
|c| HigherThanRotom-F|wut
|c|âOx the Box|yeah I still don't know why I protected
|c| HigherThanRotom-F|y u protect bro
|
|move|p1a: Heatran|Will-O-Wisp|p2a: Bisharp|[miss]
|-miss|p1a: Heatran|p2a: Bisharp
|move|p2a: Bisharp|Knock Off|p1a: Heatran
|-damage|p1a: Heatran|0 fnt
|-enditem|p1a: Heatran|Air Balloon
|-enditem|p1a: Heatran|Air Balloon|[from] move: Knock Off|[of] p2a: Bisharp
|-damage|p2a: Bisharp|201\/271|[from] item: Life Orb
|faint|p1a: Heatran
|
|c|âOx the Box|OH SHIT
|c|ârnd900|yeah ....
|c| HigherThanRotom-F|lol bisharp want none of tht
|join|Alldaalts
|c|âOx the Box|dragonite still wins
|c| HigherThanRotom-F|or does it
|c|âOx the Box|timer
|
|switch|p1a: Azumarill|Azumarill, M|351\/401
|-damage|p1a: Azumarill|301\/401|[from] Stealth Rock
|turn|25
|c| HigherThanRotom-F|Nooo
|c|ârnd900|wow
|c| HigherThanRotom-F|that waz close
|c|ârnd900|i'm gonna lose this
|c|âOx the Box|nah u still win
|
|switch|p2a: Celebi|Celebi|378\/403
|-damage|p2a: Celebi|328\/403|[from] Stealth Rock
|move|p1a: Azumarill|Waterfall|p2a: Celebi
|-resisted|p2a: Celebi
|-damage|p2a: Celebi|238\/403
|
|-heal|p2a: Celebi|263\/403|[from] item: Leftovers
|turn|26
|c|âOx the Box|50 50 here
|
|move|p2a: Celebi|Giga Drain|p1a: Azumarill
|-supereffective|p1a: Azumarill
|-damage|p1a: Azumarill|155\/401
|-heal|p2a: Celebi|336\/403|[from] drain|[of] p1a: Azumarill
|move|p1a: Azumarill|Knock Off|p2a: Celebi
|-supereffective|p2a: Celebi
|-damage|p2a: Celebi|42\/403
|-enditem|p2a: Celebi|Leftovers|[from] move: Knock Off|[of] p1a: Azumarill
|
|turn|27
|c|âOx the Box|yah u win
|c|âOx the Box|4 sure
|
|move|p2a: Celebi|Nasty Plot|p2a: Celebi
|-boost|p2a: Celebi|spa|2
|move|p1a: Azumarill|Knock Off|p2a: Celebi
|-supereffective|p2a: Celebi
|-damage|p2a: Celebi|0 fnt
|faint|p2a: Celebi
|
|c| HigherThanRotom-F|that nasty plot tho
|
|switch|p2a: Bisharp|Bisharp, F|201\/271
|-damage|p2a: Bisharp|185\/271|[from] Stealth Rock
|turn|28
|c|âOx the Box|I couldn't give dragonite a free dd
|c|âOx the Box|252+ Atk Life Orb Bisharp Knock Off (97.5 BP) vs. 0 HP \/ 4 Def Dragonite: 230-270 (71.2 - 83.5%) -- 68.8% chance to OHKO after Stealth Rock
|c|âOx the Box|comes down to this
|
|move|p1a: Azumarill|Aqua Jet|p2a: Bisharp
|-damage|p2a: Bisharp|104\/271
|move|p2a: Bisharp|Iron Head|p1a: Azumarill
|-damage|p1a: Azumarill|0 fnt
|-damage|p2a: Bisharp|77\/271|[from] item: Life Orb
|faint|p1a: Azumarill
|
|c|âOx the Box|e speed doesn't kill from banded
|
|switch|p1a: Arceus Jr.|Dragonite, M|323\/323
|-damage|p1a: Arceus Jr.|243\/323|[from] Stealth Rock
|turn|29
|c|âOx the Box|gl
|c|ârnd900|it kills
|c| HigherThanRotom-F|dudududuudududududdududud
|c|ârnd900|its a roll
|c| Alldaalts|gg
|c|âOx the Box|im bulky
|
|move|p1a: Arceus Jr.|Extreme Speed|p2a: Bisharp
|-resisted|p2a: Bisharp
|-damage|p2a: Bisharp|0 fnt
|faint|p2a: Bisharp
|
|win|rnd900
|raw|Ladder updating...
|c|âOx the Box|gg
|c|âOx the Box|u deserved it
|raw|rnd900's rating: 1742 &rarr; <strong>1757<\/strong><br \/>(+15 for winning)
|raw|Ox the Box's rating: 1653 &rarr; <strong>1638<\/strong><br \/>(-15 for losing)
|c|ârnd900|gg
|leave|Ox the Box
|c| HigherThanRotom-F|ooooooo gg
|leave|Alldaalts
|leave|HigherThanRotom-F
|player|p2