|join|rnd900
|join|AlexAmparano
|player|p1|rnd900|102
|player|p2|AlexAmparano|148
|gametype|singles
|gen|6
|tier|OU (suspect test)
|rated
|clearpoke
|poke|p1|Lickilicky, M
|poke|p1|Skarmory, M
|poke|p1|Blissey, F
|poke|p1|Thundurus, M
|poke|p1|Torkoal, F
|poke|p1|Chesnaught, M
|poke|p2|Jirachi, shiny
|poke|p2|Azelf
|poke|p2|Celebi
|poke|p2|Dragonite, M, shiny
|poke|p2|Forretress, M
|poke|p2|Excadrill, F
|rule|Swagger Clause: Swagger is banned
|rule|Baton Pass Clause: Limit one PokÃ©mon knowing Baton Pass
|rule|Sleep Clause Mod: Limit one foe put to sleep
|rule|Species Clause: Limit one of each PokÃ©mon
|rule|OHKO Clause: OHKO moves are banned
|rule|Moody Clause: Moody is banned
|rule|Evasion Moves Clause: Evasion moves are banned
|rule|Endless Battle Clause: Forcing endless battles is banned
|rule|HP Percentage Mod: HP is shown in percentages
|teampreview
|
|start
|switch|p1a: Skarmory|Skarmory, M|272\/272
|switch|p2a: Trinity|Jirachi, shiny|404\/404
|turn|1
|
|move|p1a: Skarmory|Swords Dance|p1a: Skarmory
|-boost|p1a: Skarmory|atk|2
|move|p2a: Trinity|Thunder Wave|p1a: Skarmory
|-status|p1a: Skarmory|par
|
|turn|2
|
|switch|p2a: ZelF|Azelf|291\/291
|move|p1a: Skarmory|Stealth Rock|p2a: ZelF
|-sidestart|p2: AlexAmparano|move: Stealth Rock
|
|turn|3
|
|move|p2a: ZelF|Flamethrower|p1a: Skarmory
|-crit|p1a: Skarmory
|-supereffective|p1a: Skarmory
|-activate|p1a: Skarmory|Sturdy
|-damage|p1a: Skarmory|1\/272 par
|move|p1a: Skarmory|Brave Bird|p2a: ZelF
|-damage|p2a: ZelF|0 fnt
|-damage|p1a: Skarmory|0 fnt|[from] recoil|[of] p2a: ZelF
|faint|p2a: ZelF
|faint|p1a: Skarmory
|
|c|âAlexAmparano|did you know my azelf has explosion?
|
|switch|p1a: Chesnaught|Chesnaught, M|320\/320
|switch|p2a: Trinity|Jirachi, shiny|404\/404
|-damage|p2a: Trinity|379\/404|[from] Stealth Rock
|turn|4
|c|ârnd900|no
|
|switch|p1a: Torkoal|Torkoal, F|281\/281
|move|p2a: Trinity|Thunder Wave|p1a: Torkoal
|-status|p1a: Torkoal|par
|
|-heal|p2a: Trinity|404\/404|[from] item: Leftovers
|turn|5
|c|âAlexAmparano|well that was the surprise
|
|switch|p2a: BigMac|Dragonite, M, shiny|350\/350
|-damage|p2a: BigMac|263\/350|[from] Stealth Rock
|cant|p1a: Torkoal|par
|
|-heal|p2a: BigMac|284\/350|[from] item: Leftovers
|turn|6
|
|switch|p1a: Lickilicky|Lickilicky, M|424\/424
|move|p2a: BigMac|Dragon Dance|p2a: BigMac
|-boost|p2a: BigMac|atk|1
|-boost|p2a: BigMac|spe|1
|
|-heal|p2a: BigMac|305\/350|[from] item: Leftovers
|turn|7
|
|move|p2a: BigMac|Outrage|p1a: Lickilicky
|-damage|p1a: Lickilicky|117\/424
|move|p1a: Lickilicky|Explosion|p2a: BigMac
|-damage|p2a: BigMac|0 fnt
|faint|p1a: Lickilicky
|faint|p2a: BigMac
|
|c|âAlexAmparano|hahahaaahah
|c|ârnd900|power
|
|switch|p1a: Chesnaught|Chesnaught, M|320\/320
|switch|p2a: 4-3|Forretress, M|354\/354
|-damage|p2a: 4-3|310\/354|[from] Stealth Rock
|turn|8
|
|move|p1a: Chesnaught|Substitute|p1a: Chesnaught
|-start|p1a: Chesnaught|Substitute
|-damage|p1a: Chesnaught|240\/320
|move|p2a: 4-3|Rapid Spin|p1a: Chesnaught
|-activate|p1a: Chesnaught|Substitute|[damage]
|-sideend|p2: AlexAmparano|Stealth Rock|[from] move: Rapid Spin|[of] p2a: 4-3
|
|turn|9
|
|move|p1a: Chesnaught|Belly Drum|p1a: Chesnaught
|-damage|p1a: Chesnaught|80\/320
|-setboost|p1a: Chesnaught|atk|6|[from] move: Belly Drum
|-enditem|p1a: Chesnaught|Salac Berry|[eat]
|-boost|p1a: Chesnaught|spe|1|[from] item: Salac Berry
|move|p2a: 4-3|Stealth Rock|p1a: Chesnaught
|-sidestart|p1: rnd900|move: Stealth Rock
|
|turn|10
|c|ârnd900|rape time
|
|switch|p2a: Trinity|Jirachi, shiny|404\/404
|move|p1a: Chesnaught|Drain Punch|p2a: Trinity
|-damage|p2a: Trinity|0 fnt
|-heal|p1a: Chesnaught|282\/320|[from] drain|[of] p2a: Trinity
|faint|p2a: Trinity
|
|c|âAlexAmparano|i can see
|
|switch|p2a: Bi-|Celebi|404\/404
|turn|11
|
|move|p1a: Chesnaught|Seed Bomb|p2a: Bi-
|-resisted|p2a: Bi-
|-damage|p2a: Bi-|143\/404
|move|p2a: Bi-|Psychic|p1a: Chesnaught
|-supereffective|p1a: Chesnaught
|-end|p1a: Chesnaught|Substitute
|
|-heal|p2a: Bi-|168\/404|[from] item: Leftovers
|turn|12
|
|switch|p2a: 4-3|Forretress, M|310\/354
|move|p1a: Chesnaught|Drain Punch|p2a: 4-3
|-damage|p2a: 4-3|63\/354
|-heal|p1a: Chesnaught|320\/320|[from] drain|[of] p2a: 4-3
|
|turn|13
|
|move|p1a: Chesnaught|Drain Punch|p2a: 4-3
|-damage|p2a: 4-3|0 fnt
|faint|p2a: 4-3
|
|
|switch|p2a: Be-Drill|Excadrill, F|423\/423
|-ability|p2a: Be-Drill|Mold Breaker
|turn|14
|
|move|p1a: Chesnaught|Drain Punch|p2a: Be-Drill
|-supereffective|p2a: Be-Drill
|-damage|p2a: Be-Drill|0 fnt
|faint|p2a: Be-Drill
|
|-message|AlexAmparano forfeited.
|leave|AlexAmparano
|
|win|rnd900
|raw|Ladder updating...
|player|p2
|raw|rnd900's rating: 1235 &rarr; <strong>1259<\/strong><br \/>(+24 for winning)
|raw|AlexAmparano's rating: 1221 &rarr; <strong>1197<\/strong><br \/>(-24 for losing)