|join|outestingalt
|join|rnd900
|player|p1|outestingalt|290
|player|p2|rnd900|101
|gametype|singles
|gen|6
|tier|OU (suspect test)
|rated
|clearpoke
|poke|p1|Lopunny, M
|poke|p1|Kyurem-Black, shiny
|poke|p1|Landorus-Therian, M
|poke|p1|Keldeo
|poke|p1|Latios, M
|poke|p1|Clefable, F
|poke|p2|Shedinja
|poke|p2|Lickilicky, F
|poke|p2|Skarmory, M
|poke|p2|Sawk, M
|poke|p2|Blissey, F
|poke|p2|Thundurus, M
|rule|Swagger Clause: Swagger is banned
|rule|Baton Pass Clause: Limit one PokÃ©mon knowing Baton Pass
|rule|Sleep Clause Mod: Limit one foe put to sleep
|rule|Species Clause: Limit one of each PokÃ©mon
|rule|OHKO Clause: OHKO moves are banned
|rule|Moody Clause: Moody is banned
|rule|Evasion Moves Clause: Evasion moves are banned
|rule|Endless Battle Clause: Forcing endless battles is banned
|rule|HP Percentage Mod: HP is shown in percentages
|teampreview
|
|start
|switch|p1a: Landorus-Therian|Landorus-Therian, M|381\/381
|switch|p2a: Shedinja|Shedinja|1\/1
|-ability|p1a: Landorus-Therian|Intimidate|[of] p2a: Shedinja
|-unboost|p2a: Shedinja|atk|1
|turn|1
|
|switch|p2a: Sawk|Sawk, M|292\/292
|move|p1a: Landorus-Therian|Stealth Rock|p2a: Sawk
|-sidestart|p2: rnd900|move: Stealth Rock
|
|turn|2
|
|move|p2a: Sawk|Focus Blast|p1a: Landorus-Therian|[miss]
|-miss|p2a: Sawk|p1a: Landorus-Therian
|move|p1a: Landorus-Therian|U-turn|p2a: Sawk
|-resisted|p2a: Sawk
|-damage|p2a: Sawk|245\/292
|
|switch|p1a: Latios|Latios, M|301\/301
|
|-heal|p2a: Sawk|263\/292|[from] item: Leftovers
|turn|3
|
|switch|p2a: Shedinja|Shedinja|1\/1
|-damage|p2a: Shedinja|0 fnt|[from] Stealth Rock
|faint|p2a: Shedinja
|move|p1a: Latios|Psyshock|p2: Shedinja|[notarget]
|-notarget
|
|
|switch|p2a: Thundurus|Thundurus, M|362\/362
|-damage|p2a: Thundurus|272\/362|[from] Stealth Rock
|turn|4
|
|switch|p1a: Clefable|Clefable, F|394\/394
|move|p2a: Thundurus|Bulk Up|p2a: Thundurus
|-boost|p2a: Thundurus|atk|1
|-boost|p2a: Thundurus|def|1
|
|-heal|p2a: Thundurus|294\/362|[from] item: Leftovers
|turn|5
|
|move|p2a: Thundurus|Bulk Up|p2a: Thundurus
|-boost|p2a: Thundurus|atk|1
|-boost|p2a: Thundurus|def|1
|move|p1a: Clefable|Moonblast|p2a: Thundurus
|-damage|p2a: Thundurus|201\/362
|
|-heal|p2a: Thundurus|223\/362|[from] item: Leftovers
|turn|6
|
|move|p2a: Thundurus|Bulk Up|p2a: Thundurus
|-boost|p2a: Thundurus|atk|1
|-boost|p2a: Thundurus|def|1
|move|p1a: Clefable|Moonblast|p2a: Thundurus
|-damage|p2a: Thundurus|141\/362
|-unboost|p2a: Thundurus|spa|1
|
|-heal|p2a: Thundurus|163\/362|[from] item: Leftovers
|turn|7
|
|move|p2a: Thundurus|Bulk Up|p2a: Thundurus
|-boost|p2a: Thundurus|atk|1
|-boost|p2a: Thundurus|def|1
|move|p1a: Clefable|Moonblast|p2a: Thundurus
|-damage|p2a: Thundurus|73\/362
|
|-heal|p2a: Thundurus|95\/362|[from] item: Leftovers
|turn|8
|
|move|p2a: Thundurus|Bulk Up|p2a: Thundurus
|-boost|p2a: Thundurus|atk|1
|-boost|p2a: Thundurus|def|1
|move|p1a: Clefable|Moonblast|p2a: Thundurus
|-damage|p2a: Thundurus|10\/362
|
|-heal|p2a: Thundurus|32\/362|[from] item: Leftovers
|turn|9
|
|move|p2a: Thundurus|Rest|p2a: Thundurus
|-status|p2a: Thundurus|slp
|-heal|p2a: Thundurus|362\/362 slp|[silent]
|-status|p2a: Thundurus|slp|[from] move: Rest
|move|p1a: Clefable|Calm Mind|p1a: Clefable
|-boost|p1a: Clefable|spa|1
|-boost|p1a: Clefable|spd|1
|
|turn|10
|
|cant|p2a: Thundurus|slp
|move|p2a: Thundurus|Sleep Talk|p2a: Thundurus
|move|p2a: Thundurus|Bulk Up|p2a: Thundurus|[from]Sleep Talk
|-boost|p2a: Thundurus|atk|1
|-boost|p2a: Thundurus|def|1
|move|p1a: Clefable|Calm Mind|p1a: Clefable
|-boost|p1a: Clefable|spa|1
|-boost|p1a: Clefable|spd|1
|
|turn|11
|
|cant|p2a: Thundurus|slp
|move|p2a: Thundurus|Sleep Talk|p2a: Thundurus
|move|p2a: Thundurus|Rest|p2a: Thundurus|[from]Sleep Talk
|-fail|p2a: Thundurus
|move|p1a: Clefable|Moonblast|p2a: Thundurus
|-damage|p2a: Thundurus|169\/362 slp
|
|-heal|p2a: Thundurus|191\/362 slp|[from] item: Leftovers
|turn|12
|
|-curestatus|p2a: Thundurus|slp
|move|p2a: Thundurus|Fly|p1a: Clefable|[still]
|-prepare|p2a: Thundurus|Fly|p1a: Clefable
|move|p1a: Clefable|Moonblast|p2a: Thundurus|[miss]
|-miss|p1a: Clefable|p2a: Thundurus
|
|-heal|p2a: Thundurus|213\/362|[from] item: Leftovers
|turn|13
|
|switch|p1a: Landorus-Therian|Landorus-Therian, M|381\/381
|-ability|p1a: Landorus-Therian|Intimidate|[of] p2a: Thundurus
|-unboost|p2a: Thundurus|atk|1
|move|p2a: Thundurus|Fly|p1a: Landorus-Therian
|-damage|p1a: Landorus-Therian|41\/381
|
|-heal|p2a: Thundurus|235\/362|[from] item: Leftovers
|-heal|p1a: Landorus-Therian|64\/381|[from] item: Leftovers
|turn|14
|
|move|p2a: Thundurus|Fly|p1a: Landorus-Therian|[still]
|-prepare|p2a: Thundurus|Fly|p1a: Landorus-Therian
|move|p1a: Landorus-Therian|Stone Edge|p2a: Thundurus|[miss]
|-miss|p1a: Landorus-Therian|p2a: Thundurus
|
|-heal|p2a: Thundurus|257\/362|[from] item: Leftovers
|-heal|p1a: Landorus-Therian|87\/381|[from] item: Leftovers
|turn|15
|
|move|p2a: Thundurus|Fly|p1a: Landorus-Therian
|-damage|p1a: Landorus-Therian|0 fnt
|faint|p1a: Landorus-Therian
|
|-heal|p2a: Thundurus|279\/362|[from] item: Leftovers
|
|switch|p1a: Keldeo|Keldeo|323\/323
|turn|16
|
|move|p1a: Keldeo|Icy Wind|p2a: Thundurus
|-miss|p1a: Keldeo|p2a: Thundurus
|move|p2a: Thundurus|Fly|p1a: Keldeo|[still]
|-prepare|p2a: Thundurus|Fly|p1a: Keldeo
|
|-heal|p2a: Thundurus|301\/362|[from] item: Leftovers
|turn|17
|c|âoutestingalt|are you
|c|âoutestingalt|kidding me
|c|ârnd900|lel
|c|âoutestingalt|my one win condition
|c|âoutestingalt|misses
|
|switch|p1a: Clefable|Clefable, F|394\/394
|move|p2a: Thundurus|Fly|p1a: Clefable
|-damage|p1a: Clefable|0 fnt
|faint|p1a: Clefable
|
|-heal|p2a: Thundurus|323\/362|[from] item: Leftovers
|
|switch|p1a: Keldeo|Keldeo|323\/323
|turn|18
|
|move|p1a: Keldeo|Icy Wind|p2a: Thundurus
|-supereffective|p2a: Thundurus
|-damage|p2a: Thundurus|221\/362
|-unboost|p2a: Thundurus|spe|1
|move|p2a: Thundurus|Fly|p1a: Keldeo|[still]
|-prepare|p2a: Thundurus|Fly|p1a: Keldeo
|
|-heal|p2a: Thundurus|243\/362|[from] item: Leftovers
|turn|19
|
|move|p1a: Keldeo|Icy Wind|p2a: Thundurus
|-miss|p1a: Keldeo|p2a: Thundurus
|move|p2a: Thundurus|Fly|p1a: Keldeo
|-supereffective|p1a: Keldeo
|-damage|p1a: Keldeo|0 fnt
|faint|p1a: Keldeo
|
|-heal|p2a: Thundurus|265\/362|[from] item: Leftovers
|
|switch|p1a: Kyurem-Black|Kyurem-Black, shiny|391\/391
|-ability|p1a: Kyurem-Black|Teravolt
|turn|20
|
|move|p2a: Thundurus|Rest|p2a: Thundurus
|-status|p2a: Thundurus|slp
|-heal|p2a: Thundurus|362\/362 slp|[silent]
|-status|p2a: Thundurus|slp|[from] move: Rest
|move|p1a: Kyurem-Black|Ice Beam|p2a: Thundurus
|-supereffective|p2a: Thundurus
|-damage|p2a: Thundurus|144\/362 slp
|
|-heal|p2a: Thundurus|166\/362 slp|[from] item: Leftovers
|turn|21
|
|cant|p2a: Thundurus|slp
|move|p2a: Thundurus|Sleep Talk|p2a: Thundurus
|move|p2a: Thundurus|Rest|p2a: Thundurus|[from]Sleep Talk
|-fail|p2a: Thundurus
|move|p1a: Kyurem-Black|Ice Beam|p2a: Thundurus
|-supereffective|p2a: Thundurus
|-damage|p2a: Thundurus|0 fnt
|faint|p2a: Thundurus
|
|
|switch|p2a: Blissey|Blissey, F|652\/652
|-damage|p2a: Blissey|571\/652|[from] Stealth Rock
|turn|22
|
|move|p1a: Kyurem-Black|Fusion Bolt|p2a: Blissey
|-damage|p2a: Blissey|295\/652
|move|p2a: Blissey|Hyper Beam|p1a: Kyurem-Black
|-damage|p1a: Kyurem-Black|150\/391
|
|turn|23
|
|move|p1a: Kyurem-Black|Fusion Bolt|p2a: Blissey
|-damage|p2a: Blissey|0 fnt
|faint|p2a: Blissey
|
|
|switch|p2a: Sawk|Sawk, M|263\/292
|-damage|p2a: Sawk|245\/292|[from] Stealth Rock
|turn|24
|c|âoutestingalt|i like those specs
|c|ârnd900|powa
|
|switch|p1a: Latios|Latios, M|301\/301
|move|p2a: Sawk|Focus Blast|p1a: Latios|[miss]
|-miss|p2a: Sawk|p1a: Latios
|
|-heal|p2a: Sawk|263\/292|[from] item: Leftovers
|turn|25
|c|âoutestingalt|sylveon with pixilite does more
|
|move|p1a: Latios|Psyshock|p2a: Sawk
|-supereffective|p2a: Sawk
|-damage|p2a: Sawk|0 fnt
|-damage|p1a: Latios|271\/301|[from] item: Life Orb
|faint|p2a: Sawk
|
|
|switch|p2a: Skarmory|Skarmory, M|272\/272
|-damage|p2a: Skarmory|238\/272|[from] Stealth Rock
|turn|26
|
|move|p1a: Latios|Draco Meteor|p2a: Skarmory|[miss]
|-miss|p1a: Latios|p2a: Skarmory
|move|p2a: Skarmory|Brave Bird|p1a: Latios
|-damage|p1a: Latios|16\/301
|-damage|p2a: Skarmory|154\/272|[from] recoil|[of] p1a: Latios
|-damage|p2a: Skarmory|127\/272|[from] item: Life Orb
|
|turn|27
|
|move|p1a: Latios|Draco Meteor|p2a: Skarmory
|-resisted|p2a: Skarmory
|-damage|p2a: Skarmory|0 fnt
|-unboost|p1a: Latios|spa|2
|-damage|p1a: Latios|0 fnt|[from] item: Life Orb
|faint|p2a: Skarmory
|faint|p1a: Latios
|
|c|âoutestingalt|all those bluffs
|c|âoutestingalt|i like your team
|
|switch|p1a: Lopunny|Lopunny, M|271\/271
|switch|p2a: Lickilicky|Lickilicky, F|424\/424
|-damage|p2a: Lickilicky|371\/424|[from] Stealth Rock
|turn|28
|c|ârnd900|the star of the team is life orb shedinja with final gambit
|c|âoutestingalt|LOL
|
|detailschange|p1a: Lopunny|Lopunny-Mega, M
|-mega|p1a: Lopunny|Lopunny|Lopunnite
|move|p1a: Lopunny|Fake Out|p2a: Lickilicky
|-damage|p2a: Lickilicky|286\/424
|cant|p2a: Lickilicky|flinch
|
|turn|29
|c|ârnd900|let me explode
|c|âoutestingalt|naw
|c|ârnd900|switch to kyurem :(
|c|âoutestingalt|lopunny needs a kill
|c|âoutestingalt|sowwy
|
|move|p1a: Lopunny|High Jump Kick|p2a: Lickilicky
|-supereffective|p2a: Lickilicky
|-damage|p2a: Lickilicky|0 fnt
|faint|p2a: Lickilicky
|
|win|outestingalt
|raw|Ladder updating...
|c|ârnd900|aw
|c|âoutestingalt|but gg
|c|ârnd900|gg
|raw|outestingalt's rating: 1386 &rarr; <strong>1411<\/strong><br \/>(+25 for winning)
|raw|rnd900's rating: 1465 &rarr; <strong>1441<\/strong><br \/>(-24 for losing)
|leave|rnd900