|join|okcoolyo
|join|Aeolia
|player|p1|okcoolyo|101
|player|p2|Aeolia|91
|gametype|singles
|gen|6
|tier|OU
|clearpoke
|poke|p1|Wynaut, F
|poke|p1|Kadabra, F
|poke|p2|Omanyte, F
|poke|p2|Escavalier, M
|rule|Swagger Clause: Swagger is banned
|rule|Baton Pass Clause: Limit one PokÃ©mon knowing Baton Pass
|rule|Sleep Clause Mod: Limit one foe put to sleep
|rule|Species Clause: Limit one of each PokÃ©mon
|rule|OHKO Clause: OHKO moves are banned
|rule|Moody Clause: Moody is banned
|rule|Evasion Moves Clause: Evasion moves are banned
|rule|Endless Battle Clause: Forcing endless battles is banned
|rule|HP Percentage Mod: HP is shown in percentages
|teampreview
|
|start
|switch|p1a: Wynaut|Wynaut, F|394\/394
|switch|p2a: Omanyte|Omanyte, F|212\/212
|turn|1
|join|EdenFire
|
|move|p2a: Omanyte|Surf|p1a: Wynaut
|-damage|p1a: Wynaut|295\/394
|move|p1a: Wynaut|Safeguard|p1a: Wynaut
|-sidestart|p1: okcoolyo|Safeguard
|
|turn|2
|
|move|p2a: Omanyte|Shell Smash|p2a: Omanyte
|-boost|p2a: Omanyte|atk|2
|-boost|p2a: Omanyte|spa|2
|-boost|p2a: Omanyte|spe|2
|-unboost|p2a: Omanyte|def|1
|-unboost|p2a: Omanyte|spd|1
|-enditem|p2a: Omanyte|White Herb
|-restoreboost|p2a: Omanyte|[silent]
|move|p1a: Wynaut|Mirror Coat|p2a: Omanyte
|-fail|p2a: Omanyte
|
|turn|3
|leave|EdenFire
|
|move|p2a: Omanyte|Surf|p1a: Wynaut
|-damage|p1a: Wynaut|105\/394
|move|p1a: Wynaut|Mirror Coat|p2a: Omanyte
|-damage|p2a: Omanyte|0 fnt
|faint|p2a: Omanyte
|
|
|switch|p2a: Escavalier|Escavalier, M|344\/344
|turn|4
|
|move|p2a: Escavalier|Knock Off|p1a: Wynaut
|-supereffective|p1a: Wynaut
|-damage|p1a: Wynaut|0 fnt
|-enditem|p1a: Wynaut|Eviolite|[from] move: Knock Off|[of] p2a: Escavalier
|faint|p1a: Wynaut
|
|
|switch|p1a: Kadabra|Kadabra, F|222\/222
|turn|5
|
|move|p1a: Kadabra|Shadow Ball|p2a: Escavalier
|-damage|p2a: Escavalier|287\/344
|move|p2a: Escavalier|Knock Off|p1a: Kadabra
|-supereffective|p1a: Kadabra
|-enditem|p1a: Kadabra|Focus Sash
|-damage|p1a: Kadabra|1\/222
|
|-sideend|p1: okcoolyo|Safeguard
|turn|6
|
|move|p1a: Kadabra|Shadow Ball|p2a: Escavalier
|-damage|p2a: Escavalier|230\/344
|-unboost|p2a: Escavalier|spd|1
|move|p2a: Escavalier|Knock Off|p1a: Kadabra
|-supereffective|p1a: Kadabra
|-damage|p1a: Kadabra|0 fnt
|faint|p1a: Kadabra
|
|win|Aeolia
|leave|okcoolyo
|player|p1