|join|okcoolyo
|join|eherostrato
|player|p1|okcoolyo|169
|player|p2|eherostrato|266
|gametype|singles
|gen|6
|tier|OU
|rated
|clearpoke
|poke|p1|Charizard, M
|poke|p1|Mandibuzz, F
|poke|p1|Conkeldurr, M
|poke|p1|Landorus, M
|poke|p1|Tyranitar, M
|poke|p1|Keldeo
|poke|p2|Breloom, M
|poke|p2|Deoxys-Speed
|poke|p2|Tyranitar, M
|poke|p2|Azumarill, F
|poke|p2|Talonflame, M
|poke|p2|Excadrill, M
|rule|Sleep Clause Mod: Limit one foe put to sleep
|rule|Species Clause: Limit one of each Pokemon
|rule|OHKO Clause: OHKO moves are banned
|rule|Moody Clause: Moody is banned
|rule|Evasion Moves Clause: Evasion moves are banned
|rule|Endless Battle Clause: Forcing endless battles is banned.
|rule|HP Percentage Mod: HP is reported as percentages
|teampreview
|
|start
|switch|p1a: Mandibuzz|Mandibuzz, F|424\/424
|switch|p2a: Talonflame|Talonflame, M|297\/297
|turn|1
|
|move|p2a: Talonflame|U-turn|p1a: Mandibuzz
|-damage|p1a: Mandibuzz|360\/424
|
|switch|p2a: Tyranitar|Tyranitar, M|341\/341
|-weather|Sandstorm
|move|p1a: Mandibuzz|Foul Play|p2a: Tyranitar
|-resisted|p2a: Tyranitar
|-damage|p2a: Tyranitar|260\/341
|
|-weather|Sandstorm|[upkeep]
|-heal|p1a: Mandibuzz|386\/424|[from] item: Leftovers
|turn|2
|
|detailschange|p2a: Tyranitar|Tyranitar-Mega, M
|message|Tyranitar has Mega Evolved into Mega Tyranitar!
|move|p2a: Tyranitar|Dragon Dance|p2a: Tyranitar
|-boost|p2a: Tyranitar|atk|1
|-boost|p2a: Tyranitar|spe|1
|move|p1a: Mandibuzz|Knock Off|p2a: Tyranitar
|-crit|p2a: Tyranitar
|-resisted|p2a: Tyranitar
|-damage|p2a: Tyranitar|233\/341
|
|-weather|Sandstorm|[upkeep]
|-heal|p1a: Mandibuzz|412\/424|[from] item: Leftovers
|turn|3
|
|move|p2a: Tyranitar|Stone Edge|p1a: Mandibuzz|[miss]
|-miss|p2a: Tyranitar|p1a: Mandibuzz
|move|p1a: Mandibuzz|Foul Play|p2a: Tyranitar
|-resisted|p2a: Tyranitar
|-damage|p2a: Tyranitar|128\/341
|
|-weather|Sandstorm|[upkeep]
|-heal|p1a: Mandibuzz|424\/424|[from] item: Leftovers
|turn|4
|
|switch|p1a: Conkeldurr|Conkeldurr, M|414\/414
|move|p2a: Tyranitar|Stone Edge|p1a: Conkeldurr
|-resisted|p1a: Conkeldurr
|-damage|p1a: Conkeldurr|239\/414
|
|-weather|Sandstorm|[upkeep]
|-damage|p1a: Conkeldurr|214\/414|[from] sandstorm
|turn|5
|
|switch|p2a: Azumarill|Azumarill, F|403\/403
|move|p1a: Conkeldurr|Drain Punch|p2a: Azumarill
|-resisted|p2a: Azumarill
|-damage|p2a: Azumarill|316\/403
|-heal|p1a: Conkeldurr|258\/414|[from] drain|[of] p2a: Azumarill
|
|-weather|none
|turn|6
|
|switch|p1a: Mandibuzz|Mandibuzz, F|424\/424
|move|p2a: Azumarill|Play Rough|p1a: Mandibuzz|[miss]
|-miss|p2a: Azumarill|p1a: Mandibuzz
|
|turn|7
|
|move|p1a: Mandibuzz|Foul Play|p2a: Azumarill
|-resisted|p2a: Azumarill
|-damage|p2a: Azumarill|259\/403
|move|p2a: Azumarill|Play Rough|p1a: Mandibuzz
|-supereffective|p1a: Mandibuzz
|-damage|p1a: Mandibuzz|152\/424
|
|-heal|p1a: Mandibuzz|178\/424|[from] item: Leftovers
|turn|8
|
|move|p1a: Mandibuzz|Knock Off|p2a: Azumarill
|-resisted|p2a: Azumarill
|-damage|p2a: Azumarill|207\/403
|-enditem|p2a: Azumarill|Assault Vest|[from] move: Knock Off|[of] p1a: Mandibuzz
|move|p2a: Azumarill|Play Rough|p1a: Mandibuzz
|-supereffective|p1a: Mandibuzz
|-damage|p1a: Mandibuzz|0 fnt
|faint|p1a: Mandibuzz
|
|
|switch|p1a: Charizard|Charizard, M|298\/298
|turn|9
|
|detailschange|p1a: Charizard|Charizard-Mega-Y, M
|message|Charizard has Mega Evolved into Mega Charizard!
|-weather|SunnyDay
|move|p1a: Charizard|Fire Blast|p2a: Azumarill
|-resisted|p2a: Azumarill
|-damage|p2a: Azumarill|0 fnt
|faint|p2a: Azumarill
|
|-weather|SunnyDay|[upkeep]
|
|switch|p2a: Tyranitar|Tyranitar-Mega, M|128\/341
|-weather|Sandstorm
|turn|10
|
|move|p1a: Charizard|Focus Blast|p2a: Tyranitar
|-supereffective|p2a: Tyranitar
|-damage|p2a: Tyranitar|0 fnt
|faint|p2a: Tyranitar
|
|-weather|Sandstorm|[upkeep]
|-damage|p1a: Charizard|280\/298|[from] sandstorm
|
|switch|p2a: Excadrill|Excadrill, M|361\/361
|turn|11
|
|switch|p1a: Conkeldurr|Conkeldurr, M|258\/414
|move|p2a: Excadrill|Rock Slide|p1a: Conkeldurr
|-resisted|p1a: Conkeldurr
|-damage|p1a: Conkeldurr|184\/414
|-damage|p2a: Excadrill|325\/361|[from] item: Life Orb
|
|-weather|Sandstorm|[upkeep]
|-damage|p1a: Conkeldurr|159\/414|[from] sandstorm
|turn|12
|
|switch|p2a: Talonflame|Talonflame, M|297\/297
|move|p1a: Conkeldurr|Mach Punch|p2a: Talonflame
|-resisted|p2a: Talonflame
|-damage|p2a: Talonflame|246\/297
|
|-weather|Sandstorm|[upkeep]
|-damage|p2a: Talonflame|228\/297|[from] sandstorm
|-damage|p1a: Conkeldurr|134\/414|[from] sandstorm
|turn|13
|
|switch|p1a: Tyranitar|Tyranitar, M|404\/404
|move|p2a: Talonflame|U-turn|p1a: Tyranitar
|-supereffective|p1a: Tyranitar
|-damage|p1a: Tyranitar|212\/404
|
|switch|p2a: Breloom|Breloom, M|261\/261
|
|-weather|Sandstorm|[upkeep]
|-damage|p2a: Breloom|245\/261|[from] sandstorm
|turn|14
|
|switch|p1a: Conkeldurr|Conkeldurr, M|134\/414
|move|p2a: Breloom|Mach Punch|p1a: Conkeldurr
|-damage|p1a: Conkeldurr|13\/414
|
|-weather|none
|turn|15
|
|move|p2a: Breloom|Mach Punch|p1a: Conkeldurr
|-damage|p1a: Conkeldurr|0 fnt
|faint|p1a: Conkeldurr
|
|
|switch|p1a: Charizard|Charizard-Mega-Y, M|280\/298
|-weather|SunnyDay
|turn|16
|
|switch|p2a: Talonflame|Talonflame, M|228\/297
|move|p1a: Charizard|Fire Blast|p2a: Talonflame|[miss]
|-miss|p1a: Charizard|p2a: Talonflame
|
|-weather|SunnyDay|[upkeep]
|turn|17
|
|switch|p1a: Tyranitar|Tyranitar, M|212\/404
|-weather|Sandstorm
|move|p2a: Talonflame|Brave Bird|p1a: Tyranitar
|-resisted|p1a: Tyranitar
|-damage|p1a: Tyranitar|104\/404
|-damage|p2a: Talonflame|192\/297|[from] recoil|[of] p1a: Tyranitar
|
|-weather|Sandstorm|[upkeep]
|-damage|p2a: Talonflame|174\/297|[from] sandstorm
|turn|18
|chat|okcoolyo|really needed that to hit
|
|move|p2a: Talonflame|Brave Bird|p1a: Tyranitar
|-resisted|p1a: Tyranitar
|-damage|p1a: Tyranitar|0 fnt
|-damage|p2a: Talonflame|140\/297|[from] recoil|[of] p1a: Tyranitar
|faint|p1a: Tyranitar
|
|-weather|Sandstorm|[upkeep]
|-damage|p2a: Talonflame|122\/297|[from] sandstorm
|
|switch|p1a: Landorus|Landorus, M|320\/320
|turn|19
|
|move|p2a: Talonflame|Brave Bird|p1a: Landorus
|-damage|p1a: Landorus|59\/320
|-damage|p2a: Talonflame|36\/297|[from] recoil|[of] p1a: Landorus
|move|p1a: Landorus|Psychic|p2a: Talonflame
|-damage|p2a: Talonflame|0 fnt
|faint|p2a: Talonflame
|
|-weather|Sandstorm|[upkeep]
|
|switch|p2a: Excadrill|Excadrill, M|325\/361
|turn|20
|
|switch|p1a: Keldeo|Keldeo|322\/322
|move|p2a: Excadrill|Iron Head|p1a: Keldeo
|-crit|p1a: Keldeo
|-resisted|p1a: Keldeo
|-damage|p1a: Keldeo|139\/322
|-damage|p2a: Excadrill|289\/361|[from] item: Life Orb
|
|-weather|Sandstorm|[upkeep]
|-damage|p1a: Keldeo|119\/322|[from] sandstorm
|turn|21
|
|switch|p1a: Charizard|Charizard-Mega-Y, M|280\/298
|-weather|SunnyDay
|move|p2a: Excadrill|Earthquake|p1a: Charizard
|-immune|p1a: Charizard|[msg]
|
|-weather|SunnyDay|[upkeep]
|turn|22
|
|move|p1a: Charizard|Fire Blast|p2a: Excadrill
|-supereffective|p2a: Excadrill
|-damage|p2a: Excadrill|0 fnt
|faint|p2a: Excadrill
|
|-weather|SunnyDay|[upkeep]
|
|switch|p2a: Deoxys-Speed|Deoxys-Speed|241\/241
|-ability|p2a: Deoxys-Speed|Pressure
|turn|23
|
|move|p2a: Deoxys-Speed|Psycho Boost|p1a: Charizard
|-damage|p1a: Charizard|37\/298
|-unboost|p2a: Deoxys-Speed|spa|2
|-damage|p2a: Deoxys-Speed|217\/241|[from] item: Life Orb
|move|p1a: Charizard|Fire Blast|p2a: Deoxys-Speed
|-damage|p2a: Deoxys-Speed|0 fnt
|faint|p2a: Deoxys-Speed
|
|-weather|SunnyDay|[upkeep]
|
|switch|p2a: Breloom|Breloom, M|245\/261
|turn|24
|
|move|p2a: Breloom|Mach Punch|p1a: Charizard
|-resisted|p1a: Charizard
|-damage|p1a: Charizard|0 fnt
|faint|p1a: Charizard
|
|-weather|SunnyDay|[upkeep]
|
|switch|p1a: Landorus|Landorus, M|59\/320
|turn|25
|
|move|p2a: Breloom|Mach Punch|p1a: Landorus
|-crit|p1a: Landorus
|-resisted|p1a: Landorus
|-damage|p1a: Landorus|0 fnt
|faint|p1a: Landorus
|
|-weather|none
|chat|okcoolyo|oo dat crit
|
|switch|p1a: Keldeo|Keldeo|119\/322
|turn|26
|
|move|p2a: Breloom|Mach Punch|p1a: Keldeo
|-damage|p1a: Keldeo|2\/322
|move|p1a: Keldeo|Secret Sword|p2a: Breloom
|-damage|p2a: Breloom|0 fnt
|faint|p2a: Breloom
|
|win|okcoolyo
|raw|Ladder updating...
|raw|okcoolyo's rating: 1728 &rarr; <strong>1746<\/strong><br \/>(+18 for winning)
|raw|eherostrato's rating: 1687 &rarr; <strong>1669<\/strong><br \/>(-18 for losing)
|leave|eherostrato
|player|p2
|chat|okcoolyo|lol
|chat|okcoolyo|gg