|join|u got topor'ed
|join|okcoolyo
|player|p1|u got topor'ed|167
|player|p2|okcoolyo|2
|gametype|singles
|gen|6
|tier|OU
|rated
|clearpoke
|poke|p1|Cottonee, M
|poke|p1|Azelf
|poke|p1|Gothitelle, F
|poke|p1|Whimsicott, F
|poke|p1|Smeargle, M
|poke|p1|Espeon, F
|poke|p2|Mew
|poke|p2|Tyranitar, F
|poke|p2|Skarmory, M
|poke|p2|Heatran, M
|poke|p2|Keldeo
|poke|p2|Venusaur, M
|rule|Swagger Clause: Swagger is banned
|rule|Baton Pass Clause: Limit one PokÃ©mon knowing Baton Pass
|rule|Sleep Clause Mod: Limit one foe put to sleep
|rule|Species Clause: Limit one of each PokÃ©mon
|rule|OHKO Clause: OHKO moves are banned
|rule|Moody Clause: Moody is banned
|rule|Evasion Moves Clause: Evasion moves are banned
|rule|Endless Battle Clause: Forcing endless battles is banned
|rule|HP Percentage Mod: HP is shown in percentages
|teampreview
|
|start
|switch|p1a: Cottonee|Cottonee, M|284\/284
|switch|p2a: Tyranitar|Tyranitar, F|341\/341
|-weather|Sandstorm
|turn|1
|
|move|p1a: Cottonee|Taunt|p2a: Tyranitar
|-start|p2a: Tyranitar|move: Taunt
|move|p2a: Tyranitar|Rock Slide|p1a: Cottonee
|-crit|p1a: Cottonee
|-enditem|p1a: Cottonee|Focus Sash
|-damage|p1a: Cottonee|1\/284
|
|-weather|Sandstorm|[upkeep]
|-damage|p1a: Cottonee|0 fnt|[from] sandstorm
|faint|p1a: Cottonee
|
|switch|p1a: Azelf|Azelf|354\/354
|turn|2
|
|move|p2a: Tyranitar|Rock Slide|p1a: Azelf
|-damage|p1a: Azelf|177\/354
|move|p1a: Azelf|Reflect|p1a: Azelf
|-sidestart|p1: u got topor'ed|Reflect
|
|-weather|Sandstorm|[upkeep]
|-damage|p1a: Azelf|155\/354|[from] sandstorm
|turn|3
|
|move|p2a: Tyranitar|Rock Slide|p1a: Azelf
|-damage|p1a: Azelf|61\/354
|move|p1a: Azelf|Light Screen|p1a: Azelf
|-sidestart|p1: u got topor'ed|move: Light Screen
|
|-weather|Sandstorm|[upkeep]
|-damage|p1a: Azelf|39\/354|[from] sandstorm
|-end|p2a: Tyranitar|move: Taunt
|turn|4
|
|move|p2a: Tyranitar|Rock Slide|p1a: Azelf
|-crit|p1a: Azelf
|-damage|p1a: Azelf|0 fnt
|faint|p1a: Azelf
|
|-weather|Sandstorm|[upkeep]
|
|switch|p1a: Whimsicott|Whimsicott, F|324\/324
|turn|5
|
|switch|p2a: Skarmory|Skarmory, M|334\/334
|move|p1a: Whimsicott|Tailwind|p1a: Whimsicott
|-sidestart|p1: u got topor'ed|move: Tailwind
|
|-weather|none
|turn|6
|
|move|p1a: Whimsicott|Taunt|p2a: Skarmory
|-start|p2a: Skarmory|move: Taunt
|cant|p2a: Skarmory|move: Taunt|Defog
|
|turn|7
|
|switch|p2a: Venusaur|Venusaur, M|361\/361
|move|p1a: Whimsicott|Memento|p2a: Venusaur
|-unboost|p2a: Venusaur|atk|2
|-unboost|p2a: Venusaur|spa|2
|faint|p1a: Whimsicott
|
|
|switch|p1a: Smeargle|Smeargle, M|314\/314
|turn|8
|
|detailschange|p2a: Venusaur|Venusaur-Mega, M
|message|Venusaur has Mega Evolved into Mega Venusaur!
|move|p1a: Smeargle|Geomancy|p1a: Smeargle|[still]
|-prepare|p1a: Smeargle|Geomancy|p1a: Smeargle
|-enditem|p1a: Smeargle|Power Herb
|-anim|p1a: Smeargle|Geomancy|p1a: Smeargle
|-boost|p1a: Smeargle|spa|2
|-boost|p1a: Smeargle|spd|2
|-boost|p1a: Smeargle|spe|2
|move|p2a: Venusaur|Sleep Powder|p1a: Smeargle
|-status|p1a: Smeargle|slp
|
|-sideend|p1: u got topor'ed|move: Tailwind
|turn|9
|
|switch|p2a: Skarmory|Skarmory, M|334\/334
|cant|p1a: Smeargle|slp
|
|-sideend|p1: u got topor'ed|Reflect
|turn|10
|
|cant|p1a: Smeargle|slp
|move|p2a: Skarmory|Whirlwind|p1a: Smeargle
|drag|p1a: Gothitelle|Gothitelle, F|344\/344
|
|-sideend|p1: u got topor'ed|move: Light Screen
|turn|11
|
|move|p1a: Gothitelle|Thunderbolt|p2a: Skarmory
|-supereffective|p2a: Skarmory
|-activate|p2a: Skarmory|Sturdy
|-damage|p2a: Skarmory|1\/334
|move|p2a: Skarmory|Whirlwind|p1a: Gothitelle
|drag|p1a: Espeon|Espeon, F|334\/334
|
|turn|12
|
|switch|p1a: Gothitelle|Gothitelle, F|344\/344
|move|p2a: Skarmory|Brave Bird|p1a: Gothitelle
|-damage|p1a: Gothitelle|218\/344
|-damage|p2a: Skarmory|0 fnt|[from] recoil|[of] p1a: Gothitelle
|faint|p2a: Skarmory
|
|
|switch|p2a: Heatran|Heatran, M|381\/381
|turn|13
|
|move|p2a: Heatran|Lava Plume|p1a: Gothitelle
|-damage|p1a: Gothitelle|107\/344
|move|p1a: Gothitelle|Thunderbolt|p2a: Heatran
|-damage|p2a: Heatran|288\/381
|
|-heal|p2a: Heatran|311\/381|[from] item: Leftovers
|turn|14
|
|move|p2a: Heatran|Stealth Rock|p1a: Gothitelle
|-sidestart|p1: u got topor'ed|move: Stealth Rock
|move|p1a: Gothitelle|Thunderbolt|p2a: Heatran
|-damage|p2a: Heatran|214\/381
|
|-heal|p2a: Heatran|237\/381|[from] item: Leftovers
|turn|15
|
|move|p2a: Heatran|Stealth Rock|p1a: Gothitelle
|-fail|p1a: Gothitelle
|move|p1a: Gothitelle|Thunderbolt|p2a: Heatran
|-damage|p2a: Heatran|131\/381
|
|-heal|p2a: Heatran|154\/381|[from] item: Leftovers
|turn|16
|
|move|p2a: Heatran|Will-O-Wisp|p1a: Gothitelle
|-status|p1a: Gothitelle|brn
|move|p1a: Gothitelle|Thunderbolt|p2a: Heatran
|-damage|p2a: Heatran|57\/381
|
|-heal|p2a: Heatran|80\/381|[from] item: Leftovers
|-damage|p1a: Gothitelle|64\/344 brn|[from] brn
|turn|17
|
|move|p2a: Heatran|Stealth Rock|p1a: Gothitelle
|-fail|p1a: Gothitelle
|move|p1a: Gothitelle|Thunderbolt|p2a: Heatran
|-damage|p2a: Heatran|0 fnt
|faint|p2a: Heatran
|
|-damage|p1a: Gothitelle|21\/344 brn|[from] brn
|
|switch|p2a: Tyranitar|Tyranitar, F|341\/341
|-weather|Sandstorm
|turn|18
|
|move|p2a: Tyranitar|Rock Slide|p1a: Gothitelle
|-damage|p1a: Gothitelle|0 fnt
|faint|p1a: Gothitelle
|
|-weather|Sandstorm|[upkeep]
|
|switch|p1a: Smeargle|Smeargle, M|314\/314 slp
|-damage|p1a: Smeargle|275\/314 slp|[from] Stealth Rock
|turn|19
|
|move|p2a: Tyranitar|Rock Slide|p1a: Smeargle
|-damage|p1a: Smeargle|65\/314 slp
|-curestatus|p1a: Smeargle|slp
|cant|p1a: Smeargle|flinch
|
|-weather|Sandstorm|[upkeep]
|-damage|p1a: Smeargle|46\/314|[from] sandstorm
|turn|20
|-message|u got topor'ed forfeited.
|
|win|okcoolyo
|raw|Ladder updating...
|leave|u got topor'ed
|player|p1
|raw|u got topor&apos;ed's rating: 1919 &rarr; <strong>1892<\/strong><br \/>(-27 for losing)
|raw|okcoolyo's rating: 1805 &rarr; <strong>1831<\/strong><br \/>(+26 for winning)