|join|lil manaphy
|join|okcoolyo
|player|p1|lil manaphy|6
|player|p2|okcoolyo|102
|gametype|singles
|gen|6
|tier|OU
|rated
|clearpoke
|poke|p1|Scizor, M
|poke|p1|Gothitelle, F
|poke|p1|Chansey, F
|poke|p1|Alomomola, M
|poke|p1|Cresselia, F
|poke|p1|Zapdos
|poke|p2|Heracross, F
|poke|p2|Talonflame, M
|poke|p2|Latias, F
|poke|p2|Keldeo
|poke|p2|Excadrill, F
|poke|p2|Landorus, M
|rule|Swagger Clause: Swagger is banned
|rule|Baton Pass Clause: Limit one PokÃ©mon knowing Baton Pass
|rule|Sleep Clause Mod: Limit one foe put to sleep
|rule|Species Clause: Limit one of each PokÃ©mon
|rule|OHKO Clause: OHKO moves are banned
|rule|Moody Clause: Moody is banned
|rule|Evasion Moves Clause: Evasion moves are banned
|rule|Endless Battle Clause: Forcing endless battles is banned
|rule|HP Percentage Mod: HP is shown in percentages
|teampreview
|
|start
|switch|p1a: Zapdos|Zapdos|384\/384
|switch|p2a: Heracross|Heracross, F|302\/302
|-ability|p1a: Zapdos|Pressure
|turn|1
|
|detailschange|p2a: Heracross|Heracross-Mega, F
|message|Heracross has Mega Evolved into Mega Heracross!
|move|p2a: Heracross|Rock Blast|p1a: Zapdos
|-supereffective|p1a: Zapdos
|-damage|p1a: Zapdos|324\/384
|-supereffective|p1a: Zapdos
|-damage|p1a: Zapdos|264\/384
|-supereffective|p1a: Zapdos
|-damage|p1a: Zapdos|202\/384
|-supereffective|p1a: Zapdos
|-damage|p1a: Zapdos|138\/384
|-supereffective|p1a: Zapdos
|-damage|p1a: Zapdos|72\/384
|-hitcount|p1a: Zapdos|5
|move|p1a: Zapdos|Thunderbolt|p2a: Heracross
|-damage|p2a: Heracross|166\/302
|
|-heal|p1a: Zapdos|96\/384|[from] item: Leftovers
|turn|2
|
|switch|p1a: Gothitelle|Gothitelle, F|301\/301
|move|p2a: Heracross|Pin Missile|p1a: Gothitelle
|-supereffective|p1a: Gothitelle
|-damage|p1a: Gothitelle|185\/301
|-crit|p1a: Gothitelle
|-supereffective|p1a: Gothitelle
|-damage|p1a: Gothitelle|17\/301
|-supereffective|p1a: Gothitelle
|-damage|p1a: Gothitelle|0 fnt
|-hitcount|p1a: Gothitelle|3
|faint|p1a: Gothitelle
|
|
|switch|p1a: Alomomola|Alomomola, M|530\/530
|turn|3
|
|move|p2a: Heracross|Bullet Seed|p1a: Alomomola
|-supereffective|p1a: Alomomola
|-damage|p1a: Alomomola|462\/530
|-supereffective|p1a: Alomomola
|-damage|p1a: Alomomola|398\/530
|-supereffective|p1a: Alomomola
|-damage|p1a: Alomomola|334\/530
|-supereffective|p1a: Alomomola
|-damage|p1a: Alomomola|266\/530
|-supereffective|p1a: Alomomola
|-damage|p1a: Alomomola|198\/530
|-hitcount|p1a: Alomomola|5
|move|p1a: Alomomola|Toxic|p2a: Heracross
|-status|p2a: Heracross|tox
|
|-heal|p1a: Alomomola|231\/530|[from] item: Leftovers
|-damage|p2a: Heracross|148\/302 tox|[from] psn
|turn|4
|
|move|p1a: Alomomola|Protect|p1a: Alomomola
|-singleturn|p1a: Alomomola|Protect
|move|p2a: Heracross|Bullet Seed|p1a: Alomomola
|-activate|p1a: Alomomola|Protect
|
|-heal|p1a: Alomomola|264\/530|[from] item: Leftovers
|-damage|p2a: Heracross|112\/302 tox|[from] psn
|turn|5
|
|switch|p1a: Scizor|Scizor, M|344\/344
|move|p2a: Heracross|Bullet Seed|p1a: Scizor
|-resisted|p1a: Scizor
|-damage|p1a: Scizor|337\/344
|-resisted|p1a: Scizor
|-damage|p1a: Scizor|330\/344
|-resisted|p1a: Scizor
|-damage|p1a: Scizor|323\/344
|-resisted|p1a: Scizor
|-damage|p1a: Scizor|316\/344
|-resisted|p1a: Scizor
|-damage|p1a: Scizor|309\/344
|-hitcount|p1a: Scizor|5
|
|-damage|p2a: Heracross|58\/302 tox|[from] psn
|turn|6
|
|switch|p2a: Keldeo|Keldeo|323\/323
|switch|p1a: Alomomola|Alomomola, M|440\/530
|
|-heal|p1a: Alomomola|473\/530|[from] item: Leftovers
|turn|7
|
|switch|p2a: Excadrill|Excadrill, F|424\/424
|-ability|p2a: Excadrill|Mold Breaker
|-item|p2a: Excadrill|Air Balloon
|move|p1a: Alomomola|Toxic|p2a: Excadrill
|-fail|p2a: Excadrill
|
|-heal|p1a: Alomomola|506\/530|[from] item: Leftovers
|turn|8
|
|move|p2a: Excadrill|Iron Head|p1a: Alomomola
|-resisted|p1a: Alomomola
|-damage|p1a: Alomomola|436\/530
|cant|p1a: Alomomola|flinch
|
|-heal|p1a: Alomomola|469\/530|[from] item: Leftovers
|turn|9
|
|move|p2a: Excadrill|Stealth Rock|p1a: Alomomola
|-sidestart|p1: lil manaphy|move: Stealth Rock
|move|p1a: Alomomola|Scald|p2a: Excadrill
|-supereffective|p2a: Excadrill
|-damage|p2a: Excadrill|296\/424
|-enditem|p2a: Excadrill|Air Balloon
|
|-heal|p1a: Alomomola|502\/530|[from] item: Leftovers
|turn|10
|
|move|p2a: Excadrill|Earthquake|p1a: Alomomola
|-damage|p1a: Alomomola|331\/530
|move|p1a: Alomomola|Wish|p1a: Alomomola
|
|-heal|p1a: Alomomola|364\/530|[from] item: Leftovers
|turn|11
|
|switch|p2a: Latias|Latias, F|301\/301
|move|p1a: Alomomola|Scald|p2a: Latias
|-crit|p2a: Latias
|-resisted|p2a: Latias
|-damage|p2a: Latias|271\/301
|
|-heal|p1a: Alomomola|530\/530|[from] move: Wish|[wisher] Alomomola
|turn|12
|
|move|p1a: Alomomola|Protect|p1a: Alomomola
|-singleturn|p1a: Alomomola|Protect
|move|p2a: Latias|Draco Meteor|p1a: Alomomola
|-activate|p1a: Alomomola|Protect
|
|turn|13
|
|switch|p1a: Chansey|Chansey, F|704\/704
|-damage|p1a: Chansey|616\/704|[from] Stealth Rock
|move|p2a: Latias|Draco Meteor|p1a: Chansey
|-damage|p1a: Chansey|444\/704
|-unboost|p2a: Latias|spa|2
|-damage|p2a: Latias|241\/301|[from] item: Life Orb
|
|turn|14
|
|move|p2a: Latias|Psyshock|p1a: Chansey
|-damage|p1a: Chansey|343\/704
|-damage|p2a: Latias|211\/301|[from] item: Life Orb
|move|p1a: Chansey|Stealth Rock|p2a: Latias
|-sidestart|p2: okcoolyo|move: Stealth Rock
|
|turn|15
|
|switch|p2a: Excadrill|Excadrill, F|296\/424
|-damage|p2a: Excadrill|283\/424|[from] Stealth Rock
|-ability|p2a: Excadrill|Mold Breaker
|move|p1a: Chansey|Soft-Boiled|p1a: Chansey
|-heal|p1a: Chansey|695\/704
|
|turn|16
|
|move|p2a: Excadrill|Rapid Spin|p1a: Chansey
|-damage|p1a: Chansey|659\/704
|-sideend|p2: okcoolyo|Stealth Rock|[from] move: Rapid Spin|[of] p2a: Excadrill
|move|p1a: Chansey|Seismic Toss|p2a: Excadrill
|-damage|p2a: Excadrill|183\/424
|
|turn|17
|
|move|p2a: Excadrill|Earthquake|p1a: Chansey
|-damage|p1a: Chansey|382\/704
|move|p1a: Chansey|Seismic Toss|p2a: Excadrill
|-damage|p2a: Excadrill|83\/424
|
|turn|18
|
|move|p2a: Excadrill|Iron Head|p1a: Chansey
|-damage|p1a: Chansey|171\/704
|move|p1a: Chansey|Soft-Boiled|p1a: Chansey
|-heal|p1a: Chansey|523\/704
|
|turn|19
|
|move|p2a: Excadrill|Iron Head|p1a: Chansey
|-damage|p1a: Chansey|313\/704
|move|p1a: Chansey|Soft-Boiled|p1a: Chansey
|-heal|p1a: Chansey|665\/704
|
|turn|20
|
|switch|p2a: Keldeo|Keldeo|323\/323
|switch|p1a: Alomomola|Alomomola, M|530\/530
|-damage|p1a: Alomomola|464\/530|[from] Stealth Rock
|
|-heal|p1a: Alomomola|497\/530|[from] item: Leftovers
|turn|21
|
|switch|p2a: Latias|Latias, F|211\/301
|move|p1a: Alomomola|Toxic|p2a: Latias
|-status|p2a: Latias|tox
|
|-heal|p1a: Alomomola|530\/530|[from] item: Leftovers
|-damage|p2a: Latias|193\/301 tox|[from] psn
|turn|22
|join|I am Nikki Mirai
|join|Paralysia infantil
|
|switch|p1a: Chansey|Chansey, F|665\/704
|-damage|p1a: Chansey|577\/704|[from] Stealth Rock
|move|p2a: Latias|Draco Meteor|p1a: Chansey
|-damage|p1a: Chansey|400\/704
|-unboost|p2a: Latias|spa|2
|-damage|p2a: Latias|163\/301 tox|[from] item: Life Orb
|
|-damage|p2a: Latias|127\/301 tox|[from] psn
|turn|23
|
|move|p2a: Latias|Healing Wish|p2a: Latias
|faint|p2a: Latias
|move|p1a: Chansey|Stealth Rock|p2: Latias
|-sidestart|p2: okcoolyo|move: Stealth Rock
|
|
|switch|p2a: Heracross|Heracross-Mega, F|58\/302 tox
|-heal|p2a: Heracross|302\/302|[from] move: Healing Wish
|-damage|p2a: Heracross|265\/302|[from] Stealth Rock
|turn|24
|
|switch|p1a: Zapdos|Zapdos|96\/384
|-damage|p1a: Zapdos|0 fnt|[from] Stealth Rock
|faint|p1a: Zapdos
|move|p2a: Heracross|Close Combat|p1: Zapdos|[notarget]
|-notarget
|
|
|switch|p1a: Alomomola|Alomomola, M|530\/530
|-damage|p1a: Alomomola|464\/530|[from] Stealth Rock
|turn|25
|
|move|p2a: Heracross|Bullet Seed|p1a: Alomomola
|-supereffective|p1a: Alomomola
|-damage|p1a: Alomomola|396\/530
|-supereffective|p1a: Alomomola
|-damage|p1a: Alomomola|334\/530
|-supereffective|p1a: Alomomola
|-damage|p1a: Alomomola|268\/530
|-supereffective|p1a: Alomomola
|-damage|p1a: Alomomola|204\/530
|-supereffective|p1a: Alomomola
|-damage|p1a: Alomomola|144\/530
|-hitcount|p1a: Alomomola|5
|move|p1a: Alomomola|Toxic|p2a: Heracross
|-status|p2a: Heracross|tox
|
|-heal|p1a: Alomomola|177\/530|[from] item: Leftovers
|-damage|p2a: Heracross|247\/302 tox|[from] psn
|turn|26
|join|kungfu pancham
|
|move|p1a: Alomomola|Protect|p1a: Alomomola
|-singleturn|p1a: Alomomola|Protect
|move|p2a: Heracross|Close Combat|p1a: Alomomola
|-activate|p1a: Alomomola|Protect
|
|-heal|p1a: Alomomola|210\/530|[from] item: Leftovers
|-damage|p2a: Heracross|211\/302 tox|[from] psn
|turn|27
|
|switch|p1a: Scizor|Scizor, M|309\/344
|-damage|p1a: Scizor|266\/344|[from] Stealth Rock
|move|p2a: Heracross|Close Combat|p1a: Scizor
|-damage|p1a: Scizor|52\/344
|-unboost|p2a: Heracross|def|1
|-unboost|p2a: Heracross|spd|1
|
|-damage|p2a: Heracross|157\/302 tox|[from] psn
|turn|28
|
|switch|p2a: Excadrill|Excadrill, F|83\/424
|-damage|p2a: Excadrill|70\/424|[from] Stealth Rock
|-ability|p2a: Excadrill|Mold Breaker
|detailschange|p1a: Scizor|Scizor-Mega, M
|message|Scizor has Mega Evolved into Mega Scizor!
|move|p1a: Scizor|Bullet Punch|p2a: Excadrill
|-resisted|p2a: Excadrill
|-damage|p2a: Excadrill|0 fnt
|faint|p2a: Excadrill
|
|
|switch|p2a: Talonflame|Talonflame, M|360\/360
|-damage|p2a: Talonflame|180\/360|[from] Stealth Rock
|turn|29
|
|switch|p1a: Alomomola|Alomomola, M|386\/530
|-damage|p1a: Alomomola|320\/530|[from] Stealth Rock
|move|p2a: Talonflame|Brave Bird|p1a: Alomomola
|-damage|p1a: Alomomola|176\/530
|-damage|p2a: Talonflame|132\/360|[from] recoil|[of] p1a: Alomomola
|
|-heal|p2a: Talonflame|154\/360|[from] item: Leftovers
|-heal|p1a: Alomomola|209\/530|[from] item: Leftovers
|turn|30
|
|move|p2a: Talonflame|Brave Bird|p1a: Alomomola
|-damage|p1a: Alomomola|77\/530
|-damage|p2a: Talonflame|110\/360|[from] recoil|[of] p1a: Alomomola
|move|p1a: Alomomola|Toxic|p2a: Talonflame|[miss]
|-miss|p1a: Alomomola|p2a: Talonflame
|
|-heal|p2a: Talonflame|132\/360|[from] item: Leftovers
|-heal|p1a: Alomomola|110\/530|[from] item: Leftovers
|turn|31
|
|switch|p1a: Scizor|Scizor-Mega, M|52\/344
|-damage|p1a: Scizor|9\/344|[from] Stealth Rock
|move|p2a: Talonflame|Brave Bird|p1a: Scizor
|-damage|p1a: Scizor|0 fnt
|-damage|p2a: Talonflame|129\/360|[from] recoil|[of] p1a: Scizor
|faint|p1a: Scizor
|
|-heal|p2a: Talonflame|151\/360|[from] item: Leftovers
|
|switch|p1a: Alomomola|Alomomola, M|286\/530
|-damage|p1a: Alomomola|220\/530|[from] Stealth Rock
|turn|32
|
|switch|p2a: Heracross|Heracross-Mega, F|157\/302 tox
|-damage|p2a: Heracross|120\/302 tox|[from] Stealth Rock
|move|p1a: Alomomola|Wish|p1a: Alomomola
|
|-heal|p1a: Alomomola|253\/530|[from] item: Leftovers
|-damage|p2a: Heracross|102\/302 tox|[from] psn
|turn|33
|
|move|p1a: Alomomola|Protect|p1a: Alomomola
|-singleturn|p1a: Alomomola|Protect
|move|p2a: Heracross|Bullet Seed|p1a: Alomomola
|-activate|p1a: Alomomola|Protect
|
|-heal|p1a: Alomomola|518\/530|[from] move: Wish|[wisher] Alomomola
|-heal|p1a: Alomomola|530\/530|[from] item: Leftovers
|-damage|p2a: Heracross|66\/302 tox|[from] psn
|turn|34
|
|move|p2a: Heracross|Bullet Seed|p1a: Alomomola
|-crit|p1a: Alomomola
|-supereffective|p1a: Alomomola
|-damage|p1a: Alomomola|430\/530
|-supereffective|p1a: Alomomola
|-damage|p1a: Alomomola|370\/530
|-supereffective|p1a: Alomomola
|-damage|p1a: Alomomola|302\/530
|-supereffective|p1a: Alomomola
|-damage|p1a: Alomomola|234\/530
|-supereffective|p1a: Alomomola
|-damage|p1a: Alomomola|170\/530
|-hitcount|p1a: Alomomola|5
|move|p1a: Alomomola|Wish|p1a: Alomomola
|
|-heal|p1a: Alomomola|203\/530|[from] item: Leftovers
|-damage|p2a: Heracross|12\/302 tox|[from] psn
|turn|35
|
|move|p1a: Alomomola|Protect|p1a: Alomomola
|-singleturn|p1a: Alomomola|Protect
|move|p2a: Heracross|Bullet Seed|p1a: Alomomola
|-activate|p1a: Alomomola|Protect
|
|-heal|p1a: Alomomola|468\/530|[from] move: Wish|[wisher] Alomomola
|-heal|p1a: Alomomola|501\/530|[from] item: Leftovers
|-damage|p2a: Heracross|0 fnt|[from] psn
|faint|p2a: Heracross
|
|switch|p2a: Keldeo|Keldeo|323\/323
|-damage|p2a: Keldeo|303\/323|[from] Stealth Rock
|turn|36
|
|move|p2a: Keldeo|Calm Mind|p2a: Keldeo
|-boost|p2a: Keldeo|spa|1
|-boost|p2a: Keldeo|spd|1
|move|p1a: Alomomola|Toxic|p2a: Keldeo
|-status|p2a: Keldeo|tox
|
|-heal|p2a: Keldeo|323\/323 tox|[from] item: Leftovers
|-heal|p1a: Alomomola|530\/530|[from] item: Leftovers
|-damage|p2a: Keldeo|303\/323 tox|[from] psn
|turn|37
|join|Julian
|
|switch|p1a: Cresselia|Cresselia, F|444\/444
|-damage|p1a: Cresselia|389\/444|[from] Stealth Rock
|move|p2a: Keldeo|Calm Mind|p2a: Keldeo
|-boost|p2a: Keldeo|spa|1
|-boost|p2a: Keldeo|spd|1
|
|-heal|p2a: Keldeo|323\/323 tox|[from] item: Leftovers
|-heal|p1a: Cresselia|416\/444|[from] item: Leftovers
|-damage|p2a: Keldeo|283\/323 tox|[from] psn
|turn|38
|
|move|p2a: Keldeo|Hydro Pump|p1a: Cresselia
|-damage|p1a: Cresselia|191\/444
|move|p1a: Cresselia|Psych Up|p2a: Keldeo
|-copyboost|p1a: Cresselia|p2a: Keldeo|[from] move: Psych Up
|
|-heal|p2a: Keldeo|303\/323 tox|[from] item: Leftovers
|-heal|p1a: Cresselia|218\/444|[from] item: Leftovers
|-damage|p2a: Keldeo|243\/323 tox|[from] psn
|turn|39
|
|move|p2a: Keldeo|Hydro Pump|p1a: Cresselia
|-damage|p1a: Cresselia|91\/444
|move|p1a: Cresselia|Moonlight|p1a: Cresselia
|-heal|p1a: Cresselia|313\/444
|
|-heal|p2a: Keldeo|263\/323 tox|[from] item: Leftovers
|-heal|p1a: Cresselia|340\/444|[from] item: Leftovers
|-damage|p2a: Keldeo|183\/323 tox|[from] psn
|turn|40
|leave|okcoolyo
|player|p2
|leave|Paralysia infantil
|leave|I am Nikki Mirai
|-message|okcoolyo lost due to inactivity.
|
|win|lil manaphy
|raw|Ladder updating...
|join|Paralysia infantil
|raw|lil manaphy's rating: 1983 &rarr; <strong>1989<\/strong><br \/>(+6 for winning)
|raw|okcoolyo's rating: 1678 &rarr; <strong>1672<\/strong><br \/>(-6 for losing)
|leave|Paralysia infantil