|join|LT1A PDC
|join|okcoolyo
|player|p1|LT1A PDC|101
|player|p2|okcoolyo|266
|gametype|singles
|gen|6
|tier|OU
|rated
|clearpoke
|poke|p1|Charizard, F
|poke|p1|Tyranitar, M
|poke|p1|Landorus, M
|poke|p1|Slowbro, M
|poke|p1|Latios, M
|poke|p1|Ferrothorn, M
|poke|p2|Mew
|poke|p2|Tyranitar, M
|poke|p2|Skarmory, F
|poke|p2|Heatran, M
|poke|p2|Keldeo
|poke|p2|Venusaur, F
|rule|Swagger Clause: Swagger is banned
|rule|Baton Pass Clause: Limit one PokÃ©mon knowing Baton Pass
|rule|Sleep Clause Mod: Limit one foe put to sleep
|rule|Species Clause: Limit one of each PokÃ©mon
|rule|OHKO Clause: OHKO moves are banned
|rule|Moody Clause: Moody is banned
|rule|Evasion Moves Clause: Evasion moves are banned
|rule|Endless Battle Clause: Forcing endless battles is banned
|rule|HP Percentage Mod: HP is shown in percentages
|teampreview
|
|start
|switch|p1a: Charizard|Charizard, F|351\/351
|switch|p2a: Tyranitar|Tyranitar, M|341\/341
|-weather|Sandstorm
|turn|1
|
|detailschange|p1a: Charizard|Charizard-Mega-X, F
|message|Charizard has Mega Evolved into Mega Charizard!
|move|p2a: Tyranitar|Rock Slide|p1a: Charizard
|-miss|p2a: Tyranitar|p1a: Charizard
|move|p1a: Charizard|Will-O-Wisp|p2a: Tyranitar
|-status|p2a: Tyranitar|brn
|
|-weather|Sandstorm|[upkeep]
|-damage|p1a: Charizard|330\/351|[from] sandstorm
|-damage|p2a: Tyranitar|299\/341 brn|[from] brn
|turn|2
|c|âokcoolyo|wat
|
|move|p2a: Tyranitar|Rock Slide|p1a: Charizard
|-supereffective|p1a: Charizard
|-damage|p1a: Charizard|208\/351
|move|p1a: Charizard|Roost|p1a: Charizard
|-heal|p1a: Charizard|351\/351
|
|-weather|Sandstorm|[upkeep]
|-damage|p1a: Charizard|330\/351|[from] sandstorm
|-damage|p2a: Tyranitar|257\/341 brn|[from] brn
|turn|3
|c|âokcoolyo|gg
|
|switch|p2a: Keldeo|Keldeo|323\/323
|switch|p1a: Ferrothorn|Ferrothorn, M|352\/352
|
|-weather|Sandstorm|[upkeep]
|-damage|p2a: Keldeo|303\/323|[from] sandstorm
|-heal|p2a: Keldeo|323\/323|[from] item: Leftovers
|turn|4
|
|switch|p1a: Latios|Latios, M|302\/302
|move|p2a: Keldeo|Secret Sword|p1a: Latios
|-resisted|p1a: Latios
|-damage|p1a: Latios|209\/302
|
|-weather|Sandstorm|[upkeep]
|-damage|p1a: Latios|191\/302|[from] sandstorm
|-damage|p2a: Keldeo|303\/323|[from] sandstorm
|-heal|p2a: Keldeo|323\/323|[from] item: Leftovers
|turn|5
|
|switch|p1a: Landorus|Landorus, M|319\/319
|move|p2a: Keldeo|Hydro Pump|p1a: Landorus
|-supereffective|p1a: Landorus
|-damage|p1a: Landorus|0 fnt
|faint|p1a: Landorus
|
|-weather|none
|
|switch|p1a: Latios|Latios, M|191\/302
|turn|6
|
|switch|p2a: Tyranitar|Tyranitar, M|257\/341 brn
|-weather|Sandstorm
|move|p1a: Latios|Psyshock|p2a: Tyranitar
|-immune|p2a: Tyranitar|[msg]
|
|-weather|Sandstorm|[upkeep]
|-damage|p1a: Latios|173\/302|[from] sandstorm
|-damage|p2a: Tyranitar|215\/341 brn|[from] brn
|turn|7
|
|move|p2a: Tyranitar|Pursuit|p1a: Latios
|-supereffective|p1a: Latios
|-damage|p1a: Latios|81\/302
|move|p1a: Latios|Roost|p1a: Latios
|-heal|p1a: Latios|232\/302
|
|-weather|Sandstorm|[upkeep]
|-damage|p1a: Latios|214\/302|[from] sandstorm
|-damage|p2a: Tyranitar|173\/341 brn|[from] brn
|turn|8
|
|switch|p2a: Heatran|Heatran, M|381\/381
|move|p1a: Latios|Roost|p1a: Latios
|-heal|p1a: Latios|302\/302
|
|-weather|Sandstorm|[upkeep]
|-damage|p1a: Latios|284\/302|[from] sandstorm
|turn|9
|
|switch|p1a: Charizard|Charizard-Mega-X, F|330\/351
|move|p2a: Heatran|Will-O-Wisp|p1a: Charizard
|-fail|p1a: Charizard
|
|-weather|Sandstorm|[upkeep]
|-damage|p1a: Charizard|309\/351|[from] sandstorm
|turn|10
|
|move|p1a: Charizard|Earthquake|p2a: Heatran
|-supereffective|p2a: Heatran
|-damage|p2a: Heatran|0 fnt
|faint|p2a: Heatran
|
|-weather|none
|
|switch|p2a: Keldeo|Keldeo|323\/323
|turn|11
|
|switch|p1a: Slowbro|Slowbro, M|393\/393
|move|p2a: Keldeo|Icy Wind|p1a: Slowbro
|-resisted|p1a: Slowbro
|-damage|p1a: Slowbro|357\/393
|-unboost|p1a: Slowbro|spe|1
|
|-heal|p1a: Slowbro|381\/393|[from] item: Leftovers
|turn|12
|
|switch|p2a: Venusaur|Venusaur, F|361\/361
|move|p1a: Slowbro|Scald|p2a: Venusaur
|-resisted|p2a: Venusaur
|-damage|p2a: Venusaur|325\/361
|
|-heal|p1a: Slowbro|393\/393|[from] item: Leftovers
|turn|13
|
|switch|p2a: Mew|Mew|404\/404
|switch|p1a: Ferrothorn|Ferrothorn, M|352\/352
|
|turn|14
|
|switch|p1a: Charizard|Charizard-Mega-X, F|309\/351
|move|p2a: Mew|Taunt|p1a: Charizard
|-start|p1a: Charizard|move: Taunt
|
|turn|15
|
|move|p1a: Charizard|Flare Blitz|p2a: Mew
|-damage|p2a: Mew|142\/404
|-damage|p1a: Charizard|223\/351|[from] recoil|[of] p2a: Mew
|move|p2a: Mew|Psychic|p1a: Charizard
|-damage|p1a: Charizard|109\/351
|
|-heal|p2a: Mew|167\/404|[from] item: Leftovers
|turn|16
|
|switch|p2a: Skarmory|Skarmory, F|334\/334
|move|p1a: Charizard|Earthquake|p2a: Skarmory
|-immune|p2a: Skarmory|[msg]
|
|turn|17
|
|move|p1a: Charizard|Earthquake|p2a: Skarmory
|-immune|p2a: Skarmory|[msg]
|move|p2a: Skarmory|Brave Bird|p1a: Charizard
|-damage|p1a: Charizard|0 fnt
|-damage|p2a: Skarmory|298\/334|[from] recoil|[of] p1a: Charizard
|faint|p1a: Charizard
|
|
|switch|p1a: Ferrothorn|Ferrothorn, M|352\/352
|turn|18
|
|move|p2a: Skarmory|Brave Bird|p1a: Ferrothorn
|-damage|p1a: Ferrothorn|262\/352
|-damage|p2a: Skarmory|257\/334|[from] ability: Iron Barbs|[of] p1a: Ferrothorn
|-damage|p2a: Skarmory|227\/334|[from] recoil|[of] p1a: Ferrothorn
|move|p1a: Ferrothorn|Stealth Rock|p2a: Skarmory
|-sidestart|p2: okcoolyo|move: Stealth Rock
|
|-heal|p1a: Ferrothorn|284\/352|[from] item: Leftovers
|turn|19
|
|move|p2a: Skarmory|Defog|p1a: Ferrothorn
|-unboost|p1a: Ferrothorn|evasion|1
|-sideend|p2: okcoolyo|Stealth Rock|[from] move: Defog|[of] p2a: Skarmory
|move|p1a: Ferrothorn|Leech Seed|p2a: Skarmory
|-start|p2a: Skarmory|move: Leech Seed
|
|-heal|p1a: Ferrothorn|306\/352|[from] item: Leftovers
|-damage|p2a: Skarmory|186\/334|[from] Leech Seed|[of] p1a: Ferrothorn
|-heal|p1a: Ferrothorn|347\/352|[silent]
|turn|20
|
|switch|p2a: Mew|Mew|167\/404
|move|p1a: Ferrothorn|Stealth Rock|p2a: Mew
|-sidestart|p2: okcoolyo|move: Stealth Rock
|
|-heal|p2a: Mew|192\/404|[from] item: Leftovers
|-heal|p1a: Ferrothorn|352\/352|[from] item: Leftovers
|turn|21
|
|switch|p1a: Tyranitar|Tyranitar, M|342\/342
|-weather|Sandstorm
|move|p2a: Mew|Will-O-Wisp|p1a: Tyranitar
|-status|p1a: Tyranitar|brn
|
|-weather|Sandstorm|[upkeep]
|-damage|p2a: Mew|167\/404|[from] sandstorm
|-heal|p2a: Mew|192\/404|[from] item: Leftovers
|-damage|p1a: Tyranitar|300\/342 brn|[from] brn
|turn|22
|
|move|p1a: Tyranitar|Crunch|p2a: Mew
|-supereffective|p2a: Mew
|-damage|p2a: Mew|40\/404
|move|p2a: Mew|Soft-Boiled|p2a: Mew
|-heal|p2a: Mew|242\/404
|
|-weather|Sandstorm|[upkeep]
|-damage|p2a: Mew|217\/404|[from] sandstorm
|-heal|p2a: Mew|242\/404|[from] item: Leftovers
|-damage|p1a: Tyranitar|258\/342 brn|[from] brn
|turn|23
|
|move|p1a: Tyranitar|Crunch|p2a: Mew
|-supereffective|p2a: Mew
|-damage|p2a: Mew|104\/404
|-unboost|p2a: Mew|def|1
|move|p2a: Mew|Soft-Boiled|p2a: Mew
|-heal|p2a: Mew|306\/404
|
|-weather|Sandstorm|[upkeep]
|-damage|p2a: Mew|281\/404|[from] sandstorm
|-heal|p2a: Mew|306\/404|[from] item: Leftovers
|-damage|p1a: Tyranitar|216\/342 brn|[from] brn
|turn|24
|
|switch|p1a: Latios|Latios, M|284\/302
|move|p2a: Mew|Soft-Boiled|p2a: Mew
|-heal|p2a: Mew|404\/404
|
|-weather|Sandstorm|[upkeep]
|-damage|p1a: Latios|266\/302|[from] sandstorm
|-damage|p2a: Mew|379\/404|[from] sandstorm
|-heal|p2a: Mew|404\/404|[from] item: Leftovers
|turn|25
|
|move|p1a: Latios|Draco Meteor|p2a: Mew
|-damage|p2a: Mew|188\/404
|-unboost|p1a: Latios|spa|2
|-damage|p1a: Latios|236\/302|[from] item: Life Orb
|move|p2a: Mew|Soft-Boiled|p2a: Mew
|-heal|p2a: Mew|390\/404
|
|-weather|none
|-heal|p2a: Mew|404\/404|[from] item: Leftovers
|turn|26
|
|switch|p1a: Slowbro|Slowbro, M|393\/393
|switch|p2a: Skarmory|Skarmory, F|186\/334
|-damage|p2a: Skarmory|145\/334|[from] Stealth Rock
|
|turn|27
|
|move|p2a: Skarmory|Defog|p1a: Slowbro
|-unboost|p1a: Slowbro|evasion|1
|-sideend|p2: okcoolyo|Stealth Rock|[from] move: Defog|[of] p2a: Skarmory
|move|p1a: Slowbro|Scald|p2a: Skarmory
|-damage|p2a: Skarmory|15\/334
|
|turn|28
|
|switch|p2a: Venusaur|Venusaur, F|325\/361
|move|p1a: Slowbro|Scald|p2a: Venusaur
|-resisted|p2a: Venusaur
|-damage|p2a: Venusaur|289\/361
|-status|p2a: Venusaur|brn
|
|-damage|p2a: Venusaur|244\/361 brn|[from] brn
|turn|29
|
|switch|p1a: Ferrothorn|Ferrothorn, M|352\/352
|detailschange|p2a: Venusaur|Venusaur-Mega, F
|message|Venusaur has Mega Evolved into Mega Venusaur!
|move|p2a: Venusaur|Synthesis|p2a: Venusaur
|-heal|p2a: Venusaur|361\/361 brn
|
|-damage|p2a: Venusaur|316\/361 brn|[from] brn
|turn|30
|
|switch|p2a: Mew|Mew|404\/404
|move|p1a: Ferrothorn|Leech Seed|p2a: Mew
|-start|p2a: Mew|move: Leech Seed
|
|-damage|p2a: Mew|354\/404|[from] Leech Seed|[of] p1a: Ferrothorn
|turn|31
|
|switch|p1a: Tyranitar|Tyranitar, M|216\/342 brn
|-weather|Sandstorm
|move|p2a: Mew|Will-O-Wisp|p1a: Tyranitar
|-fail|p1a: Tyranitar|brn
|
|-weather|Sandstorm|[upkeep]
|-damage|p2a: Mew|329\/404|[from] sandstorm
|-heal|p2a: Mew|354\/404|[from] item: Leftovers
|-damage|p2a: Mew|304\/404|[from] Leech Seed|[of] p1a: Tyranitar
|-heal|p1a: Tyranitar|266\/342 brn|[silent]
|-damage|p1a: Tyranitar|224\/342 brn|[from] brn
|turn|32
|
|move|p1a: Tyranitar|Pursuit|p2a: Mew|[from]Pursuit
|-supereffective|p2a: Mew
|-damage|p2a: Mew|148\/404
|switch|p2a: Keldeo|Keldeo|323\/323
|
|-weather|Sandstorm|[upkeep]
|-damage|p2a: Keldeo|303\/323|[from] sandstorm
|-heal|p2a: Keldeo|323\/323|[from] item: Leftovers
|-damage|p1a: Tyranitar|182\/342 brn|[from] brn
|turn|33
|
|switch|p1a: Slowbro|Slowbro, M|393\/393
|move|p2a: Keldeo|Hydro Pump|p1a: Slowbro
|-resisted|p1a: Slowbro
|-damage|p1a: Slowbro|278\/393
|
|-weather|Sandstorm|[upkeep]
|-damage|p2a: Keldeo|303\/323|[from] sandstorm
|-damage|p1a: Slowbro|254\/393|[from] sandstorm
|-heal|p2a: Keldeo|323\/323|[from] item: Leftovers
|-heal|p1a: Slowbro|278\/393|[from] item: Leftovers
|turn|34
|
|move|p2a: Keldeo|Calm Mind|p2a: Keldeo
|-boost|p2a: Keldeo|spa|1
|-boost|p2a: Keldeo|spd|1
|move|p1a: Slowbro|Scald|p2a: Keldeo
|-resisted|p2a: Keldeo
|-damage|p2a: Keldeo|290\/323
|-status|p2a: Keldeo|brn
|
|-weather|Sandstorm|[upkeep]
|-damage|p2a: Keldeo|270\/323 brn|[from] sandstorm
|-damage|p1a: Slowbro|254\/393|[from] sandstorm
|-heal|p2a: Keldeo|290\/323 brn|[from] item: Leftovers
|-heal|p1a: Slowbro|278\/393|[from] item: Leftovers
|-damage|p2a: Keldeo|250\/323 brn|[from] brn
|turn|35
|
|move|p2a: Keldeo|Hydro Pump|p1a: Slowbro
|-resisted|p1a: Slowbro
|-damage|p1a: Slowbro|119\/393
|move|p1a: Slowbro|Slack Off|p1a: Slowbro
|-heal|p1a: Slowbro|316\/393
|
|-weather|none
|-heal|p2a: Keldeo|270\/323 brn|[from] item: Leftovers
|-heal|p1a: Slowbro|340\/393|[from] item: Leftovers
|-damage|p2a: Keldeo|230\/323 brn|[from] brn
|turn|36
|
|switch|p2a: Mew|Mew|148\/404
|move|p1a: Slowbro|Grass Knot|p2a: Mew
|-damage|p2a: Mew|136\/404
|
|-heal|p2a: Mew|161\/404|[from] item: Leftovers
|-heal|p1a: Slowbro|364\/393|[from] item: Leftovers
|turn|37
|
|move|p2a: Mew|Soft-Boiled|p2a: Mew
|-heal|p2a: Mew|363\/404
|move|p1a: Slowbro|Scald|p2a: Mew
|-damage|p2a: Mew|296\/404
|
|-heal|p2a: Mew|321\/404|[from] item: Leftovers
|-heal|p1a: Slowbro|388\/393|[from] item: Leftovers
|turn|38
|
|switch|p1a: Tyranitar|Tyranitar, M|182\/342 brn
|-weather|Sandstorm
|move|p2a: Mew|Will-O-Wisp|p1a: Tyranitar
|-fail|p1a: Tyranitar|brn
|
|-weather|Sandstorm|[upkeep]
|-damage|p2a: Mew|296\/404|[from] sandstorm
|-heal|p2a: Mew|321\/404|[from] item: Leftovers
|-damage|p1a: Tyranitar|140\/342 brn|[from] brn
|turn|39
|
|switch|p1a: Slowbro|Slowbro, M|393\/393
|move|p2a: Mew|Soft-Boiled|p2a: Mew
|-heal|p2a: Mew|404\/404
|
|-weather|Sandstorm|[upkeep]
|-damage|p2a: Mew|379\/404|[from] sandstorm
|-damage|p1a: Slowbro|369\/393|[from] sandstorm
|-heal|p2a: Mew|404\/404|[from] item: Leftovers
|-heal|p1a: Slowbro|393\/393|[from] item: Leftovers
|turn|40
|
|move|p2a: Mew|Will-O-Wisp|p1a: Slowbro
|-status|p1a: Slowbro|brn
|move|p1a: Slowbro|Scald|p2a: Mew
|-damage|p2a: Mew|332\/404
|-status|p2a: Mew|brn
|
|-weather|Sandstorm|[upkeep]
|-damage|p2a: Mew|307\/404 brn|[from] sandstorm
|-damage|p1a: Slowbro|369\/393 brn|[from] sandstorm
|-heal|p2a: Mew|332\/404 brn|[from] item: Leftovers
|-heal|p1a: Slowbro|393\/393 brn|[from] item: Leftovers
|-damage|p2a: Mew|282\/404 brn|[from] brn
|-damage|p1a: Slowbro|344\/393 brn|[from] brn
|turn|41
|c|âokcoolyo|wow
|
|move|p2a: Mew|Soft-Boiled|p2a: Mew
|-heal|p2a: Mew|404\/404 brn
|move|p1a: Slowbro|Scald|p2a: Mew
|-damage|p2a: Mew|334\/404 brn
|
|-weather|Sandstorm|[upkeep]
|-damage|p2a: Mew|309\/404 brn|[from] sandstorm
|-damage|p1a: Slowbro|320\/393 brn|[from] sandstorm
|-heal|p2a: Mew|334\/404 brn|[from] item: Leftovers
|-heal|p1a: Slowbro|344\/393 brn|[from] item: Leftovers
|-damage|p2a: Mew|284\/404 brn|[from] brn
|-damage|p1a: Slowbro|295\/393 brn|[from] brn
|turn|42
|join|Hot N Cold
|
|move|p2a: Mew|Taunt|p1a: Slowbro
|-start|p1a: Slowbro|move: Taunt
|move|p1a: Slowbro|Scald|p2a: Mew
|-damage|p2a: Mew|214\/404 brn
|
|-weather|none
|-heal|p2a: Mew|239\/404 brn|[from] item: Leftovers
|-heal|p1a: Slowbro|319\/393 brn|[from] item: Leftovers
|-damage|p2a: Mew|189\/404 brn|[from] brn
|-damage|p1a: Slowbro|270\/393 brn|[from] brn
|turn|43
|
|switch|p1a: Tyranitar|Tyranitar, M|140\/342 brn
|-weather|Sandstorm
|move|p2a: Mew|Soft-Boiled|p2a: Mew
|-heal|p2a: Mew|391\/404 brn
|
|-weather|Sandstorm|[upkeep]
|-damage|p2a: Mew|366\/404 brn|[from] sandstorm
|-heal|p2a: Mew|391\/404 brn|[from] item: Leftovers
|-damage|p1a: Tyranitar|98\/342 brn|[from] brn
|-damage|p2a: Mew|341\/404 brn|[from] brn
|turn|44
|
|switch|p1a: Slowbro|Slowbro, M|393\/393 brn
|move|p2a: Mew|Soft-Boiled|p2a: Mew
|-heal|p2a: Mew|404\/404 brn
|
|-weather|Sandstorm|[upkeep]
|-damage|p2a: Mew|379\/404 brn|[from] sandstorm
|-damage|p1a: Slowbro|369\/393 brn|[from] sandstorm
|-heal|p2a: Mew|404\/404 brn|[from] item: Leftovers
|-heal|p1a: Slowbro|393\/393 brn|[from] item: Leftovers
|-damage|p2a: Mew|354\/404 brn|[from] brn
|-damage|p1a: Slowbro|344\/393 brn|[from] brn
|turn|45
|
|move|p2a: Mew|Taunt|p1a: Slowbro
|-start|p1a: Slowbro|move: Taunt
|move|p1a: Slowbro|Scald|p2a: Mew
|-damage|p2a: Mew|285\/404 brn
|
|-weather|Sandstorm|[upkeep]
|-damage|p2a: Mew|260\/404 brn|[from] sandstorm
|-damage|p1a: Slowbro|320\/393 brn|[from] sandstorm
|-heal|p2a: Mew|285\/404 brn|[from] item: Leftovers
|-heal|p1a: Slowbro|344\/393 brn|[from] item: Leftovers
|-damage|p2a: Mew|235\/404 brn|[from] brn
|-damage|p1a: Slowbro|295\/393 brn|[from] brn
|turn|46
|
|switch|p2a: Venusaur|Venusaur-Mega, F|316\/361 brn
|move|p1a: Slowbro|Scald|p2a: Venusaur
|-resisted|p2a: Venusaur
|-damage|p2a: Venusaur|286\/361 brn
|
|-weather|Sandstorm|[upkeep]
|-damage|p2a: Venusaur|264\/361 brn|[from] sandstorm
|-damage|p1a: Slowbro|271\/393 brn|[from] sandstorm
|-heal|p1a: Slowbro|295\/393 brn|[from] item: Leftovers
|-damage|p2a: Venusaur|219\/361 brn|[from] brn
|-damage|p1a: Slowbro|246\/393 brn|[from] brn
|turn|47
|
|switch|p2a: Mew|Mew|235\/404 brn
|switch|p1a: Ferrothorn|Ferrothorn, M|352\/352
|
|-weather|none
|-heal|p2a: Mew|260\/404 brn|[from] item: Leftovers
|-damage|p2a: Mew|210\/404 brn|[from] brn
|turn|48
|
|move|p2a: Mew|Taunt|p1a: Ferrothorn
|-start|p1a: Ferrothorn|move: Taunt
|cant|p1a: Ferrothorn|move: Taunt|Stealth Rock
|
|-heal|p2a: Mew|235\/404 brn|[from] item: Leftovers
|-damage|p2a: Mew|185\/404 brn|[from] brn
|turn|49
|
|switch|p1a: Tyranitar|Tyranitar, M|98\/342 brn
|-weather|Sandstorm
|move|p2a: Mew|Soft-Boiled|p2a: Mew
|-heal|p2a: Mew|387\/404 brn
|
|-weather|Sandstorm|[upkeep]
|-damage|p2a: Mew|362\/404 brn|[from] sandstorm
|-heal|p2a: Mew|387\/404 brn|[from] item: Leftovers
|-damage|p1a: Tyranitar|56\/342 brn|[from] brn
|-damage|p2a: Mew|337\/404 brn|[from] brn
|turn|50
|
|switch|p1a: Slowbro|Slowbro, M|377\/393 brn
|switch|p2a: Venusaur|Venusaur-Mega, F|219\/361 brn
|
|-weather|Sandstorm|[upkeep]
|-damage|p2a: Venusaur|197\/361 brn|[from] sandstorm
|-damage|p1a: Slowbro|353\/393 brn|[from] sandstorm
|-heal|p1a: Slowbro|377\/393 brn|[from] item: Leftovers
|-damage|p2a: Venusaur|152\/361 brn|[from] brn
|-damage|p1a: Slowbro|328\/393 brn|[from] brn
|turn|51
|
|switch|p1a: Ferrothorn|Ferrothorn, M|352\/352
|move|p2a: Venusaur|Giga Drain|p1a: Ferrothorn
|-resisted|p1a: Ferrothorn
|-damage|p1a: Ferrothorn|333\/352
|-heal|p2a: Venusaur|162\/361 brn|[from] drain|[of] p1a: Ferrothorn
|
|-weather|Sandstorm|[upkeep]
|-damage|p2a: Venusaur|140\/361 brn|[from] sandstorm
|-heal|p1a: Ferrothorn|352\/352|[from] item: Leftovers
|-damage|p2a: Venusaur|95\/361 brn|[from] brn
|turn|52
|
|switch|p2a: Skarmory|Skarmory, F|15\/334
|move|p1a: Ferrothorn|Gyro Ball|p2a: Skarmory
|-resisted|p2a: Skarmory
|-damage|p2a: Skarmory|0 fnt
|-damage|p1a: Ferrothorn|294\/352|[from] item: Rocky Helmet|[of] p2a: Skarmory
|faint|p2a: Skarmory
|
|-weather|Sandstorm|[upkeep]
|-heal|p1a: Ferrothorn|316\/352|[from] item: Leftovers
|
|switch|p2a: Mew|Mew|337\/404 brn
|turn|53
|
|move|p1a: Ferrothorn|Protect|p1a: Ferrothorn
|-singleturn|p1a: Ferrothorn|Protect
|move|p2a: Mew|Taunt|p1a: Ferrothorn
|-activate|p1a: Ferrothorn|Protect
|
|-weather|none
|-heal|p2a: Mew|362\/404 brn|[from] item: Leftovers
|-heal|p1a: Ferrothorn|338\/352|[from] item: Leftovers
|-damage|p2a: Mew|312\/404 brn|[from] brn
|turn|54
|c|âokcoolyo|scald and lava plume really need to go away
|
|switch|p1a: Slowbro|Slowbro, M|393\/393 brn
|move|p2a: Mew|Taunt|p1a: Slowbro
|-start|p1a: Slowbro|move: Taunt
|
|-heal|p2a: Mew|337\/404 brn|[from] item: Leftovers
|-damage|p2a: Mew|287\/404 brn|[from] brn
|-damage|p1a: Slowbro|344\/393 brn|[from] brn
|turn|55
|
|move|p2a: Mew|Psychic|p1a: Slowbro
|-resisted|p1a: Slowbro
|-damage|p1a: Slowbro|284\/393 brn
|move|p1a: Slowbro|Scald|p2a: Mew
|-crit|p2a: Mew
|-damage|p2a: Mew|181\/404 brn
|
|-heal|p2a: Mew|206\/404 brn|[from] item: Leftovers
|-heal|p1a: Slowbro|308\/393 brn|[from] item: Leftovers
|-damage|p2a: Mew|156\/404 brn|[from] brn
|-damage|p1a: Slowbro|259\/393 brn|[from] brn
|turn|56
|leave|Hot N Cold
|
|switch|p1a: Tyranitar|Tyranitar, M|56\/342 brn
|-weather|Sandstorm
|move|p2a: Mew|Soft-Boiled|p2a: Mew
|-heal|p2a: Mew|358\/404 brn
|
|-weather|Sandstorm|[upkeep]
|-damage|p2a: Mew|333\/404 brn|[from] sandstorm
|-heal|p2a: Mew|358\/404 brn|[from] item: Leftovers
|-damage|p1a: Tyranitar|14\/342 brn|[from] brn
|-damage|p2a: Mew|308\/404 brn|[from] brn
|turn|57
|
|switch|p2a: Tyranitar|Tyranitar, M|173\/341 brn
|move|p1a: Tyranitar|Crunch|p2a: Tyranitar
|-resisted|p2a: Tyranitar
|-damage|p2a: Tyranitar|136\/341 brn
|
|-weather|Sandstorm|[upkeep]
|-damage|p1a: Tyranitar|0 fnt|[from] brn
|-damage|p2a: Tyranitar|94\/341 brn|[from] brn
|faint|p1a: Tyranitar
|
|switch|p1a: Ferrothorn|Ferrothorn, M|338\/352
|turn|58
|
|switch|p2a: Mew|Mew|308\/404 brn
|move|p1a: Ferrothorn|Stealth Rock|p2a: Mew
|-sidestart|p2: okcoolyo|move: Stealth Rock
|
|-weather|Sandstorm|[upkeep]
|-damage|p2a: Mew|283\/404 brn|[from] sandstorm
|-heal|p2a: Mew|308\/404 brn|[from] item: Leftovers
|-heal|p1a: Ferrothorn|352\/352|[from] item: Leftovers
|-damage|p2a: Mew|258\/404 brn|[from] brn
|turn|59
|
|move|p2a: Mew|Taunt|p1a: Ferrothorn
|-start|p1a: Ferrothorn|move: Taunt
|cant|p1a: Ferrothorn|move: Taunt|Leech Seed
|
|-weather|Sandstorm|[upkeep]
|-damage|p2a: Mew|233\/404 brn|[from] sandstorm
|-heal|p2a: Mew|258\/404 brn|[from] item: Leftovers
|-damage|p2a: Mew|208\/404 brn|[from] brn
|turn|60
|
|switch|p1a: Slowbro|Slowbro, M|390\/393 brn
|move|p2a: Mew|Soft-Boiled|p2a: Mew
|-heal|p2a: Mew|404\/404 brn
|
|-weather|none
|-heal|p1a: Slowbro|393\/393 brn|[from] item: Leftovers
|-damage|p2a: Mew|354\/404 brn|[from] brn
|-damage|p1a: Slowbro|344\/393 brn|[from] brn
|turn|61
|
|move|p2a: Mew|Taunt|p1a: Slowbro
|-start|p1a: Slowbro|move: Taunt
|move|p1a: Slowbro|Scald|p2a: Mew
|-damage|p2a: Mew|290\/404 brn
|
|-heal|p2a: Mew|315\/404 brn|[from] item: Leftovers
|-heal|p1a: Slowbro|368\/393 brn|[from] item: Leftovers
|-damage|p2a: Mew|265\/404 brn|[from] brn
|-damage|p1a: Slowbro|319\/393 brn|[from] brn
|turn|62
|
|move|p2a: Mew|Psychic|p1a: Slowbro
|-resisted|p1a: Slowbro
|-damage|p1a: Slowbro|252\/393 brn
|move|p1a: Slowbro|Grass Knot|p2a: Mew
|-damage|p2a: Mew|252\/404 brn
|
|-heal|p2a: Mew|277\/404 brn|[from] item: Leftovers
|-heal|p1a: Slowbro|276\/393 brn|[from] item: Leftovers
|-damage|p2a: Mew|227\/404 brn|[from] brn
|-damage|p1a: Slowbro|227\/393 brn|[from] brn
|turn|63
|
|switch|p1a: Latios|Latios, M|236\/302
|move|p2a: Mew|Psychic|p1a: Latios
|-resisted|p1a: Latios
|-damage|p1a: Latios|187\/302
|
|-heal|p2a: Mew|252\/404 brn|[from] item: Leftovers
|-damage|p2a: Mew|202\/404 brn|[from] brn
|turn|64
|
|switch|p2a: Tyranitar|Tyranitar, M|94\/341 brn
|-damage|p2a: Tyranitar|52\/341 brn|[from] Stealth Rock
|-weather|Sandstorm
|move|p1a: Latios|Roost|p1a: Latios
|-heal|p1a: Latios|302\/302
|
|-weather|Sandstorm|[upkeep]
|-damage|p1a: Latios|284\/302|[from] sandstorm
|-damage|p2a: Tyranitar|10\/341 brn|[from] brn
|turn|65
|
|move|p2a: Tyranitar|Rock Slide|p1a: Latios
|-damage|p1a: Latios|200\/302
|cant|p1a: Latios|flinch
|
|-weather|Sandstorm|[upkeep]
|-damage|p1a: Latios|182\/302|[from] sandstorm
|-damage|p2a: Tyranitar|0 fnt|[from] brn
|faint|p2a: Tyranitar
|
|switch|p2a: Mew|Mew|202\/404 brn
|-damage|p2a: Mew|152\/404 brn|[from] Stealth Rock
|turn|66
|
|move|p1a: Latios|Draco Meteor|p2a: Mew
|-damage|p2a: Mew|0 fnt
|-unboost|p1a: Latios|spa|2
|-damage|p1a: Latios|152\/302|[from] item: Life Orb
|faint|p2a: Mew
|
|-weather|Sandstorm|[upkeep]
|-damage|p1a: Latios|134\/302|[from] sandstorm
|
|switch|p2a: Keldeo|Keldeo|230\/323 brn
|-damage|p2a: Keldeo|210\/323 brn|[from] Stealth Rock
|turn|67
|
|move|p1a: Latios|Roost|p1a: Latios
|-heal|p1a: Latios|285\/302
|move|p2a: Keldeo|Calm Mind|p2a: Keldeo
|-boost|p2a: Keldeo|spa|1
|-boost|p2a: Keldeo|spd|1
|
|-weather|Sandstorm|[upkeep]
|-damage|p1a: Latios|267\/302|[from] sandstorm
|-damage|p2a: Keldeo|190\/323 brn|[from] sandstorm
|-heal|p2a: Keldeo|210\/323 brn|[from] item: Leftovers
|-damage|p2a: Keldeo|170\/323 brn|[from] brn
|turn|68
|
|move|p1a: Latios|Psyshock|p2a: Keldeo
|-supereffective|p2a: Keldeo
|-damage|p2a: Keldeo|0 fnt
|-damage|p1a: Latios|237\/302|[from] item: Life Orb
|faint|p2a: Keldeo
|
|-weather|none
|-message|okcoolyo forfeited.
|
|win|LT1A PDC
|raw|Ladder updating...
|leave|okcoolyo
|player|p2
|raw|LT1A PDC's rating: 1654 &rarr; <strong>1675<\/strong><br \/>(+21 for winning)
|raw|okcoolyo's rating: 1667 &rarr; <strong>1646<\/strong><br \/>(-21 for losing)
|leave|LT1A PDC
|player|p1