|join|lil manaphy
|join|okcoolyo
|player|p1|lil manaphy|8
|player|p2|okcoolyo|266
|gametype|singles
|gen|6
|tier|OU
|rated
|clearpoke
|poke|p1|Lopunny, F
|poke|p1|Rotom-Wash
|poke|p1|Gothitelle, F
|poke|p1|Mandibuzz, F
|poke|p1|Heatran, M
|poke|p1|Celebi
|poke|p2|Mew
|poke|p2|Tyranitar, F
|poke|p2|Skarmory, F
|poke|p2|Heatran, M
|poke|p2|Keldeo
|poke|p2|Venusaur, F
|rule|Swagger Clause: Swagger is banned
|rule|Baton Pass Clause: Limit one PokÃ©mon knowing Baton Pass
|rule|Sleep Clause Mod: Limit one foe put to sleep
|rule|Species Clause: Limit one of each PokÃ©mon
|rule|OHKO Clause: OHKO moves are banned
|rule|Moody Clause: Moody is banned
|rule|Evasion Moves Clause: Evasion moves are banned
|rule|Endless Battle Clause: Forcing endless battles is banned
|rule|HP Percentage Mod: HP is shown in percentages
|teampreview
|
|start
|switch|p1a: Rotom-Wash|Rotom-Wash|303\/303
|switch|p2a: Venusaur|Venusaur, F|361\/361
|turn|1
|
|detailschange|p2a: Venusaur|Venusaur-Mega, F
|message|Venusaur has Mega Evolved into Mega Venusaur!
|move|p1a: Rotom-Wash|Volt Switch|p2a: Venusaur
|-crit|p2a: Venusaur
|-resisted|p2a: Venusaur
|-damage|p2a: Venusaur|321\/361
|
|switch|p1a: Mandibuzz|Mandibuzz, F|424\/424
|move|p2a: Venusaur|Giga Drain|p1a: Mandibuzz
|-resisted|p1a: Mandibuzz
|-damage|p1a: Mandibuzz|370\/424
|-heal|p2a: Venusaur|348\/361|[from] drain|[of] p1a: Mandibuzz
|
|-heal|p1a: Mandibuzz|396\/424|[from] item: Leftovers
|turn|2
|
|switch|p1a: Heatran|Heatran, M|386\/386
|move|p2a: Venusaur|Sludge Bomb|p1a: Heatran
|-immune|p1a: Heatran|[msg]
|
|turn|3
|
|move|p2a: Venusaur|Sleep Powder|p1a: Heatran
|-status|p1a: Heatran|slp
|cant|p1a: Heatran|slp
|
|turn|4
|
|switch|p2a: Tyranitar|Tyranitar, F|341\/341
|-weather|Sandstorm
|cant|p1a: Heatran|slp
|
|-weather|Sandstorm|[upkeep]
|turn|5
|
|switch|p1a: Rotom-Wash|Rotom-Wash|303\/303
|move|p2a: Tyranitar|Earthquake|p1a: Rotom-Wash
|-immune|p1a: Rotom-Wash|[msg]
|
|-weather|Sandstorm|[upkeep]
|-damage|p1a: Rotom-Wash|285\/303|[from] sandstorm
|-heal|p1a: Rotom-Wash|303\/303|[from] item: Leftovers
|turn|6
|
|switch|p2a: Heatran|Heatran, M|381\/381
|move|p1a: Rotom-Wash|Will-O-Wisp|p2a: Heatran
|-start|p2a: Heatran|ability: Flash Fire
|
|-weather|Sandstorm|[upkeep]
|-damage|p1a: Rotom-Wash|285\/303|[from] sandstorm
|-heal|p1a: Rotom-Wash|303\/303|[from] item: Leftovers
|turn|7
|
|move|p1a: Rotom-Wash|Hydro Pump|p2a: Heatran
|-supereffective|p2a: Heatran
|-damage|p2a: Heatran|193\/381
|move|p2a: Heatran|Will-O-Wisp|p1a: Rotom-Wash
|-status|p1a: Rotom-Wash|brn
|
|-weather|Sandstorm|[upkeep]
|-damage|p1a: Rotom-Wash|285\/303 brn|[from] sandstorm
|-heal|p1a: Rotom-Wash|303\/303 brn|[from] item: Leftovers
|-heal|p2a: Heatran|216\/381|[from] item: Leftovers
|-damage|p1a: Rotom-Wash|266\/303 brn|[from] brn
|turn|8
|
|switch|p2a: Venusaur|Venusaur-Mega, F|348\/361
|move|p1a: Rotom-Wash|Volt Switch|p2a: Venusaur
|-resisted|p2a: Venusaur
|-damage|p2a: Venusaur|319\/361
|
|switch|p1a: Gothitelle|Gothitelle, F|301\/301
|
|-weather|none
|turn|9
|
|move|p1a: Gothitelle|Psychic|p2a: Venusaur
|-supereffective|p2a: Venusaur
|-damage|p2a: Venusaur|149\/361
|move|p2a: Venusaur|Sludge Bomb|p1a: Gothitelle
|-damage|p1a: Gothitelle|190\/301
|-status|p1a: Gothitelle|psn
|
|-damage|p1a: Gothitelle|153\/301 psn|[from] psn
|turn|10
|
|move|p1a: Gothitelle|Psychic|p2a: Venusaur
|-supereffective|p2a: Venusaur
|-damage|p2a: Venusaur|0 fnt
|faint|p2a: Venusaur
|
|-damage|p1a: Gothitelle|116\/301 psn|[from] psn
|
|switch|p2a: Tyranitar|Tyranitar, F|341\/341
|-weather|Sandstorm
|turn|11
|
|move|p2a: Tyranitar|Pursuit|p1a: Gothitelle|[from]Pursuit
|-crit|p1a: Gothitelle
|-supereffective|p1a: Gothitelle
|-damage|p1a: Gothitelle|0 fnt
|faint|p1a: Gothitelle
|
|-weather|Sandstorm|[upkeep]
|
|switch|p1a: Rotom-Wash|Rotom-Wash|266\/303 brn
|turn|12
|
|switch|p2a: Mew|Mew|404\/404
|move|p1a: Rotom-Wash|Volt Switch|p2a: Mew
|-crit|p2a: Mew
|-damage|p2a: Mew|316\/404
|
|switch|p1a: Heatran|Heatran, M|386\/386 slp
|
|-weather|Sandstorm|[upkeep]
|-damage|p2a: Mew|291\/404|[from] sandstorm
|-heal|p2a: Mew|316\/404|[from] item: Leftovers
|turn|13
|
|switch|p2a: Heatran|Heatran, M|216\/381
|cant|p1a: Heatran|slp
|
|-weather|Sandstorm|[upkeep]
|-heal|p2a: Heatran|239\/381|[from] item: Leftovers
|turn|14
|
|move|p2a: Heatran|Stealth Rock|p1a: Heatran
|-sidestart|p1: lil manaphy|move: Stealth Rock
|-curestatus|p1a: Heatran|slp
|move|p1a: Heatran|Stealth Rock|p2a: Heatran
|-sidestart|p2: okcoolyo|move: Stealth Rock
|
|-weather|Sandstorm|[upkeep]
|-heal|p2a: Heatran|262\/381|[from] item: Leftovers
|turn|15
|
|move|p2a: Heatran|Earth Power|p1a: Heatran
|-supereffective|p1a: Heatran
|-damage|p1a: Heatran|134\/386
|move|p1a: Heatran|Lava Plume|p2a: Heatran
|-start|p2a: Heatran|ability: Flash Fire
|
|-weather|none
|-heal|p2a: Heatran|285\/381|[from] item: Leftovers
|-heal|p1a: Heatran|158\/386|[from] item: Leftovers
|turn|16
|
|move|p1a: Heatran|Protect|p1a: Heatran
|-singleturn|p1a: Heatran|Protect
|move|p2a: Heatran|Lava Plume|p1a: Heatran
|-activate|p1a: Heatran|Protect
|
|-heal|p2a: Heatran|308\/381|[from] item: Leftovers
|-heal|p1a: Heatran|182\/386|[from] item: Leftovers
|turn|17
|
|switch|p1a: Rotom-Wash|Rotom-Wash|266\/303 brn
|-damage|p1a: Rotom-Wash|229\/303 brn|[from] Stealth Rock
|move|p2a: Heatran|Lava Plume|p1a: Rotom-Wash
|-resisted|p1a: Rotom-Wash
|-damage|p1a: Rotom-Wash|153\/303 brn
|
|-heal|p1a: Rotom-Wash|171\/303 brn|[from] item: Leftovers
|-heal|p2a: Heatran|331\/381|[from] item: Leftovers
|-damage|p1a: Rotom-Wash|134\/303 brn|[from] brn
|turn|18
|
|switch|p2a: Mew|Mew|316\/404
|-damage|p2a: Mew|266\/404|[from] Stealth Rock
|move|p1a: Rotom-Wash|Pain Split|p2a: Mew
|-sethp|p2a: Mew|200\/404|p1a: Rotom-Wash|200\/303 brn|[from] move: Pain Split
|
|-heal|p2a: Mew|225\/404|[from] item: Leftovers
|-heal|p1a: Rotom-Wash|218\/303 brn|[from] item: Leftovers
|-damage|p1a: Rotom-Wash|181\/303 brn|[from] brn
|turn|19
|
|move|p2a: Mew|Soft-Boiled|p2a: Mew
|-heal|p2a: Mew|404\/404
|move|p1a: Rotom-Wash|Will-O-Wisp|p2a: Mew
|-status|p2a: Mew|brn
|
|-heal|p1a: Rotom-Wash|199\/303 brn|[from] item: Leftovers
|-damage|p2a: Mew|354\/404 brn|[from] brn
|-damage|p1a: Rotom-Wash|162\/303 brn|[from] brn
|turn|20
|
|switch|p1a: Heatran|Heatran, M|182\/386
|-damage|p1a: Heatran|134\/386|[from] Stealth Rock
|move|p2a: Mew|Taunt|p1a: Heatran
|-start|p1a: Heatran|move: Taunt
|
|-heal|p2a: Mew|379\/404 brn|[from] item: Leftovers
|-heal|p1a: Heatran|158\/386|[from] item: Leftovers
|-damage|p2a: Mew|329\/404 brn|[from] brn
|turn|21
|
|switch|p2a: Keldeo|Keldeo|323\/323
|-damage|p2a: Keldeo|303\/323|[from] Stealth Rock
|switch|p1a: Lopunny|Lopunny, F|271\/271
|-damage|p1a: Lopunny|238\/271|[from] Stealth Rock
|
|-heal|p2a: Keldeo|323\/323|[from] item: Leftovers
|turn|22
|
|detailschange|p1a: Lopunny|Lopunny-Mega, F
|message|Lopunny has Mega Evolved into Mega Lopunny!
|move|p1a: Lopunny|Fake Out|p2a: Keldeo
|-damage|p2a: Keldeo|248\/323
|cant|p2a: Keldeo|flinch
|
|-heal|p2a: Keldeo|268\/323|[from] item: Leftovers
|turn|23
|
|switch|p2a: Skarmory|Skarmory, F|334\/334
|-damage|p2a: Skarmory|293\/334|[from] Stealth Rock
|move|p1a: Lopunny|High Jump Kick|p2a: Skarmory
|-damage|p2a: Skarmory|161\/334
|-damage|p1a: Lopunny|193\/271|[from] item: Rocky Helmet|[of] p2a: Skarmory
|
|turn|24
|
|switch|p1a: Rotom-Wash|Rotom-Wash|162\/303 brn
|-damage|p1a: Rotom-Wash|125\/303 brn|[from] Stealth Rock
|move|p2a: Skarmory|Roost|p2a: Skarmory
|-heal|p2a: Skarmory|328\/334
|
|-heal|p1a: Rotom-Wash|143\/303 brn|[from] item: Leftovers
|-damage|p1a: Rotom-Wash|106\/303 brn|[from] brn
|turn|25
|
|switch|p2a: Mew|Mew|329\/404 brn
|-damage|p2a: Mew|279\/404 brn|[from] Stealth Rock
|move|p1a: Rotom-Wash|Pain Split|p2a: Mew
|-sethp|p2a: Mew|192\/404 brn|p1a: Rotom-Wash|192\/303 brn|[from] move: Pain Split
|
|-heal|p2a: Mew|217\/404 brn|[from] item: Leftovers
|-heal|p1a: Rotom-Wash|210\/303 brn|[from] item: Leftovers
|-damage|p2a: Mew|167\/404 brn|[from] brn
|-damage|p1a: Rotom-Wash|173\/303 brn|[from] brn
|turn|26
|
|move|p2a: Mew|Soft-Boiled|p2a: Mew
|-heal|p2a: Mew|369\/404 brn
|move|p1a: Rotom-Wash|Volt Switch|p2a: Mew
|-damage|p2a: Mew|308\/404 brn
|
|switch|p1a: Heatran|Heatran, M|158\/386
|-damage|p1a: Heatran|110\/386|[from] Stealth Rock
|
|-heal|p2a: Mew|333\/404 brn|[from] item: Leftovers
|-heal|p1a: Heatran|134\/386|[from] item: Leftovers
|-damage|p2a: Mew|283\/404 brn|[from] brn
|turn|27
|
|switch|p2a: Heatran|Heatran, M|331\/381
|-damage|p2a: Heatran|284\/381|[from] Stealth Rock
|switch|p1a: Rotom-Wash|Rotom-Wash|173\/303 brn
|-damage|p1a: Rotom-Wash|136\/303 brn|[from] Stealth Rock
|
|-heal|p1a: Rotom-Wash|154\/303 brn|[from] item: Leftovers
|-heal|p2a: Heatran|307\/381|[from] item: Leftovers
|-damage|p1a: Rotom-Wash|117\/303 brn|[from] brn
|turn|28
|
|switch|p2a: Mew|Mew|283\/404 brn
|-damage|p2a: Mew|233\/404 brn|[from] Stealth Rock
|move|p1a: Rotom-Wash|Pain Split|p2a: Mew
|-sethp|p2a: Mew|175\/404 brn|p1a: Rotom-Wash|175\/303 brn|[from] move: Pain Split
|
|-heal|p2a: Mew|200\/404 brn|[from] item: Leftovers
|-heal|p1a: Rotom-Wash|193\/303 brn|[from] item: Leftovers
|-damage|p2a: Mew|150\/404 brn|[from] brn
|-damage|p1a: Rotom-Wash|156\/303 brn|[from] brn
|turn|29
|
|move|p2a: Mew|Soft-Boiled|p2a: Mew
|-heal|p2a: Mew|352\/404 brn
|move|p1a: Rotom-Wash|Hydro Pump|p2a: Mew
|-damage|p2a: Mew|253\/404 brn
|
|-heal|p2a: Mew|278\/404 brn|[from] item: Leftovers
|-heal|p1a: Rotom-Wash|174\/303 brn|[from] item: Leftovers
|-damage|p2a: Mew|228\/404 brn|[from] brn
|-damage|p1a: Rotom-Wash|137\/303 brn|[from] brn
|turn|30
|
|move|p2a: Mew|Taunt|p1a: Rotom-Wash
|-start|p1a: Rotom-Wash|move: Taunt
|move|p1a: Rotom-Wash|Volt Switch|p2a: Mew
|-damage|p2a: Mew|170\/404 brn
|
|switch|p1a: Lopunny|Lopunny-Mega, F|193\/271
|-damage|p1a: Lopunny|177\/271|[from] Stealth Rock
|
|-heal|p2a: Mew|195\/404 brn|[from] item: Leftovers
|-damage|p2a: Mew|145\/404 brn|[from] brn
|turn|31
|
|switch|p2a: Skarmory|Skarmory, F|328\/334
|-damage|p2a: Skarmory|287\/334|[from] Stealth Rock
|move|p1a: Lopunny|Fake Out|p2a: Skarmory
|-resisted|p2a: Skarmory
|-damage|p2a: Skarmory|265\/334
|-damage|p1a: Lopunny|132\/271|[from] item: Rocky Helmet|[of] p2a: Skarmory
|
|turn|32
|
|switch|p1a: Mandibuzz|Mandibuzz, F|396\/424
|-damage|p1a: Mandibuzz|290\/424|[from] Stealth Rock
|switch|p2a: Mew|Mew|145\/404 brn
|-damage|p2a: Mew|95\/404 brn|[from] Stealth Rock
|
|-heal|p2a: Mew|120\/404 brn|[from] item: Leftovers
|-heal|p1a: Mandibuzz|316\/424|[from] item: Leftovers
|-damage|p2a: Mew|70\/404 brn|[from] brn
|turn|33
|
|move|p2a: Mew|Soft-Boiled|p2a: Mew
|-heal|p2a: Mew|272\/404 brn
|move|p1a: Mandibuzz|Foul Play|p2a: Mew
|-supereffective|p2a: Mew
|-damage|p2a: Mew|78\/404 brn
|
|-heal|p2a: Mew|103\/404 brn|[from] item: Leftovers
|-heal|p1a: Mandibuzz|342\/424|[from] item: Leftovers
|-damage|p2a: Mew|53\/404 brn|[from] brn
|turn|34
|
|switch|p2a: Skarmory|Skarmory, F|265\/334
|-damage|p2a: Skarmory|224\/334|[from] Stealth Rock
|move|p1a: Mandibuzz|Foul Play|p2a: Skarmory
|-damage|p2a: Skarmory|166\/334
|-damage|p1a: Mandibuzz|272\/424|[from] item: Rocky Helmet|[of] p2a: Skarmory
|
|-heal|p1a: Mandibuzz|298\/424|[from] item: Leftovers
|turn|35
|
|move|p1a: Mandibuzz|Taunt|p2a: Skarmory
|-start|p2a: Skarmory|move: Taunt
|cant|p2a: Skarmory|move: Taunt|Defog
|
|-heal|p1a: Mandibuzz|324\/424|[from] item: Leftovers
|turn|36
|
|switch|p1a: Lopunny|Lopunny-Mega, F|132\/271
|-damage|p1a: Lopunny|116\/271|[from] Stealth Rock
|switch|p2a: Tyranitar|Tyranitar, F|341\/341
|-damage|p2a: Tyranitar|299\/341|[from] Stealth Rock
|-weather|Sandstorm
|
|-weather|Sandstorm|[upkeep]
|-damage|p1a: Lopunny|100\/271|[from] sandstorm
|turn|37
|
|move|p1a: Lopunny|High Jump Kick|p2a: Tyranitar
|-supereffective|p2a: Tyranitar
|-damage|p2a: Tyranitar|0 fnt
|faint|p2a: Tyranitar
|
|-weather|Sandstorm|[upkeep]
|-damage|p1a: Lopunny|84\/271|[from] sandstorm
|c|âokcoolyo|gg
|
|switch|p2a: Skarmory|Skarmory, F|166\/334
|-damage|p2a: Skarmory|125\/334|[from] Stealth Rock
|turn|38
|
|move|p1a: Lopunny|High Jump Kick|p2a: Skarmory
|-damage|p2a: Skarmory|0 fnt
|-damage|p1a: Lopunny|39\/271|[from] item: Rocky Helmet|[of] p2a: Skarmory
|faint|p2a: Skarmory
|
|-weather|Sandstorm|[upkeep]
|-damage|p1a: Lopunny|23\/271|[from] sandstorm
|c|âlil manaphy|gg
|
|switch|p2a: Keldeo|Keldeo|268\/323
|-damage|p2a: Keldeo|248\/323|[from] Stealth Rock
|turn|39
|
|move|p1a: Lopunny|High Jump Kick|p2a: Keldeo
|-damage|p2a: Keldeo|0 fnt
|faint|p2a: Keldeo
|
|-weather|Sandstorm|[upkeep]
|-damage|p1a: Lopunny|7\/271|[from] sandstorm
|
|switch|p2a: Mew|Mew|53\/404 brn
|-damage|p2a: Mew|3\/404 brn|[from] Stealth Rock
|turn|40
|
|move|p1a: Lopunny|Return|p2a: Mew
|-crit|p2a: Mew
|-damage|p2a: Mew|0 fnt
|faint|p2a: Mew
|
|-weather|none
|-message|okcoolyo forfeited.
|
|win|lil manaphy
|raw|Ladder updating...
|leave|okcoolyo
|player|p2