|join|woke smeed
|join|okcoolyo
|player|p1|woke smeed|168
|player|p2|okcoolyo|169
|gametype|singles
|gen|6
|tier|OU
|rated
|clearpoke
|poke|p1|Aegislash, F
|poke|p1|Thundurus, M
|poke|p1|Greninja, M
|poke|p1|Mawile, F
|poke|p1|Diggersby, F
|poke|p1|Landorus, M
|poke|p2|Mew
|poke|p2|Tyranitar, F
|poke|p2|Skarmory, M
|poke|p2|Heatran, M
|poke|p2|Keldeo
|poke|p2|Venusaur, F
|rule|Sleep Clause Mod: Limit one foe put to sleep
|rule|Species Clause: Limit one of each Pokemon
|rule|OHKO Clause: OHKO moves are banned
|rule|Moody Clause: Moody is banned
|rule|Evasion Moves Clause: Evasion moves are banned
|rule|Endless Battle Clause: Forcing endless battles is banned.
|rule|HP Percentage Mod: HP is reported as percentages
|teampreview
|join|nova1v1er
|join|i dont kill nigros
|join|ItzGatr
|chat|woke smeed|2 points is all i need
|chat|woke smeed|! :)
|chat|woke smeed|so if you would be so kind to forfeit for me
|
|start
|switch|p1a: Diggersby|Diggersby, F|311\/311
|switch|p2a: Venusaur|Venusaur, F|361\/361
|turn|1
|
|detailschange|p2a: Venusaur|Venusaur-Mega, F
|message|Venusaur has Mega Evolved into Mega Venusaur!
|move|p1a: Diggersby|Return|p2a: Venusaur
|-damage|p2a: Venusaur|147\/361
|-damage|p1a: Diggersby|280\/311|[from] item: Life Orb
|move|p2a: Venusaur|Giga Drain|p1a: Diggersby
|-supereffective|p1a: Diggersby
|-damage|p1a: Diggersby|10\/311
|-heal|p2a: Venusaur|282\/361|[from] drain|[of] p1a: Diggersby
|
|turn|2
|join|Lord Xen IV
|chat|Lord Xen IV|lol
|
|move|p1a: Diggersby|Return|p2a: Venusaur
|-damage|p2a: Venusaur|40\/361
|-damage|p1a: Diggersby|0 fnt|[from] item: Life Orb
|faint|p1a: Diggersby
|move|p2a: Venusaur|Synthesis|p2a: Venusaur
|-heal|p2a: Venusaur|220\/361
|
|join|5mandoto
|join|ox the box
|chat|woke smeed|aw
|chat|woke smeed|predonked
|join|BASED FRED
|leave|ox the box
|
|switch|p1a: Landorus|Landorus, M|319\/319
|turn|3
|chat|ItzGatr|>diggersby
|chat|Lord Xen IV|oh boy
|chat|ItzGatr|god ur a shit
|chat|Lord Xen IV|landorous 
|
|switch|p2a: Tyranitar|Tyranitar, F|341\/341
|-weather|Sandstorm
|move|p1a: Landorus|Psychic|p2a: Tyranitar
|-immune|p2a: Tyranitar|[msg]
|
|-weather|Sandstorm|[upkeep]
|turn|4
|chat|Lord Xen IV|has a field day
|chat|Lord Xen IV|lol
|chat|woke smeed|landorus kills him
|
|move|p2a: Tyranitar|Ice Beam|p1a: Landorus
|-supereffective|p1a: Landorus
|-damage|p1a: Landorus|0 fnt
|faint|p1a: Landorus
|
|-weather|Sandstorm|[upkeep]
|chat|Lord Xen IV|oml
|chat|woke smeed|wow
|chat|woke smeed|counterteamed
|chat|nova1v1er|oooooh
|
|switch|p1a: Greninja|Greninja, M|286\/286
|turn|5
|chat|Lord Xen IV|scarftar
|chat|nova1v1er|cya 2 points
|chat|5mandoto|:D
|join|mars40
|chat|Lord Xen IV|lol
|
|switch|p2a: Mew|Mew|404\/404
|-start|p1a: Greninja|typechange|Psychic|[from] Protean
|move|p1a: Greninja|Extrasensory|p2a: Mew
|-resisted|p2a: Mew
|-damage|p2a: Mew|342\/404
|-damage|p1a: Greninja|258\/286|[from] item: Life Orb
|
|-weather|Sandstorm|[upkeep]
|-damage|p1a: Greninja|241\/286|[from] Sandstorm
|-damage|p2a: Mew|317\/404|[from] Sandstorm
|-heal|p2a: Mew|342\/404|[from] item: Leftovers
|turn|6
|join|Outrageous Fortune
|chat|woke smeed|im officially terrible
|chat|5mandoto|dem predonkchons
|
|-start|p1a: Greninja|typechange|Dark|[from] Protean
|move|p1a: Greninja|Dark Pulse|p2a: Mew
|-supereffective|p2a: Mew
|-damage|p2a: Mew|100\/404
|-damage|p1a: Greninja|213\/286|[from] item: Life Orb
|move|p2a: Mew|Will-O-Wisp|p1a: Greninja
|-status|p1a: Greninja|brn
|
|-weather|Sandstorm|[upkeep]
|-damage|p1a: Greninja|196\/286 brn|[from] Sandstorm
|-damage|p2a: Mew|75\/404|[from] Sandstorm
|-heal|p2a: Mew|100\/404|[from] item: Leftovers
|-damage|p1a: Greninja|161\/286 brn|[from] brn
|turn|7
|
|switch|p2a: Tyranitar|Tyranitar, F|341\/341
|move|p1a: Greninja|Dark Pulse|p2a: Tyranitar
|-resisted|p2a: Tyranitar
|-damage|p2a: Tyranitar|283\/341
|-damage|p1a: Greninja|133\/286 brn|[from] item: Life Orb
|
|-weather|none
|-damage|p1a: Greninja|98\/286 brn|[from] brn
|turn|8
|
|-start|p1a: Greninja|typechange|Water|[from] Protean
|move|p1a: Greninja|Hydro Pump|p2a: Tyranitar
|-crit|p2a: Tyranitar
|-supereffective|p2a: Tyranitar
|-damage|p2a: Tyranitar|0 fnt
|-damage|p1a: Greninja|70\/286 brn|[from] item: Life Orb
|faint|p2a: Tyranitar
|
|-damage|p1a: Greninja|35\/286 brn|[from] brn
|chat|okcoolyo|o right
|chat|nigro killer|clit mattress
|chat|okcoolyo|it doesnt outspeed gren
|chat|okcoolyo|i forgot
|chat|Lord Xen IV|lol
|
|switch|p2a: Venusaur|Venusaur-Mega, F|220\/361
|turn|9
|chat|woke smeed|yep
|chat|woke smeed|learn something new every day
|chat|5mandoto|just both latis
|
|switch|p2a: Mew|Mew|100\/404
|-start|p1a: Greninja|typechange|Psychic|[from] Protean
|move|p1a: Greninja|Extrasensory|p2a: Mew
|-resisted|p2a: Mew
|-damage|p2a: Mew|42\/404
|-damage|p1a: Greninja|7\/286 brn|[from] item: Life Orb
|
|-heal|p2a: Mew|67\/404|[from] item: Leftovers
|-damage|p1a: Greninja|0 fnt|[from] brn
|faint|p1a: Greninja
|chat|woke smeed|whoa you got me bud
|
|switch|p1a: Thundurus|Thundurus, M|299\/299
|turn|10
|chat|nova1v1er|still you can win smeed
|chat|Lord Xen IV|dam I'm tight lando i died tho
|chat|okcoolyo|ya i tend to crack under all this pressure
|chat|woke smeed|he is a good predictor so idk :\/
|chat|nova1v1er|he shoudnt lose ttar
|chat|woke smeed|my thundurus cleans
|chat|okcoolyo|yea i messed up with ttar
|chat|woke smeed|i have psychic
|chat|woke smeed|lol
|chat|5mandoto|1: bring hetran
|chat|5mandoto|2: win
|chat|Lord Xen IV|oh
|chat|Lord Xen IV|then gg
|chat|Lord Xen IV|lol
|
|move|p1a: Thundurus|Knock Off|p2a: Mew
|-supereffective|p2a: Mew
|-damage|p2a: Mew|0 fnt
|-damage|p1a: Thundurus|270\/299|[from] item: Life Orb
|faint|p2a: Mew
|
|
|switch|p2a: Heatran|Heatran, M|381\/381
|turn|11
|chat|okcoolyo|i need ttar for thundy
|chat|okcoolyo|o well
|chat|5mandoto|revel the sp real quick
|chat|Lord Xen IV|scarfed tran
|chat|deceived i sorry|spoiler: he has hp fighting thundy
|chat|Lord Xen IV|beware
|chat|ItzGatr|inb4 hp ground
|chat|nova1v1er|sp doesnt kill heatran
|chat|ItzGatr|GG NO RE
|chat|woke smeed|should i just superpower
|chat|woke smeed|get a crit for me thundy
|chat|ItzGatr|yeah
|chat|woke smeed|i know you can do it!
|chat|Lord Xen IV|LOL
|chat|ItzGatr|jsut poopertower
|
|move|p1a: Thundurus|Superpower|p2a: Heatran
|-supereffective|p2a: Heatran
|-damage|p2a: Heatran|124\/381
|-unboost|p1a: Thundurus|atk|1
|-unboost|p1a: Thundurus|def|1
|-damage|p1a: Thundurus|241\/299|[from] item: Life Orb
|move|p2a: Heatran|Lava Plume|p1a: Thundurus
|-damage|p1a: Thundurus|100\/299
|
|-heal|p2a: Heatran|147\/381|[from] item: Leftovers
|turn|12
|chat|Lord Xen IV|fuck
|chat|woke smeed|piece of shit
|chat|Lord Xen IV|yay
|chat|5mandoto|if hp ice he cant kill vena
|chat|woke smeed|i told you to get a crit
|chat|ItzGatr|c0mp y r u so bad
|chat|Lord Xen IV|u needed lando i
|chat|Lord Xen IV|:(
|chat|woke smeed|does superpower ko 
|chat|ItzGatr|idk
|chat|ItzGatr|calc it u fgt
|chat|5mandoto|get a high roll ^
|chat|Lord Xen IV|why didnt u predict the scar tar
|chat|Lord Xen IV|scarf*
|chat|Lord Xen IV|lol
|chat|nova1v1er|Scarf ttar is 21% of ttar in game
|chat|nova1v1er|Not that easy to predict 
|chat|woke smeed|yolo it
|chat|Lord Xen IV|he switched it into 
|chat|Lord Xen IV|lando
|chat|woke smeed|if i lose 30 points
|chat|5mandoto|new plan
|chat|woke smeed|i lose em!
|chat|Lord Xen IV|so two things
|chat|5mandoto|1: bring vena
|chat|5mandoto|2:synthesis
|chat|Lord Xen IV|either okcoolyo is bad
|chat|5mandoto|3: win
|chat|Lord Xen IV|or its a scarf
|chat|Lord Xen IV|lol
|
|switch|p2a: Skarmory|Skarmory, M|334\/334
|move|p1a: Thundurus|Superpower|p2a: Skarmory
|-damage|p2a: Skarmory|282\/334
|-damage|p1a: Thundurus|51\/299|[from] item: Rocky Helmet|[of] p2a: Skarmory
|-unboost|p1a: Thundurus|atk|1
|-unboost|p1a: Thundurus|def|1
|-damage|p1a: Thundurus|22\/299|[from] item: Life Orb
|
|turn|13
|chat|woke smeed|SON OF A
|
|switch|p1a: Aegislash|Aegislash, F|262\/262
|switch|p2a: Venusaur|Venusaur-Mega, F|220\/361
|
|turn|14
|
|move|p2a: Venusaur|Synthesis|p2a: Venusaur
|-heal|p2a: Venusaur|361\/361
|-formechange|p1a: Aegislash|Aegislash-Blade
|move|p1a: Aegislash|Flash Cannon|p2a: Venusaur
|-damage|p2a: Venusaur|208\/361
|-damage|p1a: Aegislash|236\/262|[from] item: Life Orb
|
|turn|15
|chat|nova1v1er|gg
|chat|5mandoto|:D
|
|move|p2a: Venusaur|Synthesis|p2a: Venusaur
|-heal|p2a: Venusaur|361\/361
|move|p1a: Aegislash|Flash Cannon|p2a: Venusaur
|-damage|p2a: Venusaur|215\/361
|-damage|p1a: Aegislash|210\/262|[from] item: Life Orb
|
|turn|16
|chat|5mandoto|reveal the eq
|
|move|p2a: Venusaur|Synthesis|p2a: Venusaur
|-heal|p2a: Venusaur|361\/361
|move|p1a: Aegislash|Flash Cannon|p2a: Venusaur
|-damage|p2a: Venusaur|208\/361
|-damage|p1a: Aegislash|184\/262|[from] item: Life Orb
|
|turn|17
|chat|woke smeed|where the hell is my crit
|
|move|p2a: Venusaur|Synthesis|p2a: Venusaur
|-heal|p2a: Venusaur|361\/361
|move|p1a: Aegislash|Flash Cannon|p2a: Venusaur
|-damage|p2a: Venusaur|213\/361
|-damage|p1a: Aegislash|158\/262|[from] item: Life Orb
|
|turn|18
|
|move|p2a: Venusaur|Synthesis|p2a: Venusaur
|-heal|p2a: Venusaur|361\/361
|move|p1a: Aegislash|Shadow Ball|p2a: Venusaur
|-damage|p2a: Venusaur|219\/361
|-damage|p1a: Aegislash|132\/262|[from] item: Life Orb
|
|turn|19
|chat|nova1v1er|just leech!
|
|move|p2a: Venusaur|Synthesis|p2a: Venusaur
|-heal|p2a: Venusaur|361\/361
|move|p1a: Aegislash|Shadow Ball|p2a: Venusaur
|-damage|p2a: Venusaur|215\/361
|-unboost|p2a: Venusaur|spd|1
|-damage|p1a: Aegislash|106\/262|[from] item: Life Orb
|
|turn|20
|chat|5mandoto|just eq fgt u.u
|chat|mars40|the drop
|chat|Lord Xen IV|lol
|
|-formechange|p1a: Aegislash|Aegislash
|move|p1a: Aegislash|King's Shield|p1a: Aegislash
|-singleturn|p1a: Aegislash|Protect
|move|p2a: Venusaur|Sleep Powder|p1a: Aegislash
|-status|p1a: Aegislash|slp
|
|turn|21
|chat|Lord Xen IV|oml
|chat|5mandoto|lel
|chat|Lord Xen IV|are u serious
|chat|woke smeed|you had that the whole time
|chat|woke smeed|you dog you
|chat|Lord Xen IV|LOL
|
|switch|p1a: Mawile|Mawile, F|274\/274
|-ability|p1a: Mawile|Intimidate|[of] p2a: Venusaur
|-unboost|p2a: Venusaur|atk|1
|move|p2a: Venusaur|Synthesis|p2a: Venusaur
|-heal|p2a: Venusaur|361\/361
|
|turn|22
|
|switch|p2a: Skarmory|Skarmory, M|282\/334
|detailschange|p1a: Mawile|Mawile-Mega, F
|message|Mawile has Mega Evolved into Mega Mawile!
|move|p1a: Mawile|Swords Dance|p1a: Mawile
|-boost|p1a: Mawile|atk|2
|
|turn|23
|chat|Lord Xen IV|swag
|chat|woke smeed|tell me if fang ohkos
|chat|woke smeed|pls
|chat|Lord Xen IV|it dos
|chat|Lord Xen IV|does
|chat|woke smeed|loljk dont have it
|chat|deceived i sorry|n
|
|move|p2a: Skarmory|Roost|p2a: Skarmory
|-heal|p2a: Skarmory|334\/334
|move|p1a: Mawile|Play Rough|p2a: Skarmory|[miss]
|-miss|p1a: Mawile|p2a: Skarmory
|
|turn|24
|chat|deceived i sorry|it doesnt
|chat|Lord Xen IV|yes it does
|chat|Lord Xen IV|lol
|chat|deceived i sorry|USE PAUNCH
|
|move|p1a: Mawile|Iron Head|p2a: Skarmory
|-resisted|p2a: Skarmory
|-damage|p2a: Skarmory|171\/334
|-damage|p1a: Mawile|229\/274|[from] item: Rocky Helmet|[of] p2a: Skarmory
|move|p2a: Skarmory|Whirlwind|p1a: Mawile
|drag|p1a: Aegislash|Aegislash, F|106\/262 slp
|
|turn|25
|chat|Lord Xen IV|wow ur bad
|chat|deceived i sorry|good hav
|
|switch|p2a: Venusaur|Venusaur-Mega, F|361\/361
|-formechange|p1a: Aegislash|Aegislash-Blade
|cant|p1a: Aegislash|slp
|
|turn|26
|chat|Lord Xen IV|lol
|
|move|p2a: Venusaur|Giga Drain|p1a: Aegislash
|-resisted|p1a: Aegislash
|-damage|p1a: Aegislash|10\/262 slp
|cant|p1a: Aegislash|slp
|
|turn|27
|
|move|p2a: Venusaur|Giga Drain|p1a: Aegislash
|-resisted|p1a: Aegislash
|-damage|p1a: Aegislash|0 fnt
|faint|p1a: Aegislash
|
|chat|Lord Xen IV|where is lando i
|
|switch|p1a: Thundurus|Thundurus, M|22\/299
|turn|28
|chat|Lord Xen IV|;-;
|
|move|p1a: Thundurus|Knock Off|p2a: Venusaur
|-crit|p2a: Venusaur
|-damage|p2a: Venusaur|266\/361
|-damage|p1a: Thundurus|0 fnt|[from] item: Life Orb
|faint|p1a: Thundurus
|move|p2a: Venusaur|Giga Drain|p1: Thundurus|[notarget]
|-notarget
|
|chat|woke smeed|boom
|
|switch|p1a: Mawile|Mawile-Mega, F|229\/274
|turn|29
|-message|woke smeed forfeited.
|
|win|okcoolyo
|raw|Ladder updating...
|chat|5mandoto|miss a couple of poweders real quick
|raw|woke smeed's rating: 1915 &rarr; <strong>1886<\/strong><br \/>(-29 for losing)
|raw|okcoolyo's rating: 1753 &rarr; <strong>1782<\/strong><br \/>(+29 for winning)
|leave|ItzGatr
|chat|okcoolyo|gg
|chat|Lord Xen IV|.
|chat|woke smeed|rip 30 points
|leave|deceived i sorry
|leave|woke smeed
|player|p1
|leave|nova1v1er
|leave|Lord Xen IV
|leave|Outrageous Fortune
|join|wall-in
|leave|wall-in
|join|wall-in
|leave|wall-in
|leave|mars40
|leave|5mandoto