|join|okcoolyo
|join|nyczxjay
|player|p1|okcoolyo|169
|player|p2|nyczxjay|92
|gametype|singles
|gen|6
|tier|OU
|rated
|clearpoke
|poke|p1|Mew
|poke|p1|Tyranitar, F
|poke|p1|Skarmory, M
|poke|p1|Heatran, F
|poke|p1|Keldeo
|poke|p1|Venusaur, M
|poke|p2|Talonflame, M
|poke|p2|Azumarill, M
|poke|p2|Dugtrio, M
|poke|p2|Latias, F, shiny
|poke|p2|Magnezone
|poke|p2|Charizard, M, shiny
|rule|Sleep Clause Mod: Limit one foe put to sleep
|rule|Species Clause: Limit one of each Pokemon
|rule|OHKO Clause: OHKO moves are banned
|rule|Moody Clause: Moody is banned
|rule|Evasion Moves Clause: Evasion moves are banned
|rule|Endless Battle Clause: Forcing endless battles is banned.
|rule|HP Percentage Mod: HP is reported as percentages
|teampreview
|
|start
|switch|p1a: Mew|Mew|404\/404
|switch|p2a: Talonflame|Talonflame, M|359\/359
|turn|1
|
|switch|p1a: Skarmory|Skarmory, M|334\/334
|move|p2a: Talonflame|Taunt|p1a: Skarmory
|-start|p1a: Skarmory|move: Taunt
|
|turn|2
|
|switch|p1a: Heatran|Heatran, F|381\/381
|move|p2a: Talonflame|Will-O-Wisp|p1a: Heatran
|-start|p1a: Heatran|ability: Flash Fire
|
|turn|3
|
|move|p2a: Talonflame|Taunt|p1a: Heatran
|-start|p1a: Heatran|move: Taunt
|cant|p1a: Heatran|move: Taunt|Will-O-Wisp
|
|turn|4
|
|move|p2a: Talonflame|Will-O-Wisp|p1a: Heatran
|-immune|p1a: Heatran|[msg]
|move|p1a: Heatran|Lava Plume|p2a: Talonflame
|-resisted|p2a: Talonflame
|-damage|p2a: Talonflame|275\/359
|
|-heal|p2a: Talonflame|297\/359|[from] item: Leftovers
|turn|5
|
|switch|p2a: Charizard|Charizard, M, shiny|359\/359
|move|p1a: Heatran|Lava Plume|p2a: Charizard
|-resisted|p2a: Charizard
|-damage|p2a: Charizard|262\/359
|
|-end|p1a: Heatran|move: Taunt
|turn|6
|
|switch|p2a: Dugtrio|Dugtrio, M|201\/201
|move|p1a: Heatran|Stealth Rock|p2a: Dugtrio
|-sidestart|p2: nyczxjay|move: Stealth Rock
|
|turn|7
|
|move|p2a: Dugtrio|Earthquake|p1a: Heatran
|-supereffective|p1a: Heatran
|-damage|p1a: Heatran|0 fnt
|faint|p1a: Heatran
|
|
|switch|p1a: Keldeo|Keldeo|323\/323
|turn|8
|
|switch|p2a: Latias|Latias, F, shiny|299\/299
|-damage|p2a: Latias|262\/299|[from] Stealth Rock
|move|p1a: Keldeo|Icy Wind|p2a: Latias
|-supereffective|p2a: Latias
|-damage|p2a: Latias|150\/299
|-unboost|p2a: Latias|spe|1
|
|turn|9
|
|move|p1a: Keldeo|Icy Wind|p2a: Latias
|-supereffective|p2a: Latias
|-damage|p2a: Latias|38\/299
|-unboost|p2a: Latias|spe|1
|move|p2a: Latias|Defog|p1a: Keldeo
|-unboost|p1a: Keldeo|evasion|1
|-sideend|p2: nyczxjay|Stealth Rock|[from] move: Defog|[of] p2a: Latias
|
|turn|10
|
|switch|p2a: Azumarill|Azumarill, M|393\/393
|move|p1a: Keldeo|Secret Sword|p2a: Azumarill
|-resisted|p2a: Azumarill
|-damage|p2a: Azumarill|299\/393
|
|turn|11
|
|switch|p2a: Talonflame|Talonflame, M|297\/359
|move|p1a: Keldeo|Secret Sword|p2a: Talonflame
|-resisted|p2a: Talonflame
|-damage|p2a: Talonflame|201\/359
|
|-heal|p2a: Talonflame|223\/359|[from] item: Leftovers
|turn|12
|
|switch|p2a: Azumarill|Azumarill, M|299\/393
|move|p1a: Keldeo|Hydro Pump|p2a: Azumarill
|-resisted|p2a: Azumarill
|-damage|p2a: Azumarill|224\/393
|
|turn|13
|
|switch|p1a: Venusaur|Venusaur, M|361\/361
|move|p2a: Azumarill|Play Rough|p1a: Venusaur
|-resisted|p1a: Venusaur
|-damage|p1a: Venusaur|245\/361
|-unboost|p1a: Venusaur|atk|1
|
|turn|14
|chat|okcoolyo|the overpredictions
|chat|okcoolyo|lol you still won
|
|switch|p2a: Magnezone|Magnezone|281\/281
|detailschange|p1a: Venusaur|Venusaur-Mega, M
|message|Venusaur has Mega Evolved into Mega Venusaur!
|move|p1a: Venusaur|Sleep Powder|p2a: Magnezone|[miss]
|-miss|p1a: Venusaur|p2a: Magnezone
|
|turn|15
|
|move|p2a: Magnezone|Volt Switch|p1a: Venusaur
|-resisted|p1a: Venusaur
|-damage|p1a: Venusaur|203\/361
|
|switch|p2a: Latias|Latias, F, shiny|38\/299
|move|p1a: Venusaur|Sleep Powder|p2a: Latias|[miss]
|-miss|p1a: Venusaur|p2a: Latias
|
|turn|16
|chat|okcoolyo|y
|
|switch|p1a: Tyranitar|Tyranitar, F|341\/341
|-weather|Sandstorm
|move|p2a: Latias|Draco Meteor|p1a: Tyranitar
|-damage|p1a: Tyranitar|133\/341
|-unboost|p2a: Latias|spa|2
|-damage|p2a: Latias|9\/299|[from] item: Life Orb
|
|-weather|Sandstorm|[upkeep]
|-damage|p2a: Latias|0 fnt|[from] Sandstorm
|faint|p2a: Latias
|
|switch|p2a: Dugtrio|Dugtrio, M|201\/201
|turn|17
|
|move|p2a: Dugtrio|Earthquake|p1a: Tyranitar
|-supereffective|p1a: Tyranitar
|-damage|p1a: Tyranitar|0 fnt
|faint|p1a: Tyranitar
|
|-weather|Sandstorm|[upkeep]
|
|switch|p1a: Keldeo|Keldeo|323\/323
|turn|18
|
|move|p2a: Dugtrio|Earthquake|p1a: Keldeo
|-damage|p1a: Keldeo|191\/323
|move|p1a: Keldeo|Icy Wind|p2a: Dugtrio
|-supereffective|p2a: Dugtrio
|-damage|p2a: Dugtrio|11\/201
|-unboost|p2a: Dugtrio|spe|1
|
|-weather|Sandstorm|[upkeep]
|-damage|p1a: Keldeo|171\/323|[from] Sandstorm
|-heal|p1a: Keldeo|191\/323|[from] item: Leftovers
|turn|19
|
|switch|p2a: Azumarill|Azumarill, M|224\/393
|move|p1a: Keldeo|Secret Sword|p2a: Azumarill
|-resisted|p2a: Azumarill
|-damage|p2a: Azumarill|128\/393
|
|-weather|Sandstorm|[upkeep]
|-damage|p1a: Keldeo|171\/323|[from] Sandstorm
|-damage|p2a: Azumarill|104\/393|[from] Sandstorm
|-heal|p1a: Keldeo|191\/323|[from] item: Leftovers
|turn|20
|
|move|p1a: Keldeo|Hydro Pump|p2a: Azumarill
|-resisted|p2a: Azumarill
|-damage|p2a: Azumarill|29\/393
|move|p2a: Azumarill|Knock Off|p1a: Keldeo
|-resisted|p1a: Keldeo
|-damage|p1a: Keldeo|115\/323
|-boost|p1a: Keldeo|atk|1|[from] ability: Justified
|-enditem|p1a: Keldeo|Leftovers|[from] move: Knock Off|[of] p2a: Azumarill
|
|-weather|none
|turn|21
|chat|nyczxjay|i swear you're making werid moves
|chat|nyczxjay|why not go into venusaur... 
|chat|nyczxjay|it walls azumarill
|chat|okcoolyo|damage calc says 26-31%
|chat|nyczxjay|you're lettng keldo take uneccessary damage
|
|switch|p1a: Venusaur|Venusaur-Mega, M|203\/361
|move|p2a: Azumarill|Aqua Jet|p1a: Venusaur
|-resisted|p1a: Venusaur
|-damage|p1a: Venusaur|169\/361
|
|turn|22
|chat|okcoolyo|I thought i could ohko
|
|move|p1a: Venusaur|Synthesis|p1a: Venusaur
|-heal|p1a: Venusaur|349\/361
|move|p2a: Azumarill|Play Rough|p1a: Venusaur
|-resisted|p1a: Venusaur
|-damage|p1a: Venusaur|265\/361
|
|turn|23
|
|move|p1a: Venusaur|Synthesis|p1a: Venusaur
|-heal|p1a: Venusaur|361\/361
|move|p2a: Azumarill|Play Rough|p1a: Venusaur
|-resisted|p1a: Venusaur
|-damage|p1a: Venusaur|280\/361
|
|turn|24
|
|move|p1a: Venusaur|Giga Drain|p2a: Azumarill
|-supereffective|p2a: Azumarill
|-damage|p2a: Azumarill|0 fnt
|-heal|p1a: Venusaur|295\/361|[from] drain|[of] p2a: Azumarill
|faint|p2a: Azumarill
|
|
|switch|p2a: Talonflame|Talonflame, M|223\/359
|turn|25
|
|move|p2a: Talonflame|Taunt|p1a: Venusaur
|-start|p1a: Venusaur|move: Taunt
|move|p1a: Venusaur|Sludge Bomb|p2a: Talonflame
|-damage|p2a: Talonflame|97\/359
|
|-heal|p2a: Talonflame|119\/359|[from] item: Leftovers
|turn|26
|
|move|p2a: Talonflame|Roost|p2a: Talonflame
|-heal|p2a: Talonflame|299\/359
|move|p1a: Venusaur|Sludge Bomb|p2a: Talonflame
|-damage|p2a: Talonflame|166\/359
|
|-heal|p2a: Talonflame|188\/359|[from] item: Leftovers
|turn|27
|
|move|p2a: Talonflame|Will-O-Wisp|p1a: Venusaur
|-status|p1a: Venusaur|brn
|move|p1a: Venusaur|Sludge Bomb|p2a: Talonflame
|-damage|p2a: Talonflame|56\/359
|
|-heal|p2a: Talonflame|78\/359|[from] item: Leftovers
|-damage|p1a: Venusaur|250\/361 brn|[from] brn
|-end|p1a: Venusaur|move: Taunt
|turn|28
|
|switch|p2a: Magnezone|Magnezone|281\/281
|move|p1a: Venusaur|Sleep Powder|p2a: Magnezone|[miss]
|-miss|p1a: Venusaur|p2a: Magnezone
|
|-damage|p1a: Venusaur|205\/361 brn|[from] brn
|turn|29
|
|move|p2a: Magnezone|Flash Cannon|p1a: Venusaur
|-damage|p1a: Venusaur|108\/361 brn
|move|p1a: Venusaur|Sludge Bomb|p2a: Magnezone
|-immune|p2a: Magnezone|[msg]
|
|-damage|p1a: Venusaur|63\/361 brn|[from] brn
|turn|30
|chat|okcoolyo|fuck
|chat|okcoolyo|mispredicted
|
|switch|p1a: Mew|Mew|404\/404
|move|p2a: Magnezone|Flash Cannon|p1a: Mew
|-damage|p1a: Mew|280\/404
|
|-heal|p1a: Mew|305\/404|[from] item: Leftovers
|turn|31
|chat|nyczxjay|a lot of that going on this game on both ends
|chat|okcoolyo|it was over from the beginning honestly, this team counters mine
|chat|okcoolyo|thats why i palyed so weird
|chat|okcoolyo|I didnt have much to lose
|chat|okcoolyo|dugtrio takes you ttar and ehatran, mag takes out skarm
|chat|okcoolyo|i cant predict and switch when i need to know
|
|switch|p2a: Dugtrio|Dugtrio, M|11\/201
|move|p1a: Mew|Psychic|p2a: Dugtrio
|-damage|p2a: Dugtrio|0 fnt
|faint|p2a: Dugtrio
|
|-heal|p1a: Mew|330\/404|[from] item: Leftovers
|chat|okcoolyo|yknow**
|
|switch|p2a: Talonflame|Talonflame, M|78\/359
|turn|32
|
|move|p2a: Talonflame|Roost|p2a: Talonflame
|-heal|p2a: Talonflame|258\/359
|move|p1a: Mew|Taunt|p2a: Talonflame
|-start|p2a: Talonflame|move: Taunt
|
|-heal|p2a: Talonflame|280\/359|[from] item: Leftovers
|-heal|p1a: Mew|355\/404|[from] item: Leftovers
|turn|33
|
|switch|p2a: Charizard|Charizard, M, shiny|262\/359
|move|p1a: Mew|Psychic|p2a: Charizard
|-damage|p2a: Charizard|147\/359
|-unboost|p2a: Charizard|spd|1
|
|-heal|p1a: Mew|380\/404|[from] item: Leftovers
|turn|34
|
|detailschange|p2a: Charizard|Charizard-Mega-X, M, shiny
|message|Charizard has Mega Evolved into Mega Charizard!
|move|p2a: Charizard|Roost|p2a: Charizard
|-heal|p2a: Charizard|327\/359
|move|p1a: Mew|Psychic|p2a: Charizard
|-damage|p2a: Charizard|144\/359
|
|-heal|p1a: Mew|404\/404|[from] item: Leftovers
|turn|35
|
|switch|p2a: Magnezone|Magnezone|281\/281
|move|p1a: Mew|Taunt|p2a: Magnezone
|-start|p2a: Magnezone|move: Taunt
|
|turn|36
|
|move|p2a: Magnezone|Volt Switch|p1a: Mew
|-damage|p1a: Mew|307\/404
|
|switch|p2a: Talonflame|Talonflame, M|280\/359
|move|p1a: Mew|Taunt|p2a: Talonflame
|-start|p2a: Talonflame|move: Taunt
|
|-heal|p2a: Talonflame|302\/359|[from] item: Leftovers
|-heal|p1a: Mew|332\/404|[from] item: Leftovers
|turn|37
|
|switch|p2a: Magnezone|Magnezone|281\/281
|switch|p1a: Keldeo|Keldeo|115\/323
|
|turn|38
|
|switch|p1a: Venusaur|Venusaur-Mega, M|63\/361 brn
|move|p2a: Magnezone|Volt Switch|p1a: Venusaur
|-resisted|p1a: Venusaur
|-damage|p1a: Venusaur|12\/361 brn
|
|switch|p2a: Talonflame|Talonflame, M|302\/359
|
|-heal|p2a: Talonflame|324\/359|[from] item: Leftovers
|-damage|p1a: Venusaur|0 fnt|[from] brn
|faint|p1a: Venusaur
|chat|okcoolyo|we've played before i u dunno if you remember
|chat|nyczxjay|i vaguely remember playing this team
|chat|nyczxjay|like yesterday
|chat|okcoolyo|yea
|
|switch|p1a: Mew|Mew|332\/404
|turn|39
|chat|okcoolyo|i should honestly just check when youre playing so i dont run into this team lol
|
|move|p2a: Talonflame|Taunt|p1a: Mew
|-start|p1a: Mew|move: Taunt
|move|p1a: Mew|Psychic|p2a: Talonflame
|-damage|p2a: Talonflame|215\/359
|
|-heal|p2a: Talonflame|237\/359|[from] item: Leftovers
|-heal|p1a: Mew|357\/404|[from] item: Leftovers
|turn|40
|
|switch|p1a: Skarmory|Skarmory, M|334\/334
|move|p2a: Talonflame|Will-O-Wisp|p1a: Skarmory
|-status|p1a: Skarmory|brn
|
|-heal|p2a: Talonflame|259\/359|[from] item: Leftovers
|-damage|p1a: Skarmory|293\/334 brn|[from] brn
|turn|41
|
|move|p2a: Talonflame|Taunt|p1a: Skarmory
|-start|p1a: Skarmory|move: Taunt
|move|p1a: Skarmory|Brave Bird|p2a: Talonflame
|-damage|p2a: Talonflame|178\/359
|-damage|p1a: Skarmory|266\/334 brn|[from] recoil|[of] p2a: Talonflame
|
|-heal|p2a: Talonflame|200\/359|[from] item: Leftovers
|-damage|p1a: Skarmory|225\/334 brn|[from] brn
|turn|42
|
|move|p2a: Talonflame|Roost|p2a: Talonflame
|-heal|p2a: Talonflame|359\/359
|move|p1a: Skarmory|Brave Bird|p2a: Talonflame
|-damage|p2a: Talonflame|286\/359
|-damage|p1a: Skarmory|201\/334 brn|[from] recoil|[of] p2a: Talonflame
|
|-heal|p2a: Talonflame|308\/359|[from] item: Leftovers
|-damage|p1a: Skarmory|160\/334 brn|[from] brn
|turn|43
|
|switch|p2a: Magnezone|Magnezone|281\/281
|move|p1a: Skarmory|Brave Bird|p2a: Magnezone
|-resisted|p2a: Magnezone
|-damage|p2a: Magnezone|269\/281
|-damage|p1a: Skarmory|156\/334 brn|[from] recoil|[of] p2a: Magnezone
|
|-damage|p1a: Skarmory|115\/334 brn|[from] brn
|-end|p1a: Skarmory|move: Taunt
|turn|44
|
|switch|p1a: Mew|Mew|357\/404
|move|p2a: Magnezone|Volt Switch|p1a: Mew
|-damage|p1a: Mew|234\/404
|
|switch|p2a: Talonflame|Talonflame, M|308\/359
|
|-heal|p2a: Talonflame|330\/359|[from] item: Leftovers
|-heal|p1a: Mew|259\/404|[from] item: Leftovers
|turn|45
|chat|okcoolyo|oo the trick magnezone
|
|switch|p1a: Skarmory|Skarmory, M|115\/334 brn
|move|p2a: Talonflame|Taunt|p1a: Skarmory
|-start|p1a: Skarmory|move: Taunt
|
|-heal|p2a: Talonflame|352\/359|[from] item: Leftovers
|-damage|p1a: Skarmory|74\/334 brn|[from] brn
|turn|46
|chat|nyczxjay|not really a "trick"
|chat|nyczxjay|my team doesn't care about skarmory so no point in magnet pull
|chat|nyczxjay|analytic is more useful
|chat|okcoolyo|yea i mean its obvious when the magnezone doesnt have magnet pull
|chat|nyczxjay|since scarf zone can't kill ferro or scizor anyway
|chat|okcoolyo|but i play differently when i assume it does
|chat|okcoolyo|yea thats true
|chat|okcoolyo|why dont you get hp fire
|chat|nyczxjay|don't want to be walled by chomp
|chat|okcoolyo|oh
|chat|nyczxjay|or other dragons
|chat|okcoolyo|latios can counter
|chat|okcoolyo|latias*
|
|switch|p2a: Magnezone|Magnezone|269\/281
|move|p1a: Skarmory|Brave Bird|p2a: Magnezone
|-resisted|p2a: Magnezone
|-damage|p2a: Magnezone|256\/281
|-damage|p1a: Skarmory|70\/334 brn|[from] recoil|[of] p2a: Magnezone
|
|-damage|p1a: Skarmory|29\/334 brn|[from] brn
|turn|47
|chat|nyczxjay|and hp fire w\/o specs is weak
|chat|okcoolyo|or azu
|chat|okcoolyo|yea thats true
|
|move|p2a: Magnezone|Volt Switch|p1a: Skarmory
|-supereffective|p1a: Skarmory
|-damage|p1a: Skarmory|0 fnt
|faint|p1a: Skarmory
|
|switch|p2a: Talonflame|Talonflame, M|352\/359
|
|-heal|p2a: Talonflame|359\/359|[from] item: Leftovers
|
|switch|p1a: Mew|Mew|259\/404
|turn|48
|
|move|p2a: Talonflame|Taunt|p1a: Mew
|-start|p1a: Mew|move: Taunt
|move|p1a: Mew|Psychic|p2a: Talonflame
|-damage|p2a: Talonflame|250\/359
|
|-heal|p2a: Talonflame|272\/359|[from] item: Leftovers
|-heal|p1a: Mew|284\/404|[from] item: Leftovers
|turn|49
|
|move|p2a: Talonflame|Will-O-Wisp|p1a: Mew
|-status|p1a: Mew|brn
|move|p1a: Mew|Psychic|p2a: Talonflame
|-damage|p2a: Talonflame|170\/359
|
|-heal|p2a: Talonflame|192\/359|[from] item: Leftovers
|-heal|p1a: Mew|309\/404 brn|[from] item: Leftovers
|-damage|p1a: Mew|259\/404 brn|[from] brn
|turn|50
|
|move|p2a: Talonflame|Roost|p2a: Talonflame
|-heal|p2a: Talonflame|359\/359
|move|p1a: Mew|Psychic|p2a: Talonflame
|-damage|p2a: Talonflame|248\/359
|
|-heal|p2a: Talonflame|270\/359|[from] item: Leftovers
|-heal|p1a: Mew|284\/404 brn|[from] item: Leftovers
|-damage|p1a: Mew|234\/404 brn|[from] brn
|-end|p1a: Mew|move: Taunt
|turn|51
|chat|okcoolyo|gg
|chat|nyczxjay|gg
|chat|okcoolyo|this talon is a bitch to play for my team too
|
|move|p2a: Talonflame|Taunt|p1a: Mew
|-start|p1a: Mew|move: Taunt
|move|p1a: Mew|Psychic|p2a: Talonflame
|-damage|p2a: Talonflame|165\/359
|
|-heal|p2a: Talonflame|187\/359|[from] item: Leftovers
|-heal|p1a: Mew|259\/404 brn|[from] item: Leftovers
|-damage|p1a: Mew|209\/404 brn|[from] brn
|turn|52
|
|switch|p2a: Magnezone|Magnezone|256\/281
|move|p1a: Mew|Psychic|p2a: Magnezone
|-resisted|p2a: Magnezone
|-damage|p2a: Magnezone|202\/281
|
|-heal|p1a: Mew|234\/404 brn|[from] item: Leftovers
|-damage|p1a: Mew|184\/404 brn|[from] brn
|turn|53
|
|move|p2a: Magnezone|Thunderbolt|p1a: Mew
|-damage|p1a: Mew|73\/404 brn
|move|p1a: Mew|Psychic|p2a: Magnezone
|-resisted|p2a: Magnezone
|-damage|p2a: Magnezone|141\/281
|
|-heal|p1a: Mew|98\/404 brn|[from] item: Leftovers
|-damage|p1a: Mew|48\/404 brn|[from] brn
|-end|p1a: Mew|move: Taunt
|turn|54
|
|move|p2a: Magnezone|Thunderbolt|p1a: Mew
|-damage|p1a: Mew|0 fnt
|faint|p1a: Mew
|
|
|switch|p1a: Keldeo|Keldeo|115\/323
|turn|55
|
|move|p2a: Magnezone|Thunderbolt|p1a: Keldeo
|-supereffective|p1a: Keldeo
|-damage|p1a: Keldeo|0 fnt
|faint|p1a: Keldeo
|
|win|nyczxjay
|raw|Ladder updating...
|raw|okcoolyo's rating: 1836 &rarr; <strong>1819<\/strong><br \/>(-17 for losing)
|raw|nyczxjay's rating: 1880 &rarr; <strong>1898<\/strong><br \/>(+18 for winning)