|join|okcoolyo
|join|toiletpkay
|player|p1|okcoolyo|169
|player|p2|toiletpkay|293
|gametype|singles
|gen|6
|tier|OU
|rated
|clearpoke
|poke|p1|Mew
|poke|p1|Tyranitar, F
|poke|p1|Skarmory, F
|poke|p1|Heatran, M
|poke|p1|Keldeo
|poke|p1|Venusaur, F
|poke|p2|Azumarill, M
|poke|p2|Greninja, F
|poke|p2|Manectric, F
|poke|p2|Landorus-Therian, M
|poke|p2|Victini
|poke|p2|Scizor, M
|rule|Baton Pass Clause: Limit 3 pokemon knowing Baton Pass
|rule|Sleep Clause Mod: Limit one foe put to sleep
|rule|Species Clause: Limit one of each Pokemon
|rule|OHKO Clause: OHKO moves are banned
|rule|Moody Clause: Moody is banned
|rule|Evasion Moves Clause: Evasion moves are banned
|rule|Endless Battle Clause: Forcing endless battles is banned
|rule|HP Percentage Mod: HP is reported as percentages
|teampreview
|
|start
|switch|p1a: Tyranitar|Tyranitar, F|341\/341
|switch|p2a: Scizor|Scizor, M|281\/281
|-weather|Sandstorm
|turn|1
|
|switch|p1a: Skarmory|Skarmory, F|334\/334
|move|p2a: Scizor|Bullet Punch|p1a: Skarmory
|-resisted|p1a: Skarmory
|-damage|p1a: Skarmory|292\/334
|-damage|p2a: Scizor|235\/281|[from] item: Rocky Helmet|[of] p1a: Skarmory
|
|-weather|Sandstorm|[upkeep]
|turn|2
|
|move|p1a: Skarmory|Roost|p1a: Skarmory
|-heal|p1a: Skarmory|334\/334
|move|p2a: Scizor|Swords Dance|p2a: Scizor
|-boost|p2a: Scizor|atk|2
|
|-weather|Sandstorm|[upkeep]
|turn|3
|
|move|p2a: Scizor|Swords Dance|p2a: Scizor
|-boost|p2a: Scizor|atk|2
|move|p1a: Skarmory|Whirlwind|p2a: Scizor
|drag|p2a: Azumarill|Azumarill, M|390\/390
|
|-weather|Sandstorm|[upkeep]
|-damage|p2a: Azumarill|366\/390|[from] sandstorm
|turn|4
|
|switch|p2a: Scizor|Scizor, M|235\/281
|move|p1a: Skarmory|Brave Bird|p2a: Scizor
|-damage|p2a: Scizor|135\/281
|-damage|p1a: Skarmory|301\/334|[from] recoil|[of] p2a: Scizor
|
|-weather|Sandstorm|[upkeep]
|turn|5
|join|le le le LESBIAN!
|
|switch|p2a: Victini|Victini|341\/341
|move|p1a: Skarmory|Whirlwind|p2a: Victini
|drag|p2a: Greninja|Greninja, F|286\/286
|
|-weather|none
|turn|6
|
|switch|p1a: Venusaur|Venusaur, F|361\/361
|-start|p2a: Greninja|typechange|Dark|[from] Protean
|move|p2a: Greninja|Dark Pulse|p1a: Venusaur
|-damage|p1a: Venusaur|243\/361
|-damage|p2a: Greninja|258\/286|[from] item: Life Orb
|
|turn|7
|
|detailschange|p1a: Venusaur|Venusaur-Mega, F
|message|Venusaur has Mega Evolved into Mega Venusaur!
|-start|p2a: Greninja|typechange|Psychic|[from] Protean
|move|p2a: Greninja|Extrasensory|p1a: Venusaur
|-supereffective|p1a: Venusaur
|-damage|p1a: Venusaur|53\/361
|-damage|p2a: Greninja|230\/286|[from] item: Life Orb
|move|p1a: Venusaur|Giga Drain|p2a: Greninja
|-damage|p2a: Greninja|95\/286
|-heal|p1a: Venusaur|121\/361|[from] drain|[of] p2a: Greninja
|
|turn|8
|
|switch|p1a: Mew|Mew|404\/404
|-start|p2a: Greninja|typechange|Ice|[from] Protean
|move|p2a: Greninja|Ice Beam|p1a: Mew
|-damage|p1a: Mew|283\/404
|-status|p1a: Mew|frz
|-damage|p2a: Greninja|67\/286|[from] item: Life Orb
|
|-heal|p1a: Mew|308\/404 frz|[from] item: Leftovers
|turn|9
|
|switch|p2a: Azumarill|Azumarill, M|366\/390
|cant|p1a: Mew|frz
|
|-heal|p1a: Mew|333\/404 frz|[from] item: Leftovers
|turn|10
|
|switch|p1a: Skarmory|Skarmory, F|301\/334
|move|p2a: Azumarill|Belly Drum|p2a: Azumarill
|-damage|p2a: Azumarill|171\/390
|-setboost|p2a: Azumarill|atk|6|[from] move: Belly Drum
|-enditem|p2a: Azumarill|Sitrus Berry|[eat]
|-heal|p2a: Azumarill|268\/390|[from] item: Sitrus Berry
|
|turn|11
|chat|toiletpkay|man im such a dick lololol
|
|move|p1a: Skarmory|Brave Bird|p2a: Azumarill
|-crit|p2a: Azumarill
|-damage|p2a: Azumarill|69\/390
|-damage|p1a: Skarmory|235\/334|[from] recoil|[of] p2a: Azumarill
|move|p2a: Azumarill|Brick Break|p1a: Skarmory
|-damage|p1a: Skarmory|0 fnt
|-damage|p2a: Azumarill|4\/390|[from] item: Rocky Helmet|[of] p1a: Skarmory
|faint|p1a: Skarmory
|
|chat|toiletpkay|course u get a crit
|chat|okcoolyo|you got a frozen...
|
|switch|p1a: Keldeo|Keldeo|323\/323
|turn|12
|chat|toiletpkay|i used bellly drum for no reason now lol
|
|move|p2a: Azumarill|Aqua Jet|p1a: Keldeo
|-crit|p1a: Keldeo
|-resisted|p1a: Keldeo
|-damage|p1a: Keldeo|57\/323
|move|p1a: Keldeo|Secret Sword|p2a: Azumarill
|-resisted|p2a: Azumarill
|-damage|p2a: Azumarill|0 fnt
|faint|p2a: Azumarill
|
|-heal|p1a: Keldeo|77\/323|[from] item: Leftovers
|
|switch|p2a: Greninja|Greninja, F|67\/286
|turn|13
|chat|okcoolyo|i mean the only reason you could use it was because of the frozen
|
|switch|p1a: Tyranitar|Tyranitar, F|341\/341
|-weather|Sandstorm
|-start|p2a: Greninja|typechange|Water|[from] Protean
|move|p2a: Greninja|Hydro Pump|p1a: Tyranitar|[miss]
|-miss|p2a: Greninja|p1a: Tyranitar
|
|-weather|Sandstorm|[upkeep]
|-damage|p2a: Greninja|50\/286|[from] sandstorm
|turn|14
|
|switch|p1a: Mew|Mew|333\/404 frz
|move|p2a: Greninja|Hydro Pump|p1a: Mew
|-damage|p1a: Mew|168\/404 frz
|-damage|p2a: Greninja|22\/286|[from] item: Life Orb
|
|-weather|Sandstorm|[upkeep]
|-damage|p2a: Greninja|5\/286|[from] sandstorm
|-damage|p1a: Mew|143\/404 frz|[from] sandstorm
|-heal|p1a: Mew|168\/404 frz|[from] item: Leftovers
|turn|15
|
|switch|p2a: Manectric|Manectric, F|281\/281
|cant|p1a: Mew|frz
|
|-weather|Sandstorm|[upkeep]
|-damage|p2a: Manectric|264\/281|[from] sandstorm
|-damage|p1a: Mew|143\/404 frz|[from] sandstorm
|-heal|p1a: Mew|168\/404 frz|[from] item: Leftovers
|turn|16
|
|detailschange|p2a: Manectric|Manectric-Mega, F
|message|Manectric has Mega Evolved into Mega Manectric!
|-ability|p2a: Manectric|Intimidate|[of] p1a: Mew
|-unboost|p1a: Mew|atk|1
|move|p2a: Manectric|Volt Switch|p1a: Mew
|-damage|p1a: Mew|69\/404 frz
|
|switch|p2a: Landorus-Therian|Landorus-Therian, M|320\/320
|-ability|p2a: Landorus-Therian|Intimidate|[of] p1a: Mew
|-unboost|p1a: Mew|atk|1
|cant|p1a: Mew|frz
|
|-weather|Sandstorm|[upkeep]
|-damage|p1a: Mew|44\/404 frz|[from] sandstorm
|-heal|p1a: Mew|69\/404 frz|[from] item: Leftovers
|turn|17
|chat|okcoolyo|ridiculous
|
|move|p2a: Landorus-Therian|Earthquake|p1a: Mew
|-damage|p1a: Mew|0 fnt
|faint|p1a: Mew
|
|-weather|none
|
|switch|p1a: Tyranitar|Tyranitar, F|341\/341
|-weather|Sandstorm
|turn|18
|
|move|p1a: Tyranitar|Ice Beam|p2a: Landorus-Therian
|-supereffective|p2a: Landorus-Therian
|-damage|p2a: Landorus-Therian|16\/320
|move|p2a: Landorus-Therian|U-turn|p1a: Tyranitar
|-supereffective|p1a: Tyranitar
|-damage|p1a: Tyranitar|149\/341
|
|switch|p2a: Scizor|Scizor, M|135\/281
|
|-weather|Sandstorm|[upkeep]
|turn|19
|
|switch|p1a: Heatran|Heatran, M|381\/381
|move|p2a: Scizor|U-turn|p1a: Heatran
|-resisted|p1a: Heatran
|-damage|p1a: Heatran|347\/381
|
|switch|p2a: Landorus-Therian|Landorus-Therian, M|16\/320
|-ability|p2a: Landorus-Therian|Intimidate|[of] p1a: Heatran
|-unboost|p1a: Heatran|atk|1
|
|-weather|Sandstorm|[upkeep]
|-heal|p2a: Landorus-Therian|36\/320|[from] item: Leftovers
|-heal|p1a: Heatran|370\/381|[from] item: Leftovers
|turn|20
|
|switch|p1a: Venusaur|Venusaur-Mega, F|121\/361
|move|p2a: Landorus-Therian|Earthquake|p1a: Venusaur
|-damage|p1a: Venusaur|0 fnt
|faint|p1a: Venusaur
|
|-weather|Sandstorm|[upkeep]
|-heal|p2a: Landorus-Therian|56\/320|[from] item: Leftovers
|
|switch|p1a: Keldeo|Keldeo|77\/323
|turn|21
|
|switch|p2a: Greninja|Greninja, F|5\/286
|move|p1a: Keldeo|Hydro Pump|p2a: Greninja
|-resisted|p2a: Greninja
|-damage|p2a: Greninja|0 fnt
|faint|p2a: Greninja
|
|-weather|Sandstorm|[upkeep]
|-damage|p1a: Keldeo|57\/323|[from] sandstorm
|-heal|p1a: Keldeo|77\/323|[from] item: Leftovers
|
|switch|p2a: Manectric|Manectric-Mega, F|264\/281
|-ability|p2a: Manectric|Intimidate|[of] p1a: Keldeo
|-unboost|p1a: Keldeo|atk|1
|turn|22
|
|switch|p1a: Heatran|Heatran, M|370\/381
|move|p2a: Manectric|Volt Switch|p1a: Heatran
|-damage|p1a: Heatran|274\/381
|
|switch|p2a: Landorus-Therian|Landorus-Therian, M|56\/320
|-ability|p2a: Landorus-Therian|Intimidate|[of] p1a: Heatran
|-unboost|p1a: Heatran|atk|1
|
|-weather|none
|-heal|p2a: Landorus-Therian|76\/320|[from] item: Leftovers
|-heal|p1a: Heatran|297\/381|[from] item: Leftovers
|turn|23
|
|switch|p1a: Tyranitar|Tyranitar, F|149\/341
|-weather|Sandstorm
|move|p2a: Landorus-Therian|Earthquake|p1a: Tyranitar
|-crit|p1a: Tyranitar
|-supereffective|p1a: Tyranitar
|-damage|p1a: Tyranitar|0 fnt
|faint|p1a: Tyranitar
|
|-weather|Sandstorm|[upkeep]
|-heal|p2a: Landorus-Therian|96\/320|[from] item: Leftovers
|chat|toiletpkay|why
|
|switch|p1a: Keldeo|Keldeo|77\/323
|turn|24
|chat|toiletpkay|that thing kept u alive
|
|switch|p2a: Scizor|Scizor, M|135\/281
|move|p1a: Keldeo|Hydro Pump|p2a: Scizor|[miss]
|-miss|p1a: Keldeo|p2a: Scizor
|
|-weather|Sandstorm|[upkeep]
|-damage|p1a: Keldeo|57\/323|[from] sandstorm
|-heal|p1a: Keldeo|77\/323|[from] item: Leftovers
|turn|25
|chat|okcoolyo|i only have one chance
|chat|okcoolyo|and there it goes
|chat|toiletpkay|?
|chat|toiletpkay|i wanted u to kill it
|chat|toiletpkay|i was sacing it
|chat|toiletpkay|say if u killed it
|chat|toiletpkay|i would volt switch into lando
|chat|toiletpkay|u had no hope after t tar died
|
|move|p1a: Keldeo|Hydro Pump|p2a: Scizor
|-damage|p2a: Scizor|0 fnt
|faint|p2a: Scizor
|
|-weather|Sandstorm|[upkeep]
|-damage|p1a: Keldeo|57\/323|[from] sandstorm
|-heal|p1a: Keldeo|77\/323|[from] item: Leftovers
|
|switch|p2a: Manectric|Manectric-Mega, F|264\/281
|-ability|p2a: Manectric|Intimidate|[of] p1a: Keldeo
|-unboost|p1a: Keldeo|atk|1
|turn|26
|
|switch|p1a: Heatran|Heatran, M|297\/381
|move|p2a: Manectric|Volt Switch|p1a: Heatran
|-damage|p1a: Heatran|203\/381
|-message|okcoolyo forfeited.
|leave|okcoolyo
|
|win|toiletpkay
|raw|Ladder updating...
|raw|okcoolyo's rating: 1843 &rarr; <strong>1818<\/strong><br \/>(-25 for losing)
|raw|toiletpkay's rating: 1753 &rarr; <strong>1778<\/strong><br \/>(+25 for winning)
|player|p1