|join|okcoolyo
|join|wanderlustful
|player|p1|okcoolyo|1
|player|p2|wanderlustful|102
|gametype|singles
|gen|6
|tier|OU
|rated
|clearpoke
|poke|p1|Tyranitar, M
|poke|p1|Landorus, M
|poke|p1|Thundurus, M
|poke|p1|Togekiss, M
|poke|p1|Excadrill, F
|poke|p1|Rotom-Wash
|poke|p2|Volcarona, M
|poke|p2|Garchomp, M
|poke|p2|Mandibuzz, F
|poke|p2|Venusaur, F
|poke|p2|Latios, M
|poke|p2|Terrakion
|rule|Sleep Clause Mod: Limit one foe put to sleep
|rule|Species Clause: Limit one of each Pokemon
|rule|OHKO Clause: OHKO moves are banned
|rule|Moody Clause: Moody is banned
|rule|Evasion Moves Clause: Evasion moves are banned
|rule|Endless Battle Clause: Forcing endless battles is banned.
|rule|HP Percentage Mod: HP is reported as percentages
|teampreview
|chat|wanderlustful|hey hf
|chat|wanderlustful|i like your GENIES
|chat|wanderlustful|they are the best
|
|start
|switch|p1a: Rotom-Wash|Rotom-Wash|304\/304
|switch|p2a: Garchomp|Garchomp, M|420\/420
|turn|1
|chat|okcoolyo|yea you too
|
|switch|p2a: Volcarona|Volcarona, M|373\/373
|move|p1a: Rotom-Wash|Will-O-Wisp|p2a: Volcarona
|-fail|p2a: Volcarona
|
|turn|2
|
|switch|p2a: Venusaur|Venusaur, F|364\/364
|move|p1a: Rotom-Wash|Volt Switch|p2a: Venusaur
|-resisted|p2a: Venusaur
|-damage|p2a: Venusaur|334\/364
|
|switch|p1a: Landorus|Landorus, M|320\/320
|
|turn|3
|
|switch|p2a: Latios|Latios, M|314\/314
|move|p1a: Landorus|Sludge Wave|p2a: Latios
|-damage|p2a: Latios|148\/314
|
|turn|4
|
|switch|p1a: Tyranitar|Tyranitar, M|404\/404
|-weather|Sandstorm
|move|p2a: Latios|Psyshock|p1a: Tyranitar
|-immune|p1a: Tyranitar|[msg]
|
|-weather|Sandstorm|[upkeep]
|-damage|p2a: Latios|129\/314|[from] sandstorm
|turn|5
|chat|wanderlustful|wups
|
|move|p1a: Tyranitar|Pursuit|p2a: Latios|[from]Pursuit
|-supereffective|p2a: Latios
|-damage|p2a: Latios|0 fnt
|faint|p2a: Latios
|
|-weather|Sandstorm|[upkeep]
|
|switch|p2a: Terrakion|Terrakion|323\/323
|turn|6
|
|switch|p1a: Rotom-Wash|Rotom-Wash|304\/304
|move|p2a: Terrakion|Rock Slide|p1a: Rotom-Wash
|-damage|p1a: Rotom-Wash|187\/304
|-damage|p2a: Terrakion|291\/323|[from] item: Life Orb
|
|-weather|Sandstorm|[upkeep]
|-damage|p1a: Rotom-Wash|168\/304|[from] sandstorm
|turn|7
|
|move|p2a: Terrakion|Close Combat|p1a: Rotom-Wash
|-damage|p1a: Rotom-Wash|0 fnt
|-unboost|p2a: Terrakion|def|1
|-unboost|p2a: Terrakion|spd|1
|-damage|p2a: Terrakion|259\/323|[from] item: Life Orb
|faint|p1a: Rotom-Wash
|
|-weather|Sandstorm|[upkeep]
|
|switch|p1a: Togekiss|Togekiss, M|312\/312
|turn|8
|
|move|p1a: Togekiss|Air Slash|p2a: Terrakion
|-damage|p2a: Terrakion|127\/323
|move|p2a: Terrakion|Rock Slide|p1a: Togekiss
|-supereffective|p1a: Togekiss
|-damage|p1a: Togekiss|0 fnt
|-damage|p2a: Terrakion|95\/323|[from] item: Life Orb
|faint|p1a: Togekiss
|
|-weather|none
|
|switch|p1a: Thundurus|Thundurus, M|362\/362
|turn|9
|
|switch|p2a: Venusaur|Venusaur, F|334\/364
|move|p1a: Thundurus|Thunderbolt|p2a: Venusaur
|-resisted|p2a: Venusaur
|-damage|p2a: Venusaur|284\/364
|
|turn|10
|
|-formechange|p2a: Venusaur|Venusaur-Mega
|message|Venusaur has Mega Evolved into Mega Venusaur!
|move|p1a: Thundurus|Thunder Wave|p2a: Venusaur
|-status|p2a: Venusaur|par
|cant|p2a: Venusaur|par
|
|turn|11
|
|move|p1a: Thundurus|Taunt|p2a: Venusaur
|-start|p2a: Venusaur|move: Taunt
|move|p2a: Venusaur|Knock Off|p1a: Thundurus
|-damage|p1a: Thundurus|249\/362
|-enditem|p1a: Thundurus|Leftovers|[from] move: Knock Off|[of] p2a: Venusaur
|
|turn|12
|
|switch|p1a: Landorus|Landorus, M|320\/320
|move|p2a: Venusaur|Sludge Bomb|p1a: Landorus
|-resisted|p1a: Landorus
|-damage|p1a: Landorus|243\/320
|
|turn|13
|
|move|p1a: Landorus|Psychic|p2a: Venusaur
|-supereffective|p2a: Venusaur
|-damage|p2a: Venusaur|81\/364 par
|cant|p2a: Venusaur|par
|
|-end|p2a: Venusaur|move: Taunt
|turn|14
|
|move|p1a: Landorus|Earth Power|p2a: Venusaur
|-damage|p2a: Venusaur|0 fnt
|faint|p2a: Venusaur
|
|
|switch|p2a: Mandibuzz|Mandibuzz, F|423\/423
|turn|15
|
|switch|p1a: Thundurus|Thundurus, M|249\/362
|move|p2a: Mandibuzz|Foul Play|p1a: Thundurus
|-damage|p1a: Thundurus|56\/362
|
|turn|16
|
|switch|p1a: Landorus|Landorus, M|243\/320
|move|p2a: Mandibuzz|Foul Play|p1a: Landorus
|-damage|p1a: Landorus|102\/320
|
|turn|17
|
|switch|p1a: Tyranitar|Tyranitar, M|404\/404
|-weather|Sandstorm
|move|p2a: Mandibuzz|Foul Play|p1a: Tyranitar
|-resisted|p1a: Tyranitar
|-damage|p1a: Tyranitar|311\/404
|
|-weather|Sandstorm|[upkeep]
|turn|18
|
|move|p2a: Mandibuzz|Toxic|p1a: Tyranitar|[miss]
|-miss|p2a: Mandibuzz|p1a: Tyranitar
|move|p1a: Tyranitar|Rock Slide|p2a: Mandibuzz
|-miss|p1a: Tyranitar|p2a: Mandibuzz
|
|-weather|Sandstorm|[upkeep]
|turn|19
|
|switch|p2a: Garchomp|Garchomp, M|420\/420
|switch|p1a: Thundurus|Thundurus, M|56\/362
|
|-weather|Sandstorm|[upkeep]
|-damage|p1a: Thundurus|34\/362|[from] sandstorm
|turn|20
|
|switch|p1a: Excadrill|Excadrill, F|361\/361
|-ability|p1a: Excadrill|Mold Breaker
|-item|p1a: Excadrill|Air Balloon
|move|p2a: Garchomp|Stealth Rock|p1a: Excadrill
|-sidestart|p1: okcoolyo|move: Stealth Rock
|
|-weather|Sandstorm|[upkeep]
|turn|21
|
|move|p2a: Garchomp|Fire Blast|p1a: Excadrill|[miss]
|-miss|p2a: Garchomp|p1a: Excadrill
|move|p1a: Excadrill|Stealth Rock|p2a: Garchomp
|-sidestart|p2: wanderlustful|move: Stealth Rock
|
|-weather|none
|turn|22
|
|move|p2a: Garchomp|Fire Blast|p1a: Excadrill
|-supereffective|p1a: Excadrill
|-damage|p1a: Excadrill|169\/361
|-enditem|p1a: Excadrill|Air Balloon
|-status|p1a: Excadrill|brn
|move|p1a: Excadrill|Rapid Spin|p2a: Garchomp
|-damage|p2a: Garchomp|408\/420
|-damage|p1a: Excadrill|124\/361 brn|[from] ability: Rough Skin|[of] p2a: Garchomp
|-damage|p1a: Excadrill|64\/361 brn|[from] item: Rocky Helmet|[of] p2a: Garchomp
|-sideend|p1: okcoolyo|Stealth Rock|[from] move: Rapid Spin|[of] p1a: Excadrill
|
|-damage|p1a: Excadrill|19\/361 brn|[from] brn
|turn|23
|
|switch|p1a: Thundurus|Thundurus, M|34\/362
|move|p2a: Garchomp|Stealth Rock|p1a: Thundurus
|-sidestart|p1: okcoolyo|move: Stealth Rock
|
|turn|24
|
|move|p1a: Thundurus|Thunderbolt|p2a: Garchomp
|-immune|p2a: Garchomp|[msg]
|move|p2a: Garchomp|Fire Blast|p1a: Thundurus
|-damage|p1a: Thundurus|0 fnt
|faint|p1a: Thundurus
|
|
|switch|p1a: Landorus|Landorus, M|102\/320
|-damage|p1a: Landorus|62\/320|[from] Stealth Rock
|turn|25
|
|switch|p2a: Volcarona|Volcarona, M|373\/373
|-damage|p2a: Volcarona|187\/373|[from] Stealth Rock
|move|p1a: Landorus|Hidden Power|p2a: Volcarona
|-resisted|p2a: Volcarona
|-damage|p2a: Volcarona|144\/373
|-damage|p1a: Landorus|30\/320|[from] item: Life Orb
|
|-heal|p2a: Volcarona|167\/373|[from] item: Leftovers
|turn|26
|
|move|p1a: Landorus|Earth Power|p2a: Volcarona
|-damage|p2a: Volcarona|0 fnt
|faint|p2a: Volcarona
|
|
|switch|p2a: Terrakion|Terrakion|95\/323
|-damage|p2a: Terrakion|75\/323|[from] Stealth Rock
|turn|27
|
|move|p2a: Terrakion|Hidden Power|p1a: Landorus
|-supereffective|p1a: Landorus
|-damage|p1a: Landorus|0 fnt
|-damage|p2a: Terrakion|43\/323|[from] item: Life Orb
|faint|p1a: Landorus
|
|-message|okcoolyo forfeited.
|
|win|wanderlustful
|raw|Ladder updating...
|leave|okcoolyo
|player|p1
|raw|okcoolyo's rating: 1680 &rarr; <strong>1657<\/strong><br \/>(-23 for losing)
|raw|wanderlustful's rating: 1622 &rarr; <strong>1646<\/strong><br \/>(+24 for winning)