|join|okcoolyo
|join|MoB Barley
|player|p1|okcoolyo|266
|player|p2|MoB Barley|161
|gametype|singles
|gen|6
|tier|OU
|rated
|clearpoke
|poke|p1|Mew
|poke|p1|Tyranitar, M
|poke|p1|Skarmory, F
|poke|p1|Heatran, F
|poke|p1|Keldeo
|poke|p1|Venusaur, M
|poke|p2|Gallade, M, shiny
|poke|p2|Greninja, M, shiny
|poke|p2|Hippowdon, M
|poke|p2|Ferrothorn, F, shiny
|poke|p2|Latios, M
|poke|p2|Heatran, M, shiny
|rule|Swagger Clause: Swagger is banned
|rule|Baton Pass Clause: Limit one PokÃ©mon knowing Baton Pass
|rule|Sleep Clause Mod: Limit one foe put to sleep
|rule|Species Clause: Limit one of each PokÃ©mon
|rule|OHKO Clause: OHKO moves are banned
|rule|Moody Clause: Moody is banned
|rule|Evasion Moves Clause: Evasion moves are banned
|rule|Endless Battle Clause: Forcing endless battles is banned
|rule|HP Percentage Mod: HP is shown in percentages
|teampreview
|join|jake5
|leave|jake5
|
|start
|switch|p1a: Mew|Mew|404\/404
|switch|p2a: Heatran|Heatran, M, shiny|386\/386
|turn|1
|
|move|p1a: Mew|Taunt|p2a: Heatran
|-start|p2a: Heatran|move: Taunt
|move|p2a: Heatran|Lava Plume|p1a: Mew
|-damage|p1a: Mew|320\/404
|
|-heal|p1a: Mew|345\/404|[from] item: Leftovers
|turn|2
|
|switch|p1a: Heatran|Heatran, F|381\/381
|switch|p2a: Gallade|Gallade, M, shiny|277\/277
|
|turn|3
|
|switch|p1a: Skarmory|Skarmory, F|334\/334
|detailschange|p2a: Gallade|Gallade-Mega, M, shiny
|message|Gallade has Mega Evolved into Mega Gallade!
|move|p2a: Gallade|Knock Off|p1a: Skarmory
|-damage|p1a: Skarmory|260\/334
|-damage|p2a: Gallade|231\/277|[from] item: Rocky Helmet|[of] p1a: Skarmory
|-enditem|p1a: Skarmory|Rocky Helmet|[from] move: Knock Off|[of] p2a: Gallade
|
|turn|4
|
|move|p2a: Gallade|Swords Dance|p2a: Gallade
|-boost|p2a: Gallade|atk|2
|move|p1a: Skarmory|Roost|p1a: Skarmory
|-heal|p1a: Skarmory|334\/334
|
|turn|5
|
|move|p2a: Gallade|Knock Off|p1a: Skarmory
|-damage|p1a: Skarmory|230\/334
|move|p1a: Skarmory|Brave Bird|p2a: Gallade
|-supereffective|p2a: Gallade
|-damage|p2a: Gallade|0 fnt
|-damage|p1a: Skarmory|154\/334|[from] recoil|[of] p2a: Gallade
|faint|p2a: Gallade
|
|c|âMoB Barley|of
|c|âMoB Barley|ofc
|
|switch|p2a: Greninja|Greninja, M, shiny|285\/285
|turn|6
|
|switch|p1a: Venusaur|Venusaur, M|361\/361
|move|p2a: Greninja|Hydro Pump|p1a: Venusaur
|-start|p2a: Greninja|typechange|Water|[from] Protean
|-resisted|p1a: Venusaur
|-damage|p1a: Venusaur|301\/361
|
|turn|7
|c|âMoB Barley|not a safe counter
|
|switch|p2a: Latios|Latios, M|301\/301
|switch|p1a: Mew|Mew|345\/404
|
|-heal|p1a: Mew|370\/404|[from] item: Leftovers
|turn|8
|c|âokcoolyo|this team is trash
|c|âokcoolyo|I already know that
|c|âokcoolyo|im a casual youre not impressing anyone
|
|switch|p2a: Greninja|Greninja, M, shiny|285\/285
|move|p1a: Mew|Soft-Boiled|p1a: Mew
|-heal|p1a: Mew|404\/404
|
|turn|9
|
|move|p2a: Greninja|Dark Pulse|p1a: Mew
|-start|p2a: Greninja|typechange|Dark|[from] Protean
|-crit|p1a: Mew
|-supereffective|p1a: Mew
|-damage|p1a: Mew|94\/404
|cant|p1a: Mew|flinch
|
|-heal|p1a: Mew|119\/404|[from] item: Leftovers
|turn|10
|
|switch|p1a: Venusaur|Venusaur, M|301\/361
|move|p2a: Greninja|Ice Beam|p1a: Venusaur
|-start|p2a: Greninja|typechange|Ice|[from] Protean
|-supereffective|p1a: Venusaur
|-damage|p1a: Venusaur|71\/361
|
|turn|11
|
|switch|p1a: Keldeo|Keldeo|323\/323
|move|p2a: Greninja|Dark Pulse|p1a: Keldeo
|-start|p2a: Greninja|typechange|Dark|[from] Protean
|-resisted|p1a: Keldeo
|-damage|p1a: Keldeo|260\/323
|-boost|p1a: Keldeo|atk|1|[from] ability: Justified
|
|-heal|p1a: Keldeo|280\/323|[from] item: Leftovers
|turn|12
|
|move|p2a: Greninja|Gunk Shot|p1a: Keldeo|[miss]
|-start|p2a: Greninja|typechange|Poison|[from] Protean
|-miss|p2a: Greninja|p1a: Keldeo
|move|p1a: Keldeo|Secret Sword|p2a: Greninja
|-resisted|p2a: Greninja
|-damage|p2a: Greninja|170\/285
|
|-heal|p1a: Keldeo|300\/323|[from] item: Leftovers
|turn|13
|
|switch|p2a: Latios|Latios, M|301\/301
|move|p1a: Keldeo|Hydro Pump|p2a: Latios
|-resisted|p2a: Latios
|-damage|p2a: Latios|205\/301
|
|-heal|p1a: Keldeo|320\/323|[from] item: Leftovers
|turn|14
|
|switch|p2a: Greninja|Greninja, M, shiny|170\/285
|move|p1a: Keldeo|Hydro Pump|p2a: Greninja
|-resisted|p2a: Greninja
|-damage|p2a: Greninja|50\/285
|
|-heal|p1a: Keldeo|323\/323|[from] item: Leftovers
|turn|15
|-message|MoB Barley forfeited.
|
|win|okcoolyo
|raw|Ladder updating...
|leave|MoB Barley
|player|p2
|raw|okcoolyo's rating: 1552 &rarr; <strong>1573<\/strong><br \/>(+21 for winning)
|raw|MoB Barley's rating: 1566 &rarr; <strong>1546<\/strong><br \/>(-20 for losing)