|join|Floundso
|join|okcoolyo
|player|p1|Floundso|164
|player|p2|okcoolyo|265
|gametype|singles
|gen|6
|tier|OU
|rated
|clearpoke
|poke|p1|Gyarados, M
|poke|p1|Landorus, M
|poke|p1|Volcarona, F
|poke|p1|Latios, M
|poke|p1|Rotom-Wash
|poke|p1|Ferrothorn, M
|poke|p2|Pidgeot, M
|poke|p2|Dugtrio, M
|poke|p2|Skarmory, M
|poke|p2|Mew
|poke|p2|Keldeo
|poke|p2|Tyranitar, F
|rule|Swagger Clause: Swagger is banned
|rule|Baton Pass Clause: Limit one PokÃ©mon knowing Baton Pass
|rule|Sleep Clause Mod: Limit one foe put to sleep
|rule|Species Clause: Limit one of each PokÃ©mon
|rule|OHKO Clause: OHKO moves are banned
|rule|Moody Clause: Moody is banned
|rule|Evasion Moves Clause: Evasion moves are banned
|rule|Endless Battle Clause: Forcing endless battles is banned
|rule|HP Percentage Mod: HP is shown in percentages
|teampreview
|
|start
|switch|p1a: Volcarona|Volcarona, F|311\/311
|switch|p2a: Pidgeot|Pidgeot, M|307\/307
|turn|1
|
|switch|p1a: Rotom-Wash|Rotom-Wash|304\/304
|detailschange|p2a: Pidgeot|Pidgeot-Mega, M
|-mega|p2a: Pidgeot|Pidgeot|Pidgeotite
|move|p2a: Pidgeot|Hurricane|p1a: Rotom-Wash
|-resisted|p1a: Rotom-Wash
|-damage|p1a: Rotom-Wash|211\/304
|
|-heal|p1a: Rotom-Wash|230\/304|[from] item: Leftovers
|turn|2
|
|move|p2a: Pidgeot|U-turn|p1a: Rotom-Wash
|-damage|p1a: Rotom-Wash|200\/304
|
|switch|p2a: Mew|Mew|404\/404
|move|p1a: Rotom-Wash|Volt Switch|p2a: Mew
|-damage|p2a: Mew|341\/404
|
|switch|p1a: Volcarona|Volcarona, F|311\/311
|
|-heal|p2a: Mew|366\/404|[from] item: Leftovers
|turn|3
|
|switch|p2a: Pidgeot|Pidgeot-Mega, M|307\/307
|move|p1a: Volcarona|Quiver Dance|p1a: Volcarona
|-boost|p1a: Volcarona|spa|1
|-boost|p1a: Volcarona|spd|1
|-boost|p1a: Volcarona|spe|1
|
|turn|4
|
|move|p1a: Volcarona|Fire Blast|p2a: Pidgeot
|-damage|p2a: Pidgeot|0 fnt
|faint|p2a: Pidgeot
|
|
|switch|p2a: Tyranitar|Tyranitar, F|341\/341
|-weather|Sandstorm
|turn|5
|
|switch|p1a: Ferrothorn|Ferrothorn, M|352\/352
|move|p2a: Tyranitar|Rock Slide|p1a: Ferrothorn
|-resisted|p1a: Ferrothorn
|-damage|p1a: Ferrothorn|306\/352
|
|-weather|Sandstorm|[upkeep]
|-heal|p1a: Ferrothorn|328\/352|[from] item: Leftovers
|turn|6
|
|switch|p2a: Keldeo|Keldeo|323\/323
|move|p1a: Ferrothorn|Leech Seed|p2a: Keldeo|[miss]
|-miss|p1a: Ferrothorn|p2a: Keldeo
|
|-weather|Sandstorm|[upkeep]
|-damage|p2a: Keldeo|303\/323|[from] sandstorm
|-heal|p2a: Keldeo|323\/323|[from] item: Leftovers
|-heal|p1a: Ferrothorn|350\/352|[from] item: Leftovers
|turn|7
|
|switch|p1a: Rotom-Wash|Rotom-Wash|200\/304
|move|p2a: Keldeo|Secret Sword|p1a: Rotom-Wash
|-damage|p1a: Rotom-Wash|104\/304
|
|-weather|Sandstorm|[upkeep]
|-damage|p2a: Keldeo|303\/323|[from] sandstorm
|-damage|p1a: Rotom-Wash|85\/304|[from] sandstorm
|-heal|p2a: Keldeo|323\/323|[from] item: Leftovers
|-heal|p1a: Rotom-Wash|104\/304|[from] item: Leftovers
|turn|8
|
|move|p2a: Keldeo|Secret Sword|p1a: Rotom-Wash
|-crit|p1a: Rotom-Wash
|-damage|p1a: Rotom-Wash|0 fnt
|faint|p1a: Rotom-Wash
|
|-weather|Sandstorm|[upkeep]
|-damage|p2a: Keldeo|303\/323|[from] sandstorm
|-heal|p2a: Keldeo|323\/323|[from] item: Leftovers
|
|switch|p1a: Latios|Latios, M|309\/309
|turn|9
|
|switch|p1a: Landorus|Landorus, M|319\/319
|move|p2a: Keldeo|Icy Wind|p1a: Landorus
|-supereffective|p1a: Landorus
|-damage|p1a: Landorus|27\/319
|-unboost|p1a: Landorus|spe|1
|
|-weather|none
|turn|10
|
|move|p2a: Keldeo|Secret Sword|p1a: Landorus
|-resisted|p1a: Landorus
|-damage|p1a: Landorus|0 fnt
|faint|p1a: Landorus
|
|c|âFloundso|i was faster than you
|c|âFloundso|why the fuck did you stay in
|c|âokcoolyo|because 90% of the time people predict me going ttar
|c|âokcoolyo|and try to switch to counter ttar
|
|switch|p1a: Gyarados|Gyarados, M|331\/331
|-ability|p1a: Gyarados|Intimidate|[of] p2a: Keldeo
|-unboost|p2a: Keldeo|atk|1
|turn|11
|c|âokcoolyo|i risk that 10%
|c|âokcoolyo|every single time
|
|switch|p2a: Skarmory|Skarmory, M|333\/333
|move|p1a: Gyarados|Dragon Dance|p1a: Gyarados
|-boost|p1a: Gyarados|atk|1
|-boost|p1a: Gyarados|spe|1
|
|turn|12
|c|âokcoolyo|doesnt it make sense?
|
|move|p1a: Gyarados|Waterfall|p2a: Skarmory
|-damage|p2a: Skarmory|212\/333
|-damage|p1a: Gyarados|276\/331|[from] item: Rocky Helmet|[of] p2a: Skarmory
|move|p2a: Skarmory|Whirlwind|p1a: Gyarados
|drag|p1a: Volcarona|Volcarona, F|311\/311
|
|turn|13
|
|switch|p2a: Tyranitar|Tyranitar, F|341\/341
|-weather|Sandstorm
|move|p1a: Volcarona|Fire Blast|p2a: Tyranitar|[miss]
|-miss|p1a: Volcarona|p2a: Tyranitar
|
|-weather|Sandstorm|[upkeep]
|-damage|p1a: Volcarona|292\/311|[from] sandstorm
|turn|14
|
|switch|p1a: Ferrothorn|Ferrothorn, M|350\/352
|move|p2a: Tyranitar|Rock Slide|p1a: Ferrothorn
|-resisted|p1a: Ferrothorn
|-damage|p1a: Ferrothorn|308\/352
|
|-weather|Sandstorm|[upkeep]
|-heal|p1a: Ferrothorn|330\/352|[from] item: Leftovers
|turn|15
|
|switch|p2a: Mew|Mew|366\/404
|move|p1a: Ferrothorn|Leech Seed|p2a: Mew
|-start|p2a: Mew|move: Leech Seed
|
|-weather|Sandstorm|[upkeep]
|-damage|p2a: Mew|341\/404|[from] sandstorm
|-heal|p2a: Mew|366\/404|[from] item: Leftovers
|-heal|p1a: Ferrothorn|352\/352|[from] item: Leftovers
|-damage|p2a: Mew|316\/404|[from] Leech Seed|[of] p1a: Ferrothorn
|turn|16
|
|switch|p2a: Keldeo|Keldeo|323\/323
|switch|p1a: Volcarona|Volcarona, F|292\/311
|
|-weather|Sandstorm|[upkeep]
|-damage|p2a: Keldeo|303\/323|[from] sandstorm
|-damage|p1a: Volcarona|273\/311|[from] sandstorm
|-heal|p2a: Keldeo|323\/323|[from] item: Leftovers
|turn|17
|
|switch|p1a: Gyarados|Gyarados, M|276\/331
|-ability|p1a: Gyarados|Intimidate|[of] p2a: Keldeo
|-unboost|p2a: Keldeo|atk|1
|move|p2a: Keldeo|Hydro Pump|p1a: Gyarados
|-crit|p1a: Gyarados
|-resisted|p1a: Gyarados
|-damage|p1a: Gyarados|125\/331
|
|-weather|none
|turn|18
|
|detailschange|p1a: Gyarados|Gyarados-Mega, M
|-mega|p1a: Gyarados|Gyarados|Gyaradosite
|-ability|p1a: Gyarados|Mold Breaker
|move|p2a: Keldeo|Hydro Pump|p1a: Gyarados
|-resisted|p1a: Gyarados
|-damage|p1a: Gyarados|44\/331
|move|p1a: Gyarados|Dragon Dance|p1a: Gyarados
|-boost|p1a: Gyarados|atk|1
|-boost|p1a: Gyarados|spe|1
|
|turn|19
|
|switch|p2a: Skarmory|Skarmory, M|212\/333
|move|p1a: Gyarados|Earthquake|p2a: Skarmory
|-immune|p2a: Skarmory|[msg]
|
|turn|20
|
|move|p1a: Gyarados|Waterfall|p2a: Skarmory
|-damage|p2a: Skarmory|46\/333
|-damage|p1a: Gyarados|0 fnt|[from] item: Rocky Helmet|[of] p2a: Skarmory
|faint|p1a: Gyarados
|move|p2a: Skarmory|Roost|p2a: Skarmory
|-heal|p2a: Skarmory|213\/333
|
|
|switch|p1a: Volcarona|Volcarona, F|273\/311
|turn|21
|
|move|p1a: Volcarona|Quiver Dance|p1a: Volcarona
|-boost|p1a: Volcarona|spa|1
|-boost|p1a: Volcarona|spd|1
|-boost|p1a: Volcarona|spe|1
|move|p2a: Skarmory|Brave Bird|p1a: Volcarona
|-supereffective|p1a: Volcarona
|-damage|p1a: Volcarona|0 fnt
|-damage|p2a: Skarmory|123\/333|[from] recoil|[of] p1a: Volcarona
|faint|p1a: Volcarona
|
|-message|Floundso forfeited.
|leave|Floundso
|
|win|okcoolyo
|raw|Ladder updating...
|raw|Floundso's rating: 1589 &rarr; <strong>1570<\/strong><br \/>(-19 for losing)
|raw|okcoolyo's rating: 1608 &rarr; <strong>1627<\/strong><br \/>(+19 for winning)
|player|p1