|join|okcoolyo
|join|Reverb
|player|p1|okcoolyo|101
|player|p2|Reverb|#reverb
|gametype|singles
|gen|6
|tier|OU
|rated
|clearpoke
|poke|p1|Mew
|poke|p1|Tyranitar, F
|poke|p1|Skarmory, F
|poke|p1|Heatran, M
|poke|p1|Keldeo
|poke|p1|Venusaur, F
|poke|p2|Landorus, M
|poke|p2|Latias, F
|poke|p2|Heatran, M
|poke|p2|Conkeldurr, M
|poke|p2|Azumarill, F
|poke|p2|Metagross
|rule|Swagger Clause: Swagger is banned
|rule|Baton Pass Clause: Limit one PokÃ©mon knowing Baton Pass
|rule|Sleep Clause Mod: Limit one foe put to sleep
|rule|Species Clause: Limit one of each PokÃ©mon
|rule|OHKO Clause: OHKO moves are banned
|rule|Moody Clause: Moody is banned
|rule|Evasion Moves Clause: Evasion moves are banned
|rule|Endless Battle Clause: Forcing endless battles is banned
|rule|HP Percentage Mod: HP is shown in percentages
|teampreview
|join|Ox the Box
|join|Dark380
|join|gizmo
|join|I Iike Squirtles
|join|leremyju
|join|Squirrelll
|join|LzrGunPewPew
|join|Cienight
|
|start
|switch|p1a: Tyranitar|Tyranitar, F|341\/341
|switch|p2a: Conkeldurr|Conkeldurr, M|364\/364
|-weather|Sandstorm
|turn|1
|
|switch|p1a: Skarmory|Skarmory, F|334\/334
|switch|p2a: Heatran|Heatran, M|385\/385
|
|-weather|Sandstorm|[upkeep]
|turn|2
|
|switch|p1a: Heatran|Heatran, M|381\/381
|move|p2a: Heatran|Stealth Rock|p1a: Heatran
|-sidestart|p1: okcoolyo|move: Stealth Rock
|
|-weather|Sandstorm|[upkeep]
|turn|3
|
|move|p2a: Heatran|Taunt|p1a: Heatran
|-start|p1a: Heatran|move: Taunt
|cant|p1a: Heatran|move: Taunt|Stealth Rock
|
|-weather|Sandstorm|[upkeep]
|turn|4
|
|switch|p2a: Conkeldurr|Conkeldurr, M|364\/364
|move|p1a: Heatran|Earth Power|p2a: Conkeldurr
|-crit|p2a: Conkeldurr
|-damage|p2a: Conkeldurr|272\/364
|-unboost|p2a: Conkeldurr|spd|1
|
|-weather|Sandstorm|[upkeep]
|-damage|p2a: Conkeldurr|250\/364|[from] sandstorm
|turn|5
|
|switch|p1a: Skarmory|Skarmory, F|334\/334
|-damage|p1a: Skarmory|293\/334|[from] Stealth Rock
|switch|p2a: Landorus|Landorus, M|319\/319
|
|-weather|none
|turn|6
|
|move|p2a: Landorus|Focus Blast|p1a: Skarmory
|-damage|p1a: Skarmory|19\/334
|move|p1a: Skarmory|Defog|p2a: Landorus
|-unboost|p2a: Landorus|evasion|1
|-sideend|p1: okcoolyo|Stealth Rock|[from] move: Defog|[of] p1a: Skarmory
|
|turn|7
|
|switch|p1a: Mew|Mew|404\/404
|move|p2a: Landorus|Psychic|p1a: Mew
|-resisted|p1a: Mew
|-damage|p1a: Mew|344\/404
|
|-heal|p1a: Mew|369\/404|[from] item: Leftovers
|turn|8
|join|A2tehBR
|
|switch|p2a: Heatran|Heatran, M|385\/385
|move|p1a: Mew|Taunt|p2a: Heatran
|-start|p2a: Heatran|move: Taunt
|
|-heal|p1a: Mew|394\/404|[from] item: Leftovers
|turn|9
|leave|Ox the Box
|
|switch|p2a: Conkeldurr|Conkeldurr, M|250\/364
|move|p1a: Mew|Will-O-Wisp|p2a: Conkeldurr
|-status|p2a: Conkeldurr|brn
|
|-heal|p1a: Mew|404\/404|[from] item: Leftovers
|-damage|p2a: Conkeldurr|205\/364 brn|[from] brn
|turn|10
|
|switch|p2a: Heatran|Heatran, M|385\/385
|move|p1a: Mew|Psychic|p2a: Heatran
|-resisted|p2a: Heatran
|-damage|p2a: Heatran|336\/385
|
|-heal|p2a: Heatran|360\/385|[from] item: Leftovers
|turn|11
|join|ryzed
|
|move|p2a: Heatran|Stealth Rock|p1a: Mew
|-sidestart|p1: okcoolyo|move: Stealth Rock
|move|p1a: Mew|Taunt|p2a: Heatran
|-start|p2a: Heatran|move: Taunt
|
|-heal|p2a: Heatran|384\/385|[from] item: Leftovers
|turn|12
|
|switch|p2a: Landorus|Landorus, M|319\/319
|switch|p1a: Keldeo|Keldeo|323\/323
|-damage|p1a: Keldeo|303\/323|[from] Stealth Rock
|
|-heal|p1a: Keldeo|323\/323|[from] item: Leftovers
|turn|13
|
|switch|p2a: Latias|Latias, F|364\/364
|move|p1a: Keldeo|Hydro Pump|p2a: Latias|[miss]
|-miss|p1a: Keldeo|p2a: Latias
|
|turn|14
|
|move|p1a: Keldeo|Hydro Pump|p2a: Latias
|-resisted|p2a: Latias
|-damage|p2a: Latias|285\/364
|move|p2a: Latias|Thunder Wave|p1a: Keldeo
|-status|p1a: Keldeo|par
|
|-heal|p2a: Latias|307\/364|[from] item: Leftovers
|turn|15
|
|switch|p2a: Azumarill|Azumarill, F|372\/372
|cant|p1a: Keldeo|par
|
|turn|16
|
|switch|p1a: Venusaur|Venusaur, F|361\/361
|-damage|p1a: Venusaur|316\/361|[from] Stealth Rock
|move|p2a: Azumarill|Waterfall|p1a: Venusaur
|-resisted|p1a: Venusaur
|-damage|p1a: Venusaur|169\/361
|
|turn|17
|
|switch|p2a: Metagross|Metagross|301\/301
|detailschange|p1a: Venusaur|Venusaur-Mega, F
|-mega|p1a: Venusaur|Venusaur|Venusaurite
|move|p1a: Venusaur|Sleep Powder|p2a: Metagross
|-status|p2a: Metagross|slp
|
|turn|18
|
|detailschange|p2a: Metagross|Metagross-Mega
|-mega|p2a: Metagross|Metagross|Metagrossite
|cant|p2a: Metagross|slp
|move|p1a: Venusaur|Synthesis|p1a: Venusaur
|-heal|p1a: Venusaur|349\/361
|
|turn|19
|c|âokcoolyo|i dont know if i can win wihtout skarm
|c| leremyju|Eut....
|
|switch|p1a: Tyranitar|Tyranitar, F|341\/341
|-damage|p1a: Tyranitar|299\/341|[from] Stealth Rock
|-weather|Sandstorm
|-curestatus|p2a: Metagross|slp
|move|p2a: Metagross|Meteor Mash|p1a: Tyranitar
|-supereffective|p1a: Tyranitar
|-damage|p1a: Tyranitar|0 fnt
|faint|p1a: Tyranitar
|
|-weather|Sandstorm|[upkeep]
|c| leremyju|Defensive mew duh
|
|switch|p1a: Mew|Mew|404\/404
|-damage|p1a: Mew|354\/404|[from] Stealth Rock
|turn|20
|
|switch|p2a: Heatran|Heatran, M|384\/385
|move|p1a: Mew|Will-O-Wisp|p2a: Heatran
|-start|p2a: Heatran|ability: Flash Fire
|
|-weather|Sandstorm|[upkeep]
|-damage|p1a: Mew|329\/404|[from] sandstorm
|-heal|p2a: Heatran|385\/385|[from] item: Leftovers
|-heal|p1a: Mew|354\/404|[from] item: Leftovers
|turn|21
|c|âokcoolyo|this team just needs a massive update honestly
|
|move|p2a: Heatran|Taunt|p1a: Mew
|-start|p1a: Mew|move: Taunt
|cant|p1a: Mew|move: Taunt|Will-O-Wisp
|
|-weather|Sandstorm|[upkeep]
|-damage|p1a: Mew|329\/404|[from] sandstorm
|-heal|p1a: Mew|354\/404|[from] item: Leftovers
|turn|22
|leave|A2tehBR
|c| ryzed|slowass mew
|c| leremyju|Lol
|c|âokcoolyo|how many evs on the heatran?
|c|âReverb|sorry i cant share that
|c|âokcoolyo|lol..
|c|âReverb|then people would speed creep me
|c| leremyju|Lol
|c|âokcoolyo|but the ladder is random
|c|âReverb|people watch me
|c| leremyju|He doesn't have speed investment maybe ur EV's glitched and ur sassy?
|
|move|p1a: Mew|Psychic|p2a: Heatran
|-resisted|p2a: Heatran
|-damage|p2a: Heatran|337\/385
|move|p2a: Heatran|Roar|p1a: Mew
|drag|p1a: Keldeo|Keldeo|323\/323 par
|-damage|p1a: Keldeo|303\/323 par|[from] Stealth Rock
|
|-weather|Sandstorm|[upkeep]
|-damage|p1a: Keldeo|283\/323 par|[from] sandstorm
|-heal|p2a: Heatran|361\/385|[from] item: Leftovers
|-heal|p1a: Keldeo|303\/323 par|[from] item: Leftovers
|turn|23
|c|âokcoolyo|i have 12 speed evs on  my mew
|c| leremyju|And have 0 investment everywhere
|c| leremyju|He's probably 252 timid scarf
|c| I Iike Squirtles|lol 12 really
|c|âokcoolyo|actually 20
|c| leremyju|12 isn't enough
|c|âokcoolyo|and calm nature
|join|Ox the Box
|c| leremyju|20 isnt enough
|c|âokcoolyo|i made this team over a year ago
|c|âokcoolyo|before mew got popularized
|c| leremyju|Wau
|c| leremyju|so kewl
|
|switch|p2a: Latias|Latias, F|307\/364
|move|p1a: Keldeo|Hydro Pump|p2a: Latias
|-resisted|p2a: Latias
|-damage|p2a: Latias|225\/364
|
|-weather|none
|-heal|p2a: Latias|247\/364|[from] item: Leftovers
|-heal|p1a: Keldeo|323\/323 par|[from] item: Leftovers
|turn|24
|c| leremyju|much innovate
|c|âokcoolyo|it was enough then
|c| I Iike Squirtles|on mew i run speed for adamant drill
|c|âokcoolyo|dude im a total casual so
|c|âokcoolyo|mocking me is just making a fool out yourself
|c| leremyju|?
|join|mdianst
|c| ryzed|20 ev just outspeeds neutral max 70s
|c| ryzed|like bisharp
|c|âokcoolyo|exactly
|leave|Cienight
|c|âokcoolyo|thats all i wanted
|c| leremyju|People ran neutral bish?
|
|move|p2a: Latias|Recover|p2a: Latias
|-heal|p2a: Latias|364\/364
|move|p1a: Keldeo|Hydro Pump|p2a: Latias
|-crit|p2a: Latias
|-resisted|p2a: Latias
|-damage|p2a: Latias|256\/364
|
|-heal|p2a: Latias|278\/364|[from] item: Leftovers
|turn|25
|c|âokcoolyo|yea
|c| leremyju|I guess o played too late
|c| ryzed|most bisharps are adamant
|
|switch|p1a: Heatran|Heatran, M|381\/381
|-damage|p1a: Heatran|334\/381|[from] Stealth Rock
|move|p2a: Latias|Psyshock|p1a: Heatran
|-resisted|p1a: Heatran
|-damage|p1a: Heatran|285\/381
|
|-heal|p2a: Latias|300\/364|[from] item: Leftovers
|-heal|p1a: Heatran|308\/381|[from] item: Leftovers
|turn|26
|c| Ox the Box|yah guys stop mocking him
|
|move|p2a: Latias|Thunder Wave|p1a: Heatran
|-status|p1a: Heatran|par
|move|p1a: Heatran|Stealth Rock|p2a: Latias
|-sidestart|p2: Reverb|move: Stealth Rock
|
|-heal|p2a: Latias|322\/364|[from] item: Leftovers
|-heal|p1a: Heatran|331\/381 par|[from] item: Leftovers
|turn|27
|c| leremyju|Reverb y do u liketwaving everything
|
|switch|p2a: Azumarill|Azumarill, F|372\/372
|-damage|p2a: Azumarill|326\/372|[from] Stealth Rock
|move|p1a: Heatran|Will-O-Wisp|p2a: Azumarill
|-status|p2a: Azumarill|brn
|
|-heal|p1a: Heatran|354\/381 par|[from] item: Leftovers
|-damage|p2a: Azumarill|280\/372 brn|[from] brn
|turn|28
|c|âokcoolyo|in the end who cares its just pokemon
|c| leremyju|Tell that to telegend
|c|âokcoolyo|who
|
|switch|p1a: Venusaur|Venusaur-Mega, F|349\/361
|-damage|p1a: Venusaur|304\/361|[from] Stealth Rock
|move|p2a: Azumarill|Waterfall|p1a: Venusaur
|-resisted|p1a: Venusaur
|-damage|p1a: Venusaur|250\/361
|
|-damage|p2a: Azumarill|234\/372 brn|[from] brn
|turn|29
|join|Voltage
|
|switch|p2a: Latias|Latias, F|322\/364
|-damage|p2a: Latias|277\/364|[from] Stealth Rock
|move|p1a: Venusaur|Giga Drain|p2a: Latias
|-resisted|p2a: Latias
|-damage|p2a: Latias|237\/364
|-heal|p1a: Venusaur|270\/361|[from] drain|[of] p2a: Latias
|
|-heal|p2a: Latias|259\/364|[from] item: Leftovers
|turn|30
|
|switch|p2a: Landorus|Landorus, M|319\/319
|-damage|p2a: Landorus|280\/319|[from] Stealth Rock
|switch|p1a: Heatran|Heatran, M|354\/381 par
|-damage|p1a: Heatran|307\/381 par|[from] Stealth Rock
|
|-heal|p1a: Heatran|330\/381 par|[from] item: Leftovers
|turn|31
|join|habajiga
|c|âokcoolyo|reverb we actually played like multiple times like a ear ago
|c|âokcoolyo|i remember that avatar
|join|Chillingtilnoon
|c|âReverb|ah cool
|c| leremyju|Rp y\/n
|
|switch|p1a: Skarmory|Skarmory, F|19\/334
|-damage|p1a: Skarmory|0 fnt|[from] Stealth Rock
|faint|p1a: Skarmory
|move|p2a: Landorus|Earth Power|p1: Skarmory|[notarget]
|-notarget
|
|
|switch|p1a: Mew|Mew|354\/404
|-damage|p1a: Mew|304\/404|[from] Stealth Rock
|turn|32
|c|âokcoolyo|i cant beat this heatran combo
|
|move|p2a: Landorus|Knock Off|p1a: Mew
|-supereffective|p1a: Mew
|-damage|p1a: Mew|67\/404
|-enditem|p1a: Mew|Leftovers|[from] move: Knock Off|[of] p2a: Landorus
|-damage|p2a: Landorus|249\/319|[from] item: Life Orb
|move|p1a: Mew|Soft-Boiled|p1a: Mew
|-heal|p1a: Mew|269\/404
|
|turn|33
|
|switch|p2a: Heatran|Heatran, M|361\/385
|-damage|p2a: Heatran|313\/385|[from] Stealth Rock
|move|p1a: Mew|Soft-Boiled|p1a: Mew
|-heal|p1a: Mew|404\/404
|
|-heal|p2a: Heatran|337\/385|[from] item: Leftovers
|turn|34
|
|switch|p1a: Keldeo|Keldeo|323\/323 par
|-damage|p1a: Keldeo|303\/323 par|[from] Stealth Rock
|move|p2a: Heatran|Taunt|p1a: Keldeo
|-start|p1a: Keldeo|move: Taunt
|
|-heal|p2a: Heatran|361\/385|[from] item: Leftovers
|-heal|p1a: Keldeo|323\/323 par|[from] item: Leftovers
|turn|35
|
|switch|p2a: Latias|Latias, F|259\/364
|-damage|p2a: Latias|214\/364|[from] Stealth Rock
|move|p1a: Keldeo|Icy Wind|p2a: Latias
|-supereffective|p2a: Latias
|-damage|p2a: Latias|106\/364
|-unboost|p2a: Latias|spe|1
|
|-heal|p2a: Latias|128\/364|[from] item: Leftovers
|turn|36
|c| I Iike Squirtles|so eq mew with serperior y\/n
|
|move|p2a: Latias|Recover|p2a: Latias
|-heal|p2a: Latias|310\/364
|cant|p1a: Keldeo|par
|
|-heal|p2a: Latias|332\/364|[from] item: Leftovers
|turn|37
|c| ryzed|would you share if lando runs hasty\/naive or timid
|c|âReverb|naive
|
|switch|p1a: Heatran|Heatran, M|330\/381 par
|-damage|p1a: Heatran|283\/381 par|[from] Stealth Rock
|move|p2a: Latias|Psyshock|p1a: Heatran
|-resisted|p1a: Heatran
|-damage|p1a: Heatran|230\/381 par
|
|-heal|p2a: Latias|354\/364|[from] item: Leftovers
|-heal|p1a: Heatran|253\/381 par|[from] item: Leftovers
|turn|38
|c| leremyju|No it's sassy
|leave|Voltage
|c|âokcoolyo|i dont think it matters what predicts i did this game
|c|âokcoolyo|lando + meta rapes this team
|leave|habajiga
|c| ryzed|what does knock off acheive? just for value against switch ins?
|
|switch|p2a: Azumarill|Azumarill, F|234\/372 brn
|-damage|p2a: Azumarill|188\/372 brn|[from] Stealth Rock
|move|p1a: Heatran|Earth Power|p2a: Azumarill
|-damage|p2a: Azumarill|74\/372 brn
|
|-heal|p1a: Heatran|276\/381 par|[from] item: Leftovers
|-damage|p2a: Azumarill|28\/372 brn|[from] brn
|turn|39
|
|switch|p1a: Mew|Mew|404\/404
|-damage|p1a: Mew|354\/404|[from] Stealth Rock
|move|p2a: Azumarill|Waterfall|p1a: Mew
|-damage|p1a: Mew|231\/404
|
|-damage|p2a: Azumarill|0 fnt|[from] brn
|faint|p2a: Azumarill
|
|switch|p2a: Landorus|Landorus, M|249\/319
|-damage|p2a: Landorus|210\/319|[from] Stealth Rock
|turn|40
|
|move|p2a: Landorus|Earth Power|p1a: Mew
|-damage|p1a: Mew|63\/404
|move|p1a: Mew|Soft-Boiled|p1a: Mew
|-heal|p1a: Mew|265\/404
|
|turn|41
|c| ryzed|so tanky
|
|switch|p2a: Latias|Latias, F|354\/364
|-damage|p2a: Latias|309\/364|[from] Stealth Rock
|move|p1a: Mew|Soft-Boiled|p1a: Mew
|-heal|p1a: Mew|404\/404
|
|-heal|p2a: Latias|331\/364|[from] item: Leftovers
|turn|42
|
|move|p2a: Latias|Thunder Wave|p1a: Mew
|-status|p1a: Mew|par
|-status|p2a: Latias|par
|move|p1a: Mew|Will-O-Wisp|p2a: Latias
|-fail|p2a: Latias
|
|-heal|p2a: Latias|353\/364 par|[from] item: Leftovers
|turn|43
|c|âokcoolyo|goddamn
|c|âokcoolyo|rofl why do i keep forgetting he has twave
|
|switch|p2a: Heatran|Heatran, M|361\/385
|-damage|p2a: Heatran|313\/385|[from] Stealth Rock
|switch|p1a: Heatran|Heatran, M|276\/381 par
|-damage|p1a: Heatran|229\/381 par|[from] Stealth Rock
|
|-heal|p2a: Heatran|337\/385|[from] item: Leftovers
|-heal|p1a: Heatran|252\/381 par|[from] item: Leftovers
|turn|44
|join|daftmau5
|
|switch|p2a: Latias|Latias, F|353\/364 par
|-damage|p2a: Latias|308\/364 par|[from] Stealth Rock
|move|p1a: Heatran|Lava Plume|p2a: Latias
|-resisted|p2a: Latias
|-damage|p2a: Latias|257\/364 par
|
|-heal|p2a: Latias|279\/364 par|[from] item: Leftovers
|-heal|p1a: Heatran|275\/381 par|[from] item: Leftovers
|turn|45
|
|move|p2a: Latias|Psyshock|p1a: Heatran
|-resisted|p1a: Heatran
|-damage|p1a: Heatran|223\/381 par
|move|p1a: Heatran|Lava Plume|p2a: Latias
|-resisted|p2a: Latias
|-damage|p2a: Latias|228\/364 par
|
|-heal|p2a: Latias|250\/364 par|[from] item: Leftovers
|-heal|p1a: Heatran|246\/381 par|[from] item: Leftovers
|turn|46
|
|move|p2a: Latias|Psyshock|p1a: Heatran
|-resisted|p1a: Heatran
|-damage|p1a: Heatran|197\/381 par
|move|p1a: Heatran|Lava Plume|p2a: Latias
|-resisted|p2a: Latias
|-damage|p2a: Latias|207\/364 par
|
|-heal|p2a: Latias|229\/364 par|[from] item: Leftovers
|-heal|p1a: Heatran|220\/381 par|[from] item: Leftovers
|turn|47
|c|âokcoolyo|ya latias beats me now since i cant burn
|
|switch|p1a: Keldeo|Keldeo|323\/323 par
|-damage|p1a: Keldeo|303\/323 par|[from] Stealth Rock
|move|p2a: Latias|Psyshock|p1a: Keldeo
|-supereffective|p1a: Keldeo
|-damage|p1a: Keldeo|97\/323 par
|
|-heal|p1a: Keldeo|117\/323 par|[from] item: Leftovers
|-heal|p2a: Latias|251\/364 par|[from] item: Leftovers
|turn|48
|join|powaa
|c|âokcoolyo|gg
|c|âReverb|gg
|
|move|p1a: Keldeo|Icy Wind|p2a: Latias
|-supereffective|p2a: Latias
|-damage|p2a: Latias|145\/364 par
|-unboost|p2a: Latias|spe|1
|move|p2a: Latias|Recover|p2a: Latias
|-heal|p2a: Latias|327\/364 par
|
|-heal|p1a: Keldeo|137\/323 par|[from] item: Leftovers
|-heal|p2a: Latias|349\/364 par|[from] item: Leftovers
|turn|49
|leave|powaa
|
|move|p1a: Keldeo|Icy Wind|p2a: Latias
|-supereffective|p2a: Latias
|-damage|p2a: Latias|245\/364 par
|-unboost|p2a: Latias|spe|1
|move|p2a: Latias|Psyshock|p1a: Keldeo
|-supereffective|p1a: Keldeo
|-damage|p1a: Keldeo|0 fnt
|faint|p1a: Keldeo
|
|-heal|p2a: Latias|267\/364 par|[from] item: Leftovers
|-message|okcoolyo forfeited.
|leave|okcoolyo
|
|win|Reverb
|raw|Ladder updating...
|player|p1