|join|yay3435
|join|okcoolyo
|player|p1|yay3435|170
|player|p2|okcoolyo|102
|gametype|singles
|gen|6
|tier|OU
|rated
|clearpoke
|poke|p1|Politoed, F
|poke|p1|Swampert, F
|poke|p1|Kingdra, F
|poke|p1|Ferrothorn, F
|poke|p1|Latias, F
|poke|p1|Tornadus-Therian, M
|poke|p2|Mew
|poke|p2|Tyranitar, M
|poke|p2|Skarmory, M
|poke|p2|Heatran, F
|poke|p2|Keldeo
|poke|p2|Venusaur, M
|rule|Swagger Clause: Swagger is banned
|rule|Baton Pass Clause: Limit one PokÃ©mon knowing Baton Pass
|rule|Sleep Clause Mod: Limit one foe put to sleep
|rule|Species Clause: Limit one of each PokÃ©mon
|rule|OHKO Clause: OHKO moves are banned
|rule|Moody Clause: Moody is banned
|rule|Evasion Moves Clause: Evasion moves are banned
|rule|Endless Battle Clause: Forcing endless battles is banned
|rule|HP Percentage Mod: HP is shown in percentages
|teampreview
|
|start
|switch|p1a: Politoed|Politoed, F|383\/383
|switch|p2a: Mew|Mew|404\/404
|-weather|RainDance
|turn|1
|
|switch|p1a: Tornadus-Therian|Tornadus-Therian, M|299\/299
|move|p2a: Mew|Will-O-Wisp|p1a: Tornadus-Therian
|-status|p1a: Tornadus-Therian|brn
|
|-weather|RainDance|[upkeep]
|-damage|p1a: Tornadus-Therian|262\/299 brn|[from] brn
|turn|2
|
|move|p1a: Tornadus-Therian|Hurricane|p2a: Mew
|-damage|p2a: Mew|239\/404
|-damage|p1a: Tornadus-Therian|233\/299 brn|[from] item: Life Orb
|move|p2a: Mew|Will-O-Wisp|p1a: Tornadus-Therian|[miss]
|-miss|p2a: Mew|p1a: Tornadus-Therian
|
|-weather|RainDance|[upkeep]
|-heal|p2a: Mew|264\/404|[from] item: Leftovers
|-damage|p1a: Tornadus-Therian|196\/299 brn|[from] brn
|turn|3
|
|move|p1a: Tornadus-Therian|U-turn|p2a: Mew
|-supereffective|p2a: Mew
|-damage|p2a: Mew|194\/404
|-damage|p1a: Tornadus-Therian|167\/299 brn|[from] item: Life Orb
|
|switch|p1a: Kingdra|Kingdra, F|291\/291
|move|p2a: Mew|Soft-Boiled|p2a: Mew
|-heal|p2a: Mew|396\/404
|
|-weather|RainDance|[upkeep]
|-heal|p2a: Mew|404\/404|[from] item: Leftovers
|turn|4
|
|move|p1a: Kingdra|Hydro Pump|p2a: Mew|[miss]
|-miss|p1a: Kingdra|p2a: Mew
|move|p2a: Mew|Will-O-Wisp|p1a: Kingdra
|-status|p1a: Kingdra|brn
|
|-weather|RainDance|[upkeep]
|-damage|p1a: Kingdra|255\/291 brn|[from] brn
|turn|5
|
|move|p1a: Kingdra|Hydro Pump|p2a: Mew
|-damage|p2a: Mew|134\/404
|move|p2a: Mew|Soft-Boiled|p2a: Mew
|-heal|p2a: Mew|336\/404
|
|-weather|RainDance|[upkeep]
|-heal|p2a: Mew|361\/404|[from] item: Leftovers
|-damage|p1a: Kingdra|219\/291 brn|[from] brn
|turn|6
|
|switch|p1a: Politoed|Politoed, F|383\/383
|move|p2a: Mew|Soft-Boiled|p2a: Mew
|-heal|p2a: Mew|404\/404
|
|-weather|RainDance|[upkeep]
|turn|7
|
|move|p2a: Mew|Taunt|p1a: Politoed
|-start|p1a: Politoed|move: Taunt
|cant|p1a: Politoed|move: Taunt|Toxic
|
|-weather|RainDance|[upkeep]
|turn|8
|
|switch|p1a: Tornadus-Therian|Tornadus-Therian, M|266\/299 brn
|move|p2a: Mew|Will-O-Wisp|p1a: Tornadus-Therian
|-fail|p1a: Tornadus-Therian|brn
|
|-weather|none
|-damage|p1a: Tornadus-Therian|229\/299 brn|[from] brn
|turn|9
|
|move|p1a: Tornadus-Therian|U-turn|p2a: Mew
|-supereffective|p2a: Mew
|-damage|p2a: Mew|336\/404
|-damage|p1a: Tornadus-Therian|200\/299 brn|[from] item: Life Orb
|
|switch|p1a: Politoed|Politoed, F|383\/383
|-weather|RainDance
|move|p2a: Mew|Psychic|p1a: Politoed
|-crit|p1a: Politoed
|-damage|p1a: Politoed|260\/383
|
|-weather|RainDance|[upkeep]
|-heal|p2a: Mew|361\/404|[from] item: Leftovers
|turn|10
|
|move|p2a: Mew|Taunt|p1a: Politoed
|-start|p1a: Politoed|move: Taunt
|cant|p1a: Politoed|move: Taunt|Toxic
|
|-weather|RainDance|[upkeep]
|-heal|p2a: Mew|386\/404|[from] item: Leftovers
|turn|11
|
|switch|p1a: Tornadus-Therian|Tornadus-Therian, M|299\/299 brn
|move|p2a: Mew|Psychic|p1a: Tornadus-Therian
|-damage|p1a: Tornadus-Therian|179\/299 brn
|
|-weather|RainDance|[upkeep]
|-heal|p2a: Mew|404\/404|[from] item: Leftovers
|-damage|p1a: Tornadus-Therian|142\/299 brn|[from] brn
|turn|12
|
|move|p1a: Tornadus-Therian|Hurricane|p2a: Mew
|-damage|p2a: Mew|248\/404
|-damage|p1a: Tornadus-Therian|113\/299 brn|[from] item: Life Orb
|move|p2a: Mew|Psychic|p1a: Tornadus-Therian
|-damage|p1a: Tornadus-Therian|0 fnt
|faint|p1a: Tornadus-Therian
|
|-weather|RainDance|[upkeep]
|-heal|p2a: Mew|273\/404|[from] item: Leftovers
|
|switch|p1a: Swampert|Swampert, F|341\/341
|turn|13
|
|detailschange|p1a: Swampert|Swampert-Mega, F
|-mega|p1a: Swampert|Swampert|Swampertite
|move|p2a: Mew|Will-O-Wisp|p1a: Swampert
|-status|p1a: Swampert|brn
|move|p1a: Swampert|Waterfall|p2a: Mew
|-damage|p2a: Mew|152\/404
|
|-weather|RainDance|[upkeep]
|-heal|p2a: Mew|177\/404|[from] item: Leftovers
|-damage|p1a: Swampert|299\/341 brn|[from] brn
|turn|14
|-message|yay3435 forfeited.
|leave|yay3435
|
|win|okcoolyo
|raw|Ladder updating...
|player|p1
|raw|yay3435's rating: 1684 &rarr; <strong>1660<\/strong><br \/>(-24 for losing)
|raw|okcoolyo's rating: 1621 &rarr; <strong>1645<\/strong><br \/>(+24 for winning)