|join|okcoolyo
|join|tv4c
|player|p1|okcoolyo|1
|player|p2|tv4c|169
|gametype|singles
|gen|6
|tier|OU
|rated
|clearpoke
|poke|p1|Mew
|poke|p1|Tyranitar, F
|poke|p1|Skarmory, M
|poke|p1|Heatran, M
|poke|p1|Keldeo
|poke|p1|Venusaur, M
|poke|p2|Lopunny, M
|poke|p2|Latios, M
|poke|p2|Slowbro, M
|poke|p2|Clefable, F
|poke|p2|Victini
|poke|p2|Raikou
|rule|Swagger Clause: Swagger is banned
|rule|Baton Pass Clause: Limit one PokÃ©mon knowing Baton Pass
|rule|Sleep Clause Mod: Limit one foe put to sleep
|rule|Species Clause: Limit one of each PokÃ©mon
|rule|OHKO Clause: OHKO moves are banned
|rule|Moody Clause: Moody is banned
|rule|Evasion Moves Clause: Evasion moves are banned
|rule|Endless Battle Clause: Forcing endless battles is banned
|rule|HP Percentage Mod: HP is shown in percentages
|teampreview
|
|start
|switch|p1a: Tyranitar|Tyranitar, F|341\/341
|switch|p2a: Lopunny|Lopunny, M|271\/271
|-weather|Sandstorm
|turn|1
|
|switch|p1a: Skarmory|Skarmory, M|334\/334
|detailschange|p2a: Lopunny|Lopunny-Mega, M
|-mega|p2a: Lopunny|Lopunny|Lopunnite
|move|p2a: Lopunny|High Jump Kick|p1a: Skarmory
|-damage|p1a: Skarmory|169\/334
|-damage|p2a: Lopunny|226\/271|[from] item: Rocky Helmet|[of] p1a: Skarmory
|
|-weather|Sandstorm|[upkeep]
|-damage|p2a: Lopunny|210\/271|[from] sandstorm
|turn|2
|
|switch|p2a: Raikou|Raikou|321\/321
|-ability|p2a: Raikou|Pressure
|move|p1a: Skarmory|Roost|p1a: Skarmory
|-heal|p1a: Skarmory|334\/334
|
|-weather|Sandstorm|[upkeep]
|-damage|p2a: Raikou|301\/321|[from] sandstorm
|turn|3
|
|switch|p1a: Venusaur|Venusaur, M|361\/361
|move|p2a: Raikou|Volt Switch|p1a: Venusaur
|-resisted|p1a: Venusaur
|-damage|p1a: Venusaur|317\/361
|
|switch|p2a: Victini|Victini|341\/341
|
|-weather|Sandstorm|[upkeep]
|-damage|p2a: Victini|320\/341|[from] sandstorm
|-damage|p1a: Venusaur|295\/361|[from] sandstorm
|turn|4
|
|switch|p1a: Heatran|Heatran, M|381\/381
|move|p2a: Victini|U-turn|p1a: Heatran
|-resisted|p1a: Heatran
|-damage|p1a: Heatran|364\/381
|
|switch|p2a: Latios|Latios, M|301\/301
|
|-weather|Sandstorm|[upkeep]
|-damage|p2a: Latios|283\/301|[from] sandstorm
|-heal|p1a: Heatran|381\/381|[from] item: Leftovers
|turn|5
|
|switch|p2a: Slowbro|Slowbro, M|394\/394
|move|p1a: Heatran|Stealth Rock|p2a: Slowbro
|-sidestart|p2: tv4c|move: Stealth Rock
|
|-weather|none
|turn|6
|
|switch|p1a: Mew|Mew|404\/404
|move|p2a: Slowbro|Thunder Wave|p1a: Mew
|-status|p1a: Mew|par
|-status|p2a: Slowbro|par
|
|turn|7
|
|switch|p2a: Victini|Victini|320\/341
|-damage|p2a: Victini|235\/341|[from] Stealth Rock
|move|p1a: Mew|Taunt|p2a: Victini
|-start|p2a: Victini|move: Taunt
|
|turn|8
|
|switch|p1a: Heatran|Heatran, M|381\/381
|move|p2a: Victini|U-turn|p1a: Heatran
|-resisted|p1a: Heatran
|-damage|p1a: Heatran|364\/381
|
|switch|p2a: Slowbro|Slowbro, M|394\/394 par
|-damage|p2a: Slowbro|345\/394 par|[from] Stealth Rock
|
|-heal|p1a: Heatran|381\/381|[from] item: Leftovers
|-heal|p2a: Slowbro|369\/394 par|[from] item: Leftovers
|turn|9
|
|switch|p1a: Venusaur|Venusaur, M|295\/361
|move|p2a: Slowbro|Scald|p1a: Venusaur
|-resisted|p1a: Venusaur
|-damage|p1a: Venusaur|263\/361
|
|-heal|p2a: Slowbro|393\/394 par|[from] item: Leftovers
|turn|10
|
|switch|p2a: Latios|Latios, M|283\/301
|-damage|p2a: Latios|246\/301|[from] Stealth Rock
|detailschange|p1a: Venusaur|Venusaur-Mega, M
|-mega|p1a: Venusaur|Venusaur|Venusaurite
|move|p1a: Venusaur|Sludge Bomb|p2a: Latios
|-damage|p2a: Latios|137\/301
|-status|p2a: Latios|psn
|
|-damage|p2a: Latios|100\/301 psn|[from] psn
|turn|11
|
|move|p2a: Latios|Defog|p1a: Venusaur
|-unboost|p1a: Venusaur|evasion|1
|-sideend|p2: tv4c|Stealth Rock|[from] move: Defog|[of] p2a: Latios
|move|p1a: Venusaur|Synthesis|p1a: Venusaur
|-heal|p1a: Venusaur|361\/361
|
|-damage|p2a: Latios|63\/301 psn|[from] psn
|turn|12
|
|switch|p1a: Tyranitar|Tyranitar, F|341\/341
|-weather|Sandstorm
|move|p2a: Latios|Psyshock|p1a: Tyranitar
|-immune|p1a: Tyranitar|[msg]
|
|-weather|Sandstorm|[upkeep]
|-damage|p2a: Latios|45\/301 psn|[from] sandstorm
|-damage|p2a: Latios|8\/301 psn|[from] psn
|turn|13
|
|move|p1a: Tyranitar|Pursuit|p2a: Latios
|-supereffective|p2a: Latios
|-damage|p2a: Latios|0 fnt
|faint|p2a: Latios
|
|-weather|Sandstorm|[upkeep]
|
|switch|p2a: Clefable|Clefable, F|393\/393
|turn|14
|
|switch|p1a: Venusaur|Venusaur-Mega, M|361\/361
|move|p2a: Clefable|Calm Mind|p2a: Clefable
|-boost|p2a: Clefable|spa|1
|-boost|p2a: Clefable|spd|1
|
|-weather|Sandstorm|[upkeep]
|-damage|p1a: Venusaur|339\/361|[from] sandstorm
|-damage|p2a: Clefable|369\/393|[from] sandstorm
|-heal|p2a: Clefable|393\/393|[from] item: Leftovers
|turn|15
|
|move|p2a: Clefable|Protect|p2a: Clefable
|-singleturn|p2a: Clefable|Protect
|move|p1a: Venusaur|Sleep Powder|p2a: Clefable
|-activate|p2a: Clefable|Protect
|
|-weather|Sandstorm|[upkeep]
|-damage|p1a: Venusaur|317\/361|[from] sandstorm
|-damage|p2a: Clefable|369\/393|[from] sandstorm
|-heal|p2a: Clefable|393\/393|[from] item: Leftovers
|turn|16
|
|switch|p2a: Raikou|Raikou|301\/321
|-ability|p2a: Raikou|Pressure
|move|p1a: Venusaur|Sleep Powder|p2a: Raikou
|-status|p2a: Raikou|slp
|
|-weather|none
|turn|17
|
|switch|p2a: Victini|Victini|235\/341
|move|p1a: Venusaur|Sludge Bomb|p2a: Victini
|-damage|p2a: Victini|109\/341
|-status|p2a: Victini|psn
|
|-damage|p2a: Victini|67\/341 psn|[from] psn
|turn|18
|
|move|p2a: Victini|U-turn|p1a: Venusaur
|-damage|p1a: Venusaur|260\/361
|
|switch|p2a: Raikou|Raikou|301\/321 slp
|-ability|p2a: Raikou|Pressure
|move|p1a: Venusaur|Synthesis|p1a: Venusaur
|-heal|p1a: Venusaur|361\/361
|
|turn|19
|
|cant|p2a: Raikou|slp
|move|p1a: Venusaur|Sludge Bomb|p2a: Raikou
|-damage|p2a: Raikou|222\/321 slp
|
|turn|20
|
|cant|p2a: Raikou|slp
|move|p1a: Venusaur|Sludge Bomb|p2a: Raikou
|-damage|p2a: Raikou|143\/321 slp
|
|turn|21
|
|-curestatus|p2a: Raikou|slp
|move|p2a: Raikou|Extrasensory|p1a: Venusaur
|-supereffective|p1a: Venusaur
|-damage|p1a: Venusaur|239\/361
|move|p1a: Venusaur|Sludge Bomb|p2a: Raikou
|-damage|p2a: Raikou|53\/321
|
|turn|22
|
|move|p2a: Raikou|Extrasensory|p1a: Venusaur
|-supereffective|p1a: Venusaur
|-damage|p1a: Venusaur|125\/361
|move|p1a: Venusaur|Synthesis|p1a: Venusaur
|-heal|p1a: Venusaur|305\/361
|
|turn|23
|
|move|p2a: Raikou|Thunder|p1a: Venusaur
|-resisted|p1a: Venusaur
|-damage|p1a: Venusaur|245\/361
|move|p1a: Venusaur|Synthesis|p1a: Venusaur
|-heal|p1a: Venusaur|361\/361
|
|turn|24
|
|move|p2a: Raikou|Thunder|p1a: Venusaur
|-resisted|p1a: Venusaur
|-damage|p1a: Venusaur|307\/361
|-status|p1a: Venusaur|par
|move|p1a: Venusaur|Sludge Bomb|p2a: Raikou
|-damage|p2a: Raikou|0 fnt
|faint|p2a: Raikou
|
|c|âokcoolyo|this game suks
|
|switch|p2a: Lopunny|Lopunny-Mega, M|210\/271
|turn|25
|
|switch|p1a: Mew|Mew|404\/404 par
|move|p2a: Lopunny|Return|p1a: Mew
|-damage|p1a: Mew|202\/404 par
|
|-heal|p1a: Mew|227\/404 par|[from] item: Leftovers
|turn|26
|
|switch|p1a: Skarmory|Skarmory, M|334\/334
|move|p2a: Lopunny|Return|p1a: Skarmory
|-resisted|p1a: Skarmory
|-damage|p1a: Skarmory|269\/334
|-damage|p2a: Lopunny|165\/271|[from] item: Rocky Helmet|[of] p1a: Skarmory
|
|turn|27
|
|switch|p2a: Victini|Victini|67\/341 psn
|move|p1a: Skarmory|Roost|p1a: Skarmory
|-heal|p1a: Skarmory|334\/334
|
|-damage|p2a: Victini|25\/341 psn|[from] psn
|turn|28
|
|move|p2a: Victini|Trick|p1a: Skarmory
|-activate|p2a: Victini|move: Trick|[of] p1a: Skarmory
|-item|p1a: Skarmory|Choice Scarf|[from] move: Trick
|-item|p2a: Victini|Rocky Helmet|[from] move: Trick
|move|p1a: Skarmory|Roost|p1a: Skarmory
|-fail|p1a: Skarmory
|
|-damage|p2a: Victini|0 fnt|[from] psn
|faint|p2a: Victini
|
|switch|p2a: Clefable|Clefable, F|393\/393
|turn|29
|
|switch|p1a: Tyranitar|Tyranitar, F|341\/341
|-weather|Sandstorm
|move|p2a: Clefable|Calm Mind|p2a: Clefable
|-boost|p2a: Clefable|spa|1
|-boost|p2a: Clefable|spd|1
|
|-weather|Sandstorm|[upkeep]
|-damage|p2a: Clefable|369\/393|[from] sandstorm
|-heal|p2a: Clefable|393\/393|[from] item: Leftovers
|turn|30
|
|move|p1a: Tyranitar|Rock Slide|p2a: Clefable
|-miss|p1a: Tyranitar|p2a: Clefable
|move|p2a: Clefable|Calm Mind|p2a: Clefable
|-boost|p2a: Clefable|spa|1
|-boost|p2a: Clefable|spd|1
|
|-weather|Sandstorm|[upkeep]
|-damage|p2a: Clefable|369\/393|[from] sandstorm
|-heal|p2a: Clefable|393\/393|[from] item: Leftovers
|turn|31
|
|switch|p1a: Skarmory|Skarmory, M|334\/334
|move|p2a: Clefable|Calm Mind|p2a: Clefable
|-boost|p2a: Clefable|spa|1
|-boost|p2a: Clefable|spd|1
|
|-weather|Sandstorm|[upkeep]
|-damage|p2a: Clefable|369\/393|[from] sandstorm
|-heal|p2a: Clefable|393\/393|[from] item: Leftovers
|turn|32
|
|move|p2a: Clefable|Moonblast|p1a: Skarmory
|-resisted|p1a: Skarmory
|-damage|p1a: Skarmory|169\/334
|move|p1a: Skarmory|Whirlwind|p2a: Clefable
|drag|p2a: Slowbro|Slowbro, M|394\/394 par
|
|-weather|Sandstorm|[upkeep]
|-damage|p2a: Slowbro|370\/394 par|[from] sandstorm
|-heal|p2a: Slowbro|394\/394 par|[from] item: Leftovers
|turn|33
|
|switch|p1a: Venusaur|Venusaur-Mega, M|307\/361 par
|switch|p2a: Lopunny|Lopunny-Mega, M|165\/271
|
|-weather|none
|turn|34
|
|switch|p1a: Mew|Mew|227\/404 par
|move|p2a: Lopunny|Return|p1a: Mew
|-damage|p1a: Mew|32\/404 par
|
|-heal|p1a: Mew|57\/404 par|[from] item: Leftovers
|turn|35
|
|move|p2a: Lopunny|Return|p1a: Mew
|-damage|p1a: Mew|0 fnt
|faint|p1a: Mew
|
|
|switch|p1a: Skarmory|Skarmory, M|169\/334
|turn|36
|
|switch|p2a: Slowbro|Slowbro, M|394\/394 par
|move|p1a: Skarmory|Roost|p1a: Skarmory
|-heal|p1a: Skarmory|334\/334
|
|turn|37
|
|switch|p1a: Venusaur|Venusaur-Mega, M|307\/361 par
|switch|p2a: Lopunny|Lopunny-Mega, M|165\/271
|
|turn|38
|
|switch|p1a: Skarmory|Skarmory, M|334\/334
|move|p2a: Lopunny|Fake Out|p1a: Skarmory
|-resisted|p1a: Skarmory
|-damage|p1a: Skarmory|310\/334
|
|turn|39
|
|move|p2a: Lopunny|High Jump Kick|p1a: Skarmory
|-damage|p1a: Skarmory|169\/334
|move|p1a: Skarmory|Roost|p1a: Skarmory
|-heal|p1a: Skarmory|334\/334
|
|turn|40
|
|move|p2a: Lopunny|Return|p1a: Skarmory
|-resisted|p1a: Skarmory
|-damage|p1a: Skarmory|273\/334
|move|p1a: Skarmory|Roost|p1a: Skarmory
|-heal|p1a: Skarmory|334\/334
|
|turn|41
|
|switch|p1a: Heatran|Heatran, M|381\/381
|move|p2a: Lopunny|Heal Bell|p2a: Lopunny
|-cureteam|p2a: Lopunny|[from] move: HealBell
|
|turn|42
|
|move|p2a: Lopunny|High Jump Kick|p1a: Heatran
|-supereffective|p1a: Heatran
|-damage|p1a: Heatran|0 fnt
|faint|p1a: Heatran
|
|
|switch|p1a: Skarmory|Skarmory, M|334\/334
|turn|43
|
|switch|p2a: Slowbro|Slowbro, M|394\/394
|move|p1a: Skarmory|Brave Bird|p2a: Slowbro
|-damage|p2a: Slowbro|321\/394
|-damage|p1a: Skarmory|310\/334|[from] recoil|[of] p2a: Slowbro
|
|-heal|p2a: Slowbro|345\/394|[from] item: Leftovers
|turn|44
|
|switch|p2a: Clefable|Clefable, F|393\/393
|move|p1a: Skarmory|Brave Bird|p2a: Clefable
|-damage|p2a: Clefable|297\/393
|-damage|p1a: Skarmory|278\/334|[from] recoil|[of] p2a: Clefable
|
|-heal|p2a: Clefable|321\/393|[from] item: Leftovers
|turn|45
|
|switch|p1a: Tyranitar|Tyranitar, F|341\/341
|-weather|Sandstorm
|move|p2a: Clefable|Wish|p2a: Clefable
|
|-weather|Sandstorm|[upkeep]
|-damage|p2a: Clefable|297\/393|[from] sandstorm
|-heal|p2a: Clefable|321\/393|[from] item: Leftovers
|turn|46
|
|switch|p2a: Lopunny|Lopunny-Mega, M|165\/271
|move|p1a: Tyranitar|Earthquake|p2a: Lopunny
|-damage|p2a: Lopunny|37\/271
|
|-weather|Sandstorm|[upkeep]
|-damage|p2a: Lopunny|21\/271|[from] sandstorm
|-heal|p2a: Lopunny|217\/271|[from] move: Wish|[wisher] Clefable
|turn|47
|
|switch|p1a: Keldeo|Keldeo|323\/323
|move|p2a: Lopunny|High Jump Kick|p1a: Keldeo
|-damage|p1a: Keldeo|34\/323
|
|-weather|Sandstorm|[upkeep]
|-damage|p2a: Lopunny|201\/271|[from] sandstorm
|-damage|p1a: Keldeo|14\/323|[from] sandstorm
|-heal|p1a: Keldeo|34\/323|[from] item: Leftovers
|turn|48
|
|switch|p1a: Skarmory|Skarmory, M|278\/334
|move|p2a: Lopunny|Return|p1a: Skarmory
|-crit|p1a: Skarmory
|-resisted|p1a: Skarmory
|-damage|p1a: Skarmory|186\/334
|
|-weather|Sandstorm|[upkeep]
|-damage|p2a: Lopunny|185\/271|[from] sandstorm
|turn|49
|
|switch|p2a: Clefable|Clefable, F|321\/393
|move|p1a: Skarmory|Brave Bird|p2a: Clefable
|-damage|p2a: Clefable|222\/393
|-damage|p1a: Skarmory|153\/334|[from] recoil|[of] p2a: Clefable
|
|-weather|none
|-heal|p2a: Clefable|246\/393|[from] item: Leftovers
|turn|50
|
|switch|p1a: Venusaur|Venusaur-Mega, M|307\/361 par
|move|p2a: Clefable|Wish|p2a: Clefable
|
|-heal|p2a: Clefable|270\/393|[from] item: Leftovers
|turn|51
|
|move|p2a: Clefable|Calm Mind|p2a: Clefable
|-boost|p2a: Clefable|spa|1
|-boost|p2a: Clefable|spd|1
|move|p1a: Venusaur|Sleep Powder|p2a: Clefable
|-status|p2a: Clefable|slp
|
|-heal|p2a: Clefable|393\/393 slp|[from] move: Wish|[wisher] Clefable
|turn|52
|
|cant|p2a: Clefable|slp
|move|p1a: Venusaur|Sludge Bomb|p2a: Clefable
|-supereffective|p2a: Clefable
|-damage|p2a: Clefable|223\/393 slp
|
|-heal|p2a: Clefable|247\/393 slp|[from] item: Leftovers
|turn|53
|
|cant|p2a: Clefable|slp
|move|p1a: Venusaur|Sludge Bomb|p2a: Clefable
|-supereffective|p2a: Clefable
|-damage|p2a: Clefable|71\/393 slp
|
|-heal|p2a: Clefable|95\/393 slp|[from] item: Leftovers
|turn|54
|
|cant|p2a: Clefable|slp
|move|p1a: Venusaur|Sludge Bomb|p2a: Clefable
|-supereffective|p2a: Clefable
|-damage|p2a: Clefable|0 fnt
|faint|p2a: Clefable
|
|
|switch|p2a: Lopunny|Lopunny-Mega, M|185\/271
|turn|55
|
|move|p2a: Lopunny|Fake Out|p1a: Venusaur
|-damage|p1a: Venusaur|243\/361 par
|cant|p1a: Venusaur|flinch
|
|turn|56
|
|move|p2a: Lopunny|Return|p1a: Venusaur
|-damage|p1a: Venusaur|75\/361 par
|move|p1a: Venusaur|Sleep Powder|p2a: Lopunny
|-status|p2a: Lopunny|slp
|
|turn|57
|
|cant|p2a: Lopunny|slp
|move|p1a: Venusaur|Synthesis|p1a: Venusaur
|-heal|p1a: Venusaur|255\/361 par
|
|turn|58
|
|switch|p1a: Skarmory|Skarmory, M|153\/334
|-curestatus|p2a: Lopunny|slp
|move|p2a: Lopunny|Return|p1a: Skarmory
|-resisted|p1a: Skarmory
|-damage|p1a: Skarmory|93\/334
|
|turn|59
|
|move|p2a: Lopunny|High Jump Kick|p1a: Skarmory
|-damage|p1a: Skarmory|0 fnt
|faint|p1a: Skarmory
|
|
|switch|p1a: Venusaur|Venusaur-Mega, M|255\/361 par
|turn|60
|
|move|p2a: Lopunny|Return|p1a: Venusaur
|-damage|p1a: Venusaur|96\/361 par
|move|p1a: Venusaur|Sleep Powder|p2a: Lopunny
|-status|p2a: Lopunny|slp
|
|turn|61
|
|switch|p1a: Keldeo|Keldeo|34\/323
|cant|p2a: Lopunny|slp
|
|-heal|p1a: Keldeo|54\/323|[from] item: Leftovers
|turn|62
|
|switch|p2a: Slowbro|Slowbro, M|394\/394
|move|p1a: Keldeo|Secret Sword|p2a: Slowbro
|-resisted|p2a: Slowbro
|-damage|p2a: Slowbro|341\/394
|
|-heal|p1a: Keldeo|74\/323|[from] item: Leftovers
|-heal|p2a: Slowbro|365\/394|[from] item: Leftovers
|turn|63
|
|switch|p1a: Venusaur|Venusaur-Mega, M|96\/361 par
|move|p2a: Slowbro|Scald|p1a: Venusaur
|-resisted|p1a: Venusaur
|-damage|p1a: Venusaur|66\/361 par
|
|-heal|p2a: Slowbro|389\/394|[from] item: Leftovers
|turn|64
|
|move|p2a: Slowbro|Fire Blast|p1a: Venusaur
|-supereffective|p1a: Venusaur
|-damage|p1a: Venusaur|10\/361 par
|move|p1a: Venusaur|Giga Drain|p2a: Slowbro
|-supereffective|p2a: Slowbro
|-damage|p2a: Slowbro|149\/394
|-heal|p1a: Venusaur|130\/361 par|[from] drain|[of] p2a: Slowbro
|
|-heal|p2a: Slowbro|173\/394|[from] item: Leftovers
|turn|65
|
|move|p2a: Slowbro|Fire Blast|p1a: Venusaur
|-supereffective|p1a: Venusaur
|-damage|p1a: Venusaur|70\/361 par
|move|p1a: Venusaur|Synthesis|p1a: Venusaur
|-heal|p1a: Venusaur|250\/361 par
|
|-heal|p2a: Slowbro|197\/394|[from] item: Leftovers
|turn|66
|
|move|p2a: Slowbro|Slack Off|p2a: Slowbro
|-heal|p2a: Slowbro|394\/394
|move|p1a: Venusaur|Giga Drain|p2a: Slowbro
|-supereffective|p2a: Slowbro
|-damage|p2a: Slowbro|154\/394
|-heal|p1a: Venusaur|361\/361 par|[from] drain|[of] p2a: Slowbro
|
|-heal|p2a: Slowbro|178\/394|[from] item: Leftovers
|turn|67
|
|move|p2a: Slowbro|Slack Off|p2a: Slowbro
|-heal|p2a: Slowbro|375\/394
|cant|p1a: Venusaur|par
|
|-heal|p2a: Slowbro|394\/394|[from] item: Leftovers
|turn|68
|
|move|p2a: Slowbro|Fire Blast|p1a: Venusaur
|-supereffective|p1a: Venusaur
|-damage|p1a: Venusaur|299\/361 par
|move|p1a: Venusaur|Giga Drain|p2a: Slowbro
|-supereffective|p2a: Slowbro
|-damage|p2a: Slowbro|140\/394
|-heal|p1a: Venusaur|361\/361 par|[from] drain|[of] p2a: Slowbro
|
|-heal|p2a: Slowbro|164\/394|[from] item: Leftovers
|turn|69
|
|move|p2a: Slowbro|Slack Off|p2a: Slowbro
|-heal|p2a: Slowbro|361\/394
|move|p1a: Venusaur|Giga Drain|p2a: Slowbro
|-supereffective|p2a: Slowbro
|-damage|p2a: Slowbro|119\/394
|
|-heal|p2a: Slowbro|143\/394|[from] item: Leftovers
|turn|70
|
|move|p2a: Slowbro|Fire Blast|p1a: Venusaur
|-supereffective|p1a: Venusaur
|-damage|p1a: Venusaur|307\/361 par
|move|p1a: Venusaur|Giga Drain|p2a: Slowbro
|-supereffective|p2a: Slowbro
|-damage|p2a: Slowbro|0 fnt
|-heal|p1a: Venusaur|361\/361 par|[from] drain|[of] p2a: Slowbro
|faint|p2a: Slowbro
|
|
|switch|p2a: Lopunny|Lopunny-Mega, M|185\/271 slp
|turn|71
|
|switch|p1a: Keldeo|Keldeo|74\/323
|cant|p2a: Lopunny|slp
|
|-heal|p1a: Keldeo|94\/323|[from] item: Leftovers
|turn|72
|
|-curestatus|p2a: Lopunny|slp
|move|p2a: Lopunny|Return|p1a: Keldeo
|-crit|p1a: Keldeo
|-damage|p1a: Keldeo|0 fnt
|faint|p1a: Keldeo
|
|
|switch|p1a: Venusaur|Venusaur-Mega, M|361\/361 par
|turn|73
|
|move|p2a: Lopunny|Return|p1a: Venusaur
|-damage|p1a: Venusaur|193\/361 par
|move|p1a: Venusaur|Sleep Powder|p2a: Lopunny|[miss]
|-miss|p1a: Venusaur|p2a: Lopunny
|
|turn|74
|
|move|p2a: Lopunny|Return|p1a: Venusaur
|-damage|p1a: Venusaur|16\/361 par
|cant|p1a: Venusaur|par
|
|turn|75
|leave|okcoolyo
|player|p1
|-message|okcoolyo lost due to inactivity.
|
|win|tv4c
|raw|Ladder updating...
|raw|okcoolyo's rating: 1491 &rarr; <strong>1473<\/strong><br \/>(-18 for losing)
|raw|tv4c's rating: 1515 &rarr; <strong>1533<\/strong><br \/>(+18 for winning)