|join|okcoolyo
|join|Gnarlywal
|player|p1|okcoolyo|203
|player|p2|Gnarlywal|155
|gametype|singles
|gen|6
|tier|OU
|rated
|clearpoke
|poke|p1|Charizard, F
|poke|p1|Conkeldurr, F
|poke|p1|Manaphy
|poke|p1|Latios, M
|poke|p1|Gliscor, F
|poke|p1|Ditto
|poke|p2|Tyranitar, M
|poke|p2|Cradily, M
|poke|p2|Aerodactyl, M
|poke|p2|Terrakion
|poke|p2|Aggron, F
|poke|p2|Omastar, F
|rule|Sleep Clause Mod: Limit one foe put to sleep
|rule|Species Clause: Limit one of each Pokemon
|rule|OHKO Clause: OHKO moves are banned
|rule|Moody Clause: Moody is banned
|rule|Evasion Moves Clause: Evasion moves are banned
|rule|Endless Battle Clause: Forcing endless battles is banned.
|rule|HP Percentage Mod: HP is reported as percentages
|teampreview
|
|start
|switch|p1a: Conkeldurr|Conkeldurr, F|414\/414
|switch|p2a: Aerodactyl|Aerodactyl, M|364\/364
|turn|1
|
|move|p2a: Aerodactyl|Stealth Rock|p1a: Conkeldurr
|-sidestart|p1: okcoolyo|move: Stealth Rock
|move|p1a: Conkeldurr|Drain Punch|p2a: Aerodactyl
|-damage|p2a: Aerodactyl|129\/364
|
|turn|2
|
|move|p2a: Aerodactyl|Tailwind|p2a: Aerodactyl
|-sidestart|p2: Gnarlywal|move: Tailwind
|move|p1a: Conkeldurr|Drain Punch|p2a: Aerodactyl
|-crit|p2a: Aerodactyl
|-damage|p2a: Aerodactyl|0 fnt
|faint|p2a: Aerodactyl
|
|
|switch|p2a: Omastar|Omastar, F|282\/282
|turn|3
|
|move|p2a: Omastar|Surf|p1a: Conkeldurr
|-damage|p1a: Conkeldurr|257\/414
|move|p1a: Conkeldurr|Drain Punch|p2a: Omastar
|-supereffective|p2a: Omastar
|-damage|p2a: Omastar|46\/282
|-heal|p1a: Conkeldurr|375\/414|[from] drain|[of] p2a: Omastar
|
|turn|4
|
|move|p1a: Conkeldurr|Mach Punch|p2a: Omastar
|-supereffective|p2a: Omastar
|-damage|p2a: Omastar|0 fnt
|faint|p2a: Omastar
|
|
|switch|p2a: Terrakion|Terrakion|323\/323
|turn|5
|
|move|p2a: Terrakion|Close Combat|p1a: Conkeldurr
|-damage|p1a: Conkeldurr|94\/414
|-unboost|p2a: Terrakion|def|1
|-unboost|p2a: Terrakion|spd|1
|-damage|p2a: Terrakion|291\/323|[from] item: Life Orb
|move|p1a: Conkeldurr|Drain Punch|p2a: Terrakion
|-supereffective|p2a: Terrakion
|-damage|p2a: Terrakion|0 fnt
|-heal|p1a: Conkeldurr|240\/414|[from] drain|[of] p2a: Terrakion
|faint|p2a: Terrakion
|
|-sideend|p2: Gnarlywal|move: Tailwind
|
|switch|p2a: Aggron|Aggron, F|282\/282
|turn|6
|
|move|p2a: Aggron|Head Smash|p1a: Conkeldurr
|-resisted|p1a: Conkeldurr
|-damage|p1a: Conkeldurr|106\/414
|move|p1a: Conkeldurr|Drain Punch|p2a: Aggron
|-supereffective|p2a: Aggron
|-enditem|p2a: Aggron|Focus Sash
|-damage|p2a: Aggron|1\/282
|-heal|p1a: Conkeldurr|247\/414|[from] drain|[of] p2a: Aggron
|
|turn|7
|
|move|p1a: Conkeldurr|Mach Punch|p2a: Aggron
|-supereffective|p2a: Aggron
|-damage|p2a: Aggron|0 fnt
|faint|p2a: Aggron
|
|
|switch|p2a: Cradily|Cradily, M|376\/376
|turn|8
|
|move|p1a: Conkeldurr|Drain Punch|p2a: Cradily
|-supereffective|p2a: Cradily
|-damage|p2a: Cradily|76\/376
|-heal|p1a: Conkeldurr|397\/414|[from] drain|[of] p2a: Cradily
|move|p2a: Cradily|Stockpile|p2a: Cradily
|-start|p2a: Cradily|stockpile1
|-boost|p2a: Cradily|def|1
|-boost|p2a: Cradily|spd|1
|
|turn|9
|-message|Gnarlywal forfeited.
|
|win|okcoolyo
|raw|Ladder updating...
|leave|Gnarlywal
|player|p2
|raw|okcoolyo's rating: 1409 &rarr; <strong>1425<\/strong><br \/>(+16 for winning)
|raw|Gnarlywal's rating: 1345 &rarr; <strong>1329<\/strong><br \/>(-16 for losing)