|join|h. zimmer
|join|Mama Smurf
|player|p1|h. zimmer|53
|player|p2|Mama Smurf|148
|gametype|singles
|gen|6
|tier|UU
|rated
|rule|Sleep Clause Mod: Limit one foe put to sleep
|rule|Species Clause: Limit one of each PokÃ©mon
|rule|OHKO Clause: OHKO moves are banned
|rule|Moody Clause: Moody is banned
|rule|Evasion Moves Clause: Evasion moves are banned
|rule|Endless Battle Clause: Forcing endless battles is banned
|rule|HP Percentage Mod: HP is shown in percentages
|clearpoke
|poke|p1|Zygarde
|poke|p1|Jirachi
|poke|p1|Florges, F
|poke|p1|Blastoise, M
|poke|p1|Entei, shiny
|poke|p1|Hydreigon, F
|poke|p2|Donphan, F
|poke|p2|Entei, shiny
|poke|p2|Aggron, F
|poke|p2|Empoleon, M
|poke|p2|Chesnaught, M
|poke|p2|Cofagrigus, F
|rule|Swagger Clause: Swagger is banned
|rule|Baton Pass Clause: Limit one PokÃ©mon knowing Baton Pass
|teampreview
|
|start
|switch|p1a: Blastoise|Blastoise, M|361\/361
|switch|p2a: Aggron|Aggron, F|344\/344
|turn|1
|
|detailschange|p1a: Blastoise|Blastoise-Mega, M
|message|Blastoise has Mega Evolved into Mega Blastoise!
|detailschange|p2a: Aggron|Aggron-Mega, F
|message|Aggron has Mega Evolved into Mega Aggron!
|move|p1a: Blastoise|Water Pulse|p2a: Aggron
|-damage|p2a: Aggron|122\/344
|move|p2a: Aggron|Stealth Rock|p1a: Blastoise
|-sidestart|p1: h. zimmer|move: Stealth Rock
|
|turn|2
|
|switch|p2a: Cofagrigus|Cofagrigus, F|320\/320
|move|p1a: Blastoise|Rapid Spin|p2a: Cofagrigus
|-immune|p2a: Cofagrigus|[msg]
|
|turn|3
|
|move|p1a: Blastoise|Water Pulse|p2a: Cofagrigus
|-damage|p2a: Cofagrigus|203\/320
|move|p2a: Cofagrigus|Will-O-Wisp|p1a: Blastoise|[miss]
|-miss|p2a: Cofagrigus|p1a: Blastoise
|
|-heal|p2a: Cofagrigus|223\/320|[from] item: Leftovers
|turn|4
|
|switch|p1a: Florges|Florges, F|360\/360
|-damage|p1a: Florges|315\/360|[from] Stealth Rock
|move|p2a: Cofagrigus|Calm Mind|p2a: Cofagrigus
|-boost|p2a: Cofagrigus|spa|1
|-boost|p2a: Cofagrigus|spd|1
|
|-heal|p1a: Florges|337\/360|[from] item: Leftovers
|-heal|p2a: Cofagrigus|243\/320|[from] item: Leftovers
|turn|5
|
|move|p1a: Florges|Wish|p1a: Florges
|move|p2a: Cofagrigus|Shadow Ball|p1a: Florges
|-damage|p1a: Florges|250\/360
|
|-heal|p1a: Florges|272\/360|[from] item: Leftovers
|-heal|p2a: Cofagrigus|263\/320|[from] item: Leftovers
|turn|6
|
|switch|p1a: Entei|Entei, shiny|372\/372
|-damage|p1a: Entei|279\/372|[from] Stealth Rock
|-ability|p1a: Entei|Pressure
|move|p2a: Cofagrigus|Will-O-Wisp|p1a: Entei
|-fail|p1a: Entei
|
|-heal|p1a: Entei|372\/372|[from] move: Wish|[wisher] Florges
|-heal|p2a: Cofagrigus|283\/320|[from] item: Leftovers
|turn|7
|
|move|p1a: Entei|Sacred Fire|p2a: Cofagrigus
|-damage|p2a: Cofagrigus|87\/320
|-status|p2a: Cofagrigus|brn
|move|p2a: Cofagrigus|Shadow Ball|p1a: Entei
|-damage|p1a: Entei|206\/372
|
|-heal|p2a: Cofagrigus|107\/320 brn|[from] item: Leftovers
|-damage|p2a: Cofagrigus|67\/320 brn|[from] brn
|turn|8
|
|switch|p2a: Entei|Entei, shiny|372\/372
|-ability|p2a: Entei|Pressure
|move|p1a: Entei|Sacred Fire|p2a: Entei
|-resisted|p2a: Entei
|-damage|p2a: Entei|213\/372
|
|turn|9
|
|switch|p1a: Blastoise|Blastoise-Mega, M|361\/361
|-damage|p1a: Blastoise|316\/361|[from] Stealth Rock
|move|p2a: Entei|Sacred Fire|p1a: Blastoise
|-resisted|p1a: Blastoise
|-damage|p1a: Blastoise|211\/361
|-status|p1a: Blastoise|brn
|
|-damage|p1a: Blastoise|166\/361 brn|[from] brn
|turn|10
|
|switch|p2a: Cofagrigus|Cofagrigus, F|67\/320 brn
|move|p1a: Blastoise|Water Pulse|p2a: Cofagrigus
|-damage|p2a: Cofagrigus|0 fnt
|faint|p2a: Cofagrigus
|
|-damage|p1a: Blastoise|121\/361 brn|[from] brn
|
|switch|p2a: Entei|Entei, shiny|213\/372
|-ability|p2a: Entei|Pressure
|turn|11
|
|switch|p1a: Jirachi|Jirachi|341\/341
|-damage|p1a: Jirachi|320\/341|[from] Stealth Rock
|move|p2a: Entei|Sacred Fire|p1a: Jirachi|[miss]
|-miss|p2a: Entei|p1a: Jirachi
|
|-heal|p1a: Jirachi|341\/341|[from] item: Leftovers
|turn|12
|
|switch|p1a: Hydreigon|Hydreigon, F|325\/325
|-damage|p1a: Hydreigon|285\/325|[from] Stealth Rock
|move|p2a: Entei|Sacred Fire|p1a: Hydreigon
|-resisted|p1a: Hydreigon
|-damage|p1a: Hydreigon|123\/325
|-status|p1a: Hydreigon|brn
|
|-damage|p1a: Hydreigon|83\/325 brn|[from] brn
|turn|13
|
|switch|p2a: Empoleon|Empoleon, M|372\/372
|move|p1a: Hydreigon|Dark Pulse|p2a: Empoleon
|-damage|p2a: Empoleon|224\/372
|
|-heal|p2a: Empoleon|247\/372|[from] item: Leftovers
|-damage|p1a: Hydreigon|43\/325 brn|[from] brn
|turn|14
|
|switch|p1a: Florges|Florges, F|272\/360
|-damage|p1a: Florges|227\/360|[from] Stealth Rock
|move|p2a: Empoleon|Scald|p1a: Florges
|-damage|p1a: Florges|137\/360
|
|-heal|p1a: Florges|159\/360|[from] item: Leftovers
|-heal|p2a: Empoleon|270\/372|[from] item: Leftovers
|turn|15
|
|move|p1a: Florges|Aromatherapy|p1a: Florges
|-cureteam|p1a: Florges|[from] move: Aromatherapy
|move|p2a: Empoleon|Flash Cannon|p1a: Florges
|-supereffective|p1a: Florges
|-damage|p1a: Florges|0 fnt
|faint|p1a: Florges
|
|-heal|p2a: Empoleon|293\/372|[from] item: Leftovers
|
|switch|p1a: Blastoise|Blastoise-Mega, M|121\/361
|-damage|p1a: Blastoise|76\/361|[from] Stealth Rock
|turn|16
|
|move|p1a: Blastoise|Rapid Spin|p2a: Empoleon
|-resisted|p2a: Empoleon
|-damage|p2a: Empoleon|285\/372
|-sideend|p1: h. zimmer|Stealth Rock|[from] move: Rapid Spin|[of] p1a: Blastoise
|move|p2a: Empoleon|Scald|p1a: Blastoise
|-resisted|p1a: Blastoise
|-damage|p1a: Blastoise|18\/361
|-status|p1a: Blastoise|brn
|
|-heal|p2a: Empoleon|308\/372|[from] item: Leftovers
|-damage|p1a: Blastoise|0 fnt|[from] brn
|faint|p1a: Blastoise
|
|switch|p1a: Zygarde|Zygarde|404\/404
|-ability|p1a: Zygarde|Aura Break
|turn|17
|
|move|p1a: Zygarde|Substitute|p1a: Zygarde
|-start|p1a: Zygarde|Substitute
|-damage|p1a: Zygarde|303\/404
|move|p2a: Empoleon|Scald|p1a: Zygarde
|-end|p1a: Zygarde|Substitute
|
|-heal|p1a: Zygarde|328\/404|[from] item: Leftovers
|-heal|p2a: Empoleon|331\/372|[from] item: Leftovers
|turn|18
|
|switch|p2a: Donphan|Donphan, F|384\/384
|move|p1a: Zygarde|Earthquake|p2a: Donphan
|-damage|p2a: Donphan|294\/384
|
|-heal|p1a: Zygarde|353\/404|[from] item: Leftovers
|turn|19
|
|switch|p1a: Jirachi|Jirachi|341\/341
|move|p2a: Donphan|Knock Off|p1a: Jirachi
|-supereffective|p1a: Jirachi
|-damage|p1a: Jirachi|159\/341
|-enditem|p1a: Jirachi|Leftovers|[from] move: Knock Off|[of] p2a: Donphan
|
|turn|20
|
|move|p1a: Jirachi|Iron Head|p2a: Donphan
|-damage|p2a: Donphan|206\/384
|cant|p2a: Donphan|flinch
|
|turn|21
|
|move|p1a: Jirachi|Iron Head|p2a: Donphan
|-damage|p2a: Donphan|116\/384
|cant|p2a: Donphan|flinch
|
|turn|22
|
|move|p1a: Jirachi|Iron Head|p2a: Donphan
|-damage|p2a: Donphan|28\/384
|cant|p2a: Donphan|flinch
|
|turn|23
|
|switch|p2a: Aggron|Aggron-Mega, F|122\/344
|move|p1a: Jirachi|Body Slam|p2a: Aggron
|-resisted|p2a: Aggron
|-damage|p2a: Aggron|107\/344
|-status|p2a: Aggron|par
|
|turn|24
|
|move|p1a: Jirachi|Stealth Rock|p2a: Aggron
|-sidestart|p2: Mama Smurf|move: Stealth Rock
|cant|p2a: Aggron|par
|
|turn|25
|
|switch|p1a: Hydreigon|Hydreigon, F|43\/325
|cant|p2a: Aggron|par
|
|turn|26
|c|âh. zimmer|sorry
|
|move|p1a: Hydreigon|Dark Pulse|p2a: Aggron
|-damage|p2a: Aggron|0 fnt
|faint|p2a: Aggron
|
|
|switch|p2a: Empoleon|Empoleon, M|331\/372
|-damage|p2a: Empoleon|308\/372|[from] Stealth Rock
|turn|27
|
|move|p1a: Hydreigon|Dark Pulse|p2a: Empoleon
|-damage|p2a: Empoleon|181\/372
|move|p2a: Empoleon|Scald|p1a: Hydreigon
|-resisted|p1a: Hydreigon
|-damage|p1a: Hydreigon|0 fnt
|faint|p1a: Hydreigon
|
|-heal|p2a: Empoleon|204\/372|[from] item: Leftovers
|
|switch|p1a: Entei|Entei, shiny|206\/372
|-ability|p1a: Entei|Pressure
|turn|28
|
|move|p2a: Empoleon|Aqua Jet|p1a: Entei
|-supereffective|p1a: Entei
|-damage|p1a: Entei|108\/372
|move|p1a: Entei|Sacred Fire|p2a: Empoleon|[miss]
|-miss|p1a: Entei|p2a: Empoleon
|
|-heal|p2a: Empoleon|227\/372|[from] item: Leftovers
|turn|29
|
|switch|p1a: Jirachi|Jirachi|159\/341
|move|p2a: Empoleon|Aqua Jet|p1a: Jirachi
|-damage|p1a: Jirachi|120\/341
|
|-heal|p2a: Empoleon|250\/372|[from] item: Leftovers
|turn|30
|
|move|p1a: Jirachi|Healing Wish|p1a: Jirachi
|faint|p1a: Jirachi
|move|p2a: Empoleon|Scald|p1: Jirachi|[notarget]
|-notarget
|
|-heal|p2a: Empoleon|273\/372|[from] item: Leftovers
|
|switch|p1a: Entei|Entei, shiny|108\/372
|-heal|p1a: Entei|372\/372|[from] move: Healing Wish
|-ability|p1a: Entei|Pressure
|turn|31
|
|move|p1a: Entei|Sacred Fire|p2a: Empoleon
|-damage|p2a: Empoleon|0 fnt
|faint|p2a: Empoleon
|
|
|switch|p2a: Entei|Entei, shiny|213\/372
|-damage|p2a: Entei|120\/372|[from] Stealth Rock
|-ability|p2a: Entei|Pressure
|turn|32
|
|move|p2a: Entei|Extreme Speed|p1a: Entei
|-damage|p1a: Entei|203\/372
|move|p1a: Entei|Sacred Fire|p2a: Entei|[miss]
|-miss|p1a: Entei|p2a: Entei
|
|turn|33
|
|move|p2a: Entei|Extreme Speed|p1a: Entei
|-damage|p1a: Entei|52\/372
|move|p1a: Entei|Sacred Fire|p2a: Entei
|-resisted|p2a: Entei
|-damage|p2a: Entei|0 fnt
|faint|p2a: Entei
|
|
|switch|p2a: Chesnaught|Chesnaught, M|380\/380
|-damage|p2a: Chesnaught|357\/380|[from] Stealth Rock
|turn|34
|
|switch|p1a: Zygarde|Zygarde|353\/404
|-ability|p1a: Zygarde|Aura Break
|move|p2a: Chesnaught|Spiky Shield|p2a: Chesnaught
|-fail|p2a: Chesnaught
|
|-heal|p1a: Zygarde|378\/404|[from] item: Leftovers
|-heal|p2a: Chesnaught|380\/380|[from] item: Leftovers
|turn|35
|
|move|p1a: Zygarde|Substitute|p1a: Zygarde
|-start|p1a: Zygarde|Substitute
|-damage|p1a: Zygarde|277\/404
|move|p2a: Chesnaught|Drain Punch|p1a: Zygarde
|-activate|p1a: Zygarde|Substitute|[damage]
|
|-heal|p1a: Zygarde|302\/404|[from] item: Leftovers
|turn|36
|
|move|p1a: Zygarde|Coil|p1a: Zygarde
|-boost|p1a: Zygarde|atk|1
|-boost|p1a: Zygarde|def|1
|-boost|p1a: Zygarde|accuracy|1
|move|p2a: Chesnaught|Substitute|p2a: Chesnaught
|-start|p2a: Chesnaught|Substitute
|-damage|p2a: Chesnaught|285\/380
|
|-heal|p1a: Zygarde|327\/404|[from] item: Leftovers
|-heal|p2a: Chesnaught|308\/380|[from] item: Leftovers
|turn|37
|
|move|p1a: Zygarde|Coil|p1a: Zygarde
|-boost|p1a: Zygarde|atk|1
|-boost|p1a: Zygarde|def|1
|-boost|p1a: Zygarde|accuracy|1
|move|p2a: Chesnaught|Drain Punch|p1a: Zygarde
|-end|p1a: Zygarde|Substitute
|-heal|p2a: Chesnaught|317\/380|[from] drain|[of] p1a: Zygarde
|
|-heal|p1a: Zygarde|352\/404|[from] item: Leftovers
|-heal|p2a: Chesnaught|340\/380|[from] item: Leftovers
|turn|38
|
|move|p1a: Zygarde|Substitute|p1a: Zygarde
|-start|p1a: Zygarde|Substitute
|-damage|p1a: Zygarde|251\/404
|move|p2a: Chesnaught|Drain Punch|p1a: Zygarde
|-activate|p1a: Zygarde|Substitute|[damage]
|-heal|p2a: Chesnaught|360\/380|[from] drain|[of] p1a: Zygarde
|
|-heal|p1a: Zygarde|276\/404|[from] item: Leftovers
|-heal|p2a: Chesnaught|380\/380|[from] item: Leftovers
|turn|39
|c|âMama Smurf|gg
|-message|Mama Smurf forfeited.
|
|win|h. zimmer
|raw|Ladder updating...
|leave|Mama Smurf
|player|p2
|c|âh. zimmer|gg
|raw|h. zimmer's rating: 1306 &rarr; <strong>1329<\/strong><br \/>(+23 for winning)
|raw|Mama Smurf's rating: 1365 &rarr; <strong>1341<\/strong><br \/>(-24 for losing)