|join|hayden san
|join|Rhayader
|player|p1|hayden san|52
|player|p2|Rhayader|40
|gametype|singles
|gen|6
|tier|ORAS OU
|rated
|rule|Sleep Clause Mod: Limit one foe put to sleep
|rule|Species Clause: Limit one of each PokÃ©mon
|rule|OHKO Clause: OHKO moves are banned
|rule|Moody Clause: Moody is banned
|rule|Evasion Moves Clause: Evasion moves are banned
|rule|Endless Battle Clause: Forcing endless battles is banned
|rule|HP Percentage Mod: HP is shown in percentages
|clearpoke
|poke|p1|Thundurus, M
|poke|p1|Excadrill, F
|poke|p1|Landorus-Therian, M
|poke|p1|Rotom-Wash
|poke|p1|Bisharp, F
|poke|p1|Glalie, F
|poke|p2|Keldeo
|poke|p2|Chesnaught, M
|poke|p2|Heatran, M
|poke|p2|Tyranitar, F
|poke|p2|Excadrill, F
|poke|p2|Pinsir, M
|rule|Swagger Clause: Swagger is banned
|rule|Baton Pass Clause: Limit one PokÃ©mon knowing Baton Pass
|teampreview
|
|start
|switch|p1a: Rotom-Wash|Rotom-Wash|268\/268
|switch|p2a: Chesnaught|Chesnaught, M|380\/380
|turn|1
|
|move|p1a: Rotom-Wash|Volt Switch|p2a: Chesnaught
|-resisted|p2a: Chesnaught
|-damage|p2a: Chesnaught|315\/380
|
|switch|p1a: Landorus-Therian|Landorus-Therian, M|382\/382
|-ability|p1a: Landorus-Therian|Intimidate|[of] p2a: Chesnaught
|-unboost|p2a: Chesnaught|atk|1
|move|p2a: Chesnaught|Leech Seed|p1a: Landorus-Therian
|-start|p1a: Landorus-Therian|move: Leech Seed
|
|-heal|p2a: Chesnaught|338\/380|[from] item: Leftovers
|-damage|p1a: Landorus-Therian|335\/382|[from] Leech Seed|[of] p2a: Chesnaught
|-heal|p2a: Chesnaught|380\/380|[silent]
|turn|2
|
|move|p1a: Landorus-Therian|Stealth Rock|p2a: Chesnaught
|-sidestart|p2: Rhayader|move: Stealth Rock
|move|p2a: Chesnaught|Spikes|p1a: Landorus-Therian
|-sidestart|p1: hayden san|Spikes
|
|-heal|p1a: Landorus-Therian|358\/382|[from] item: Leftovers
|-damage|p1a: Landorus-Therian|311\/382|[from] Leech Seed|[of] p2a: Chesnaught
|turn|3
|
|move|p1a: Landorus-Therian|U-turn|p2a: Chesnaught
|-damage|p2a: Chesnaught|335\/380
|
|switch|p1a: Excadrill|Excadrill, F|373\/373
|-damage|p1a: Excadrill|327\/373|[from] Spikes
|-ability|p1a: Excadrill|Mold Breaker
|move|p2a: Chesnaught|Leech Seed|p1a: Excadrill
|-start|p1a: Excadrill|move: Leech Seed
|
|-heal|p2a: Chesnaught|358\/380|[from] item: Leftovers
|-damage|p1a: Excadrill|281\/373|[from] Leech Seed|[of] p2a: Chesnaught
|-heal|p2a: Chesnaught|380\/380|[silent]
|turn|4
|
|move|p2a: Chesnaught|Spiky Shield|p2a: Chesnaught
|-singleturn|p2a: Chesnaught|move: Protect
|move|p1a: Excadrill|Toxic|p2a: Chesnaught
|-activate|p2a: Chesnaught|move: Protect
|
|-damage|p1a: Excadrill|235\/373|[from] Leech Seed|[of] p2a: Chesnaught
|turn|5
|
|switch|p1a: Thundurus|Thundurus, M|313\/313
|move|p2a: Chesnaught|Drain Punch|p1a: Thundurus
|-crit|p1a: Thundurus
|-resisted|p1a: Thundurus
|-damage|p1a: Thundurus|215\/313
|
|-heal|p1a: Thundurus|234\/313|[from] item: Leftovers
|turn|6
|
|switch|p2a: Tyranitar|Tyranitar, F|404\/404
|-damage|p2a: Tyranitar|354\/404|[from] Stealth Rock
|-weather|Sandstorm
|move|p1a: Thundurus|Hidden Power|p2a: Tyranitar
|-resisted|p2a: Tyranitar
|-damage|p2a: Tyranitar|329\/404
|
|-weather|Sandstorm|[upkeep]
|-damage|p1a: Thundurus|215\/313|[from] sandstorm
|-heal|p1a: Thundurus|234\/313|[from] item: Leftovers
|turn|7
|
|move|p1a: Thundurus|Volt Switch|p2a: Tyranitar
|-damage|p2a: Tyranitar|278\/404
|
|switch|p1a: Landorus-Therian|Landorus-Therian, M|311\/382
|-ability|p1a: Landorus-Therian|Intimidate|[of] p2a: Tyranitar
|-unboost|p2a: Tyranitar|atk|1
|move|p2a: Tyranitar|Stealth Rock|p1a: Landorus-Therian
|-sidestart|p1: hayden san|move: Stealth Rock
|
|-weather|Sandstorm|[upkeep]
|-heal|p1a: Landorus-Therian|334\/382|[from] item: Leftovers
|turn|8
|
|switch|p2a: Chesnaught|Chesnaught, M|380\/380
|-damage|p2a: Chesnaught|357\/380|[from] Stealth Rock
|move|p1a: Landorus-Therian|U-turn|p2a: Chesnaught
|-damage|p2a: Chesnaught|309\/380
|
|switch|p1a: Excadrill|Excadrill, F|235\/373
|-damage|p1a: Excadrill|224\/373|[from] Stealth Rock
|-damage|p1a: Excadrill|178\/373|[from] Spikes
|-ability|p1a: Excadrill|Mold Breaker
|
|-weather|Sandstorm|[upkeep]
|-damage|p2a: Chesnaught|286\/380|[from] sandstorm
|-heal|p2a: Chesnaught|309\/380|[from] item: Leftovers
|turn|9
|
|move|p1a: Excadrill|Rapid Spin|p2a: Chesnaught
|-damage|p2a: Chesnaught|292\/380
|-sideend|p1: hayden san|Spikes|[from] move: Rapid Spin|[of] p1a: Excadrill
|-sideend|p1: hayden san|Stealth Rock|[from] move: Rapid Spin|[of] p1a: Excadrill
|move|p2a: Chesnaught|Drain Punch|p1a: Excadrill
|-supereffective|p1a: Excadrill
|-damage|p1a: Excadrill|0 fnt
|-heal|p2a: Chesnaught|380\/380|[from] drain|[of] p1a: Excadrill
|faint|p1a: Excadrill
|
|-weather|Sandstorm|[upkeep]
|-damage|p2a: Chesnaught|357\/380|[from] sandstorm
|-heal|p2a: Chesnaught|380\/380|[from] item: Leftovers
|
|switch|p1a: Thundurus|Thundurus, M|234\/313
|turn|10
|
|switch|p2a: Heatran|Heatran, M|386\/386
|-damage|p2a: Heatran|338\/386|[from] Stealth Rock
|move|p1a: Thundurus|Taunt|p2a: Heatran
|-start|p2a: Heatran|move: Taunt
|
|-weather|Sandstorm|[upkeep]
|-damage|p1a: Thundurus|215\/313|[from] sandstorm
|-heal|p1a: Thundurus|234\/313|[from] item: Leftovers
|-heal|p2a: Heatran|362\/386|[from] item: Leftovers
|turn|11
|
|move|p1a: Thundurus|Volt Switch|p2a: Heatran
|-crit|p2a: Heatran
|-damage|p2a: Heatran|238\/386
|
|switch|p1a: Rotom-Wash|Rotom-Wash|268\/268
|move|p2a: Heatran|Lava Plume|p1a: Rotom-Wash
|-crit|p1a: Rotom-Wash
|-resisted|p1a: Rotom-Wash
|-damage|p1a: Rotom-Wash|194\/268
|
|-weather|Sandstorm|[upkeep]
|-damage|p1a: Rotom-Wash|178\/268|[from] sandstorm
|-heal|p2a: Heatran|262\/386|[from] item: Leftovers
|turn|12
|
|move|p1a: Rotom-Wash|Will-O-Wisp|p2a: Heatran
|-start|p2a: Heatran|ability: Flash Fire
|move|p2a: Heatran|Lava Plume|p1a: Rotom-Wash
|-resisted|p1a: Rotom-Wash
|-damage|p1a: Rotom-Wash|102\/268
|
|-weather|Sandstorm|[upkeep]
|-damage|p1a: Rotom-Wash|86\/268|[from] sandstorm
|-heal|p2a: Heatran|286\/386|[from] item: Leftovers
|turn|13
|
|switch|p1a: Landorus-Therian|Landorus-Therian, M|334\/382
|-ability|p1a: Landorus-Therian|Intimidate|[of] p2a: Heatran
|-unboost|p2a: Heatran|atk|1
|move|p2a: Heatran|Lava Plume|p1a: Landorus-Therian
|-damage|p1a: Landorus-Therian|129\/382
|
|-weather|none
|-heal|p1a: Landorus-Therian|152\/382|[from] item: Leftovers
|-heal|p2a: Heatran|310\/386|[from] item: Leftovers
|-end|p2a: Heatran|move: Taunt
|turn|14
|c|âhayden san|..
|c|âRhayader|lol
|
|switch|p2a: Chesnaught|Chesnaught, M|380\/380
|-damage|p2a: Chesnaught|357\/380|[from] Stealth Rock
|move|p1a: Landorus-Therian|Earthquake|p2a: Chesnaught
|-crit|p2a: Chesnaught
|-resisted|p2a: Chesnaught
|-damage|p2a: Chesnaught|277\/380
|
|-heal|p1a: Landorus-Therian|175\/382|[from] item: Leftovers
|-heal|p2a: Chesnaught|300\/380|[from] item: Leftovers
|turn|15
|c|âhayden san|yh :]
|
|move|p1a: Landorus-Therian|U-turn|p2a: Chesnaught
|-damage|p2a: Chesnaught|248\/380
|
|switch|p1a: Glalie|Glalie, F|301\/301
|move|p2a: Chesnaught|Leech Seed|p1a: Glalie
|-start|p1a: Glalie|move: Leech Seed
|
|-heal|p2a: Chesnaught|271\/380|[from] item: Leftovers
|-damage|p1a: Glalie|264\/301|[from] Leech Seed|[of] p2a: Chesnaught
|-heal|p2a: Chesnaught|308\/380|[silent]
|turn|16
|
|move|p2a: Chesnaught|Spiky Shield|p2a: Chesnaught
|-singleturn|p2a: Chesnaught|move: Protect
|move|p1a: Glalie|Spikes|p2a: Chesnaught
|-sidestart|p2: Rhayader|Spikes
|
|-heal|p2a: Chesnaught|331\/380|[from] item: Leftovers
|-damage|p1a: Glalie|227\/301|[from] Leech Seed|[of] p2a: Chesnaught
|-heal|p2a: Chesnaught|368\/380|[silent]
|turn|17
|
|detailschange|p1a: Glalie|Glalie-Mega, F
|message|Glalie has Mega Evolved into Mega Glalie!
|move|p1a: Glalie|Return|p2a: Chesnaught
|-supereffective|p2a: Chesnaught
|-damage|p2a: Chesnaught|98\/380
|move|p2a: Chesnaught|Drain Punch|p1a: Glalie
|-supereffective|p1a: Glalie
|-damage|p1a: Glalie|15\/301
|-heal|p2a: Chesnaught|204\/380|[from] drain|[of] p1a: Glalie
|
|-heal|p2a: Chesnaught|227\/380|[from] item: Leftovers
|-damage|p1a: Glalie|0 fnt|[from] Leech Seed|[of] p2a: Chesnaught
|-heal|p2a: Chesnaught|242\/380|[silent]
|faint|p1a: Glalie
|
|switch|p1a: Thundurus|Thundurus, M|234\/313
|turn|18
|
|switch|p2a: Tyranitar|Tyranitar, F|278\/404
|-damage|p2a: Tyranitar|228\/404|[from] Stealth Rock
|-damage|p2a: Tyranitar|178\/404|[from] Spikes
|-weather|Sandstorm
|move|p1a: Thundurus|Taunt|p2a: Tyranitar
|-start|p2a: Tyranitar|move: Taunt
|
|-weather|Sandstorm|[upkeep]
|-damage|p1a: Thundurus|215\/313|[from] sandstorm
|-heal|p1a: Thundurus|234\/313|[from] item: Leftovers
|turn|19
|
|move|p1a: Thundurus|Volt Switch|p2a: Tyranitar
|-damage|p2a: Tyranitar|117\/404
|
|move|p2a: Tyranitar|Pursuit|p1a: Thundurus|[from]Pursuit
|-damage|p1a: Thundurus|66\/313
|switch|p1a: Landorus-Therian|Landorus-Therian, M|175\/382
|-ability|p1a: Landorus-Therian|Intimidate|[of] p2a: Tyranitar
|-unboost|p2a: Tyranitar|atk|1
|
|-weather|Sandstorm|[upkeep]
|-heal|p1a: Landorus-Therian|198\/382|[from] item: Leftovers
|turn|20
|
|switch|p2a: Chesnaught|Chesnaught, M|242\/380
|-damage|p2a: Chesnaught|195\/380|[from] Spikes
|-damage|p2a: Chesnaught|172\/380|[from] Stealth Rock
|move|p1a: Landorus-Therian|U-turn|p2a: Chesnaught
|-damage|p2a: Chesnaught|122\/380
|
|switch|p1a: Thundurus|Thundurus, M|66\/313
|
|-weather|Sandstorm|[upkeep]
|-damage|p1a: Thundurus|47\/313|[from] sandstorm
|-damage|p2a: Chesnaught|99\/380|[from] sandstorm
|-heal|p1a: Thundurus|66\/313|[from] item: Leftovers
|-heal|p2a: Chesnaught|122\/380|[from] item: Leftovers
|turn|21
|
|move|p1a: Thundurus|Hidden Power|p2a: Chesnaught
|-supereffective|p2a: Chesnaught
|-damage|p2a: Chesnaught|0 fnt
|faint|p2a: Chesnaught
|
|-weather|Sandstorm|[upkeep]
|-damage|p1a: Thundurus|47\/313|[from] sandstorm
|-heal|p1a: Thundurus|66\/313|[from] item: Leftovers
|
|switch|p2a: Excadrill|Excadrill, F|362\/362
|-damage|p2a: Excadrill|317\/362|[from] Spikes
|-damage|p2a: Excadrill|306\/362|[from] Stealth Rock
|turn|22
|
|move|p1a: Thundurus|Taunt|p2a: Excadrill
|-start|p2a: Excadrill|move: Taunt
|move|p2a: Excadrill|Rock Slide|p1a: Thundurus
|-supereffective|p1a: Thundurus
|-damage|p1a: Thundurus|0 fnt
|-damage|p2a: Excadrill|270\/362|[from] item: Life Orb
|faint|p1a: Thundurus
|
|-weather|Sandstorm|[upkeep]
|
|switch|p1a: Landorus-Therian|Landorus-Therian, M|198\/382
|-ability|p1a: Landorus-Therian|Intimidate|[of] p2a: Excadrill
|-unboost|p2a: Excadrill|atk|1
|turn|23
|
|move|p2a: Excadrill|Iron Head|p1a: Landorus-Therian
|-damage|p1a: Landorus-Therian|89\/382
|-damage|p2a: Excadrill|234\/362|[from] item: Life Orb
|move|p1a: Landorus-Therian|Earthquake|p2a: Excadrill
|-supereffective|p2a: Excadrill
|-damage|p2a: Excadrill|0 fnt
|faint|p2a: Excadrill
|
|-weather|Sandstorm|[upkeep]
|-heal|p1a: Landorus-Therian|112\/382|[from] item: Leftovers
|
|switch|p2a: Keldeo|Keldeo|323\/323
|-damage|p2a: Keldeo|303\/323|[from] Stealth Rock
|-damage|p2a: Keldeo|263\/323|[from] Spikes
|turn|24
|
|move|p2a: Keldeo|Scald|p1a: Landorus-Therian
|-supereffective|p1a: Landorus-Therian
|-damage|p1a: Landorus-Therian|0 fnt
|faint|p1a: Landorus-Therian
|
|-weather|Sandstorm|[upkeep]
|-damage|p2a: Keldeo|243\/323|[from] sandstorm
|
|switch|p1a: Rotom-Wash|Rotom-Wash|86\/268
|turn|25
|
|switch|p2a: Tyranitar|Tyranitar, F|117\/404
|-damage|p2a: Tyranitar|67\/404|[from] Stealth Rock
|-damage|p2a: Tyranitar|17\/404|[from] Spikes
|move|p1a: Rotom-Wash|Volt Switch|p2a: Tyranitar
|-damage|p2a: Tyranitar|0 fnt
|faint|p2a: Tyranitar
|
|switch|p1a: Bisharp|Bisharp, F|272\/272
|
|-weather|none
|
|switch|p2a: Keldeo|Keldeo|243\/323
|-damage|p2a: Keldeo|203\/323|[from] Spikes
|-damage|p2a: Keldeo|183\/323|[from] Stealth Rock
|turn|26
|
|move|p2a: Keldeo|Secret Sword|p1a: Bisharp
|-supereffective|p1a: Bisharp
|-damage|p1a: Bisharp|0 fnt
|faint|p1a: Bisharp
|
|
|switch|p1a: Rotom-Wash|Rotom-Wash|86\/268
|turn|27
|
|move|p1a: Rotom-Wash|Hydro Pump|p2a: Keldeo
|-resisted|p2a: Keldeo
|-damage|p2a: Keldeo|93\/323
|move|p2a: Keldeo|Secret Sword|p1a: Rotom-Wash
|-damage|p1a: Rotom-Wash|0 fnt
|faint|p1a: Rotom-Wash
|
|win|Rhayader
|raw|Ladder updating...
|raw|hayden san's rating: 1162 &rarr; <strong>1134<\/strong><br \/>(-28 for losing)
|raw|Rhayader's rating: 1123 &rarr; <strong>1151<\/strong><br \/>(+28 for winning)
|c|âRhayader|gg
|c|âhayden san|gg
|leave|hayden san
|player|p1