|join|Rhayader
|join|Pete Zahut
|player|p1|Rhayader|#showtan
|player|p2|Pete Zahut|216
|gametype|singles
|gen|6
|tier|ORAS OU
|rated
|rule|Sleep Clause Mod: Limit one foe put to sleep
|rule|Species Clause: Limit one of each PokÃ©mon
|rule|OHKO Clause: OHKO moves are banned
|rule|Moody Clause: Moody is banned
|rule|Evasion Moves Clause: Evasion moves are banned
|rule|Endless Battle Clause: Forcing endless battles is banned
|rule|HP Percentage Mod: HP is shown in percentages
|clearpoke
|poke|p1|Trevenant, M
|poke|p1|Bisharp, M
|poke|p1|Smeargle, M
|poke|p1|Whimsicott, M
|poke|p1|Zoroark, F
|poke|p1|Pawniard, M
|poke|p2|Thundurus, M
|poke|p2|Salamence, M
|poke|p2|Landorus-Therian, M
|poke|p2|Rotom-Wash
|poke|p2|Kyurem-Black
|poke|p2|Garchomp, M
|rule|Swagger Clause: Swagger is banned
|rule|Baton Pass Clause: Limit one PokÃ©mon knowing Baton Pass
|teampreview
|join|FedoraCladWarrior
|join|Zaius
|join|Jumpin' Jax
|join|SmogonLiveStream
|join|I AM MORSHU
|join|italianspy
|join|lolsidkwhatimdoing
|join|Rausmane
|join|nullpointer
|join|MystCrow
|c| nullpointer|EXPAND
|c| nullpointer|DONG
|join|Akiii
|join|Zucchini
|join|OU: The OU
|join|Captain Politoad
|c| FedoraCladWarrior|OU: The Team: The Movie: The Metagame: The Experience 2: Electric Boogaloo
|join|Mmmmmmmmmmmmmmmmm
|join|5cat
|join|Anatotitan
|c| lolsidkwhatimdoing|dat triple drag
|join|ayy avocado
|c| Rausmane|2 GENIES, 3 DRAGONS & SMOGONWASH
|c| lolsidkwhatimdoing|literal atism
|
|start
|switch|p1a: le money dog|Smeargle, M|314\/314
|switch|p2a: Kyurem-Black|Kyurem-Black|391\/391
|-ability|p2a: Kyurem-Black|Teravolt
|turn|1
|c| FedoraCladWarrior|Guest Appearance from Mega Mence
|join|Scotteh
|c| SmogonLiveStream|I approve of this team. Thank you for using approved sets, Pete Zahut
|c| MystCrow|Welcome to OU
|join|GGGGGGGGWGRSEVFD
|
|move|p2a: Kyurem-Black|Ice Beam|p1a: le money dog
|-damage|p1a: le money dog|14\/314
|-status|p1a: le money dog|frz
|-curestatus|p1a: le money dog|frz
|move|p1a: le money dog|Spore|p2a: Kyurem-Black
|-status|p2a: Kyurem-Black|slp
|
|turn|2
|leave|Scotteh
|c| 5cat|>
|c| nullpointer|AHAHAHAHA
|c|âRhayader|>not sash
|c| lolsidkwhatimdoing|>
|c| I AM MORSHU|KEL
|join|dyxia
|c| FedoraCladWarrior|>not 1hko smeargle
|c| I AM MORSHU|KEK*
|c|âRhayader|weak as fug
|c| GGGGGGGGWGRSEVFD|hahahahaha
|c| FedoraCladWarrior|>>>>>>>
|c| nullpointer|10% -> 25%
|c| MystCrow|Kek and lel
|join|ArdRi
|c|âRhayader|muh 700 bst
|c| nullpointer|Total of 2.5% happenig chance
|c| FedoraCladWarrior|there is a reason why nobody uses shitdragon-black
|c| nullpointer|REVEAL WIN
|join|soozamagooz
|c| Captain Politoad|FUCKING MONKEY DOG
|c| nullpointer|FUCKING SMEAGOL
|c| lolsidkwhatimdoing|>not using av shitdragon black
|c| lolsidkwhatimdoing|pls
|
|switch|p2a: Garchomp|Garchomp, M|358\/358
|move|p1a: le money dog|Stealth Rock|p2a: Garchomp
|-sidestart|p2: Pete Zahut|move: Stealth Rock
|
|turn|3
|
|move|p2a: Garchomp|Swords Dance|p2a: Garchomp
|-boost|p2a: Garchomp|atk|2
|move|p1a: le money dog|Sticky Web|p2a: Garchomp
|-sidestart|p2: Pete Zahut|move: Sticky Web
|
|turn|4
|c| nullpointer|ROCKS
|c| OU: The OU|bebbls
|c| soozamagooz|cocks deployed
|c| nullpointer|oh shit
|c| OU: The OU|cocks
|
|move|p2a: Garchomp|Earthquake|p1a: le money dog
|-damage|p1a: le money dog|0 fnt
|faint|p1a: le money dog
|
|c| nullpointer|CLENCH
|c| lolsidkwhatimdoing|tfw chimp gets swept now
|c| FedoraCladWarrior|shitdrag is actually OK in stabmons because muh icicle crash
|c| nullpointer|UR
|c| nullpointer|ANUS
|join|RyoumaKabuto
|c| nullpointer|except for luse
|c| nullpointer|luse has chance
|join|beedrillin
|c| MystCrow|le invisible sediment
|c| FedoraCladWarrior|tfw when chimp gets swept by OU: The Team
|join|May isn't real ;_;
|c| soozamagooz|3 dragons, 2 genies, 1 washing machine
|c| nullpointer|>tfw when
|
|switch|p1a: ROOTS BLOODY ROOTS|Trevenant, M|374\/374
|turn|5
|c| nullpointer|>that feel when when
|c| nullpointer|>literally that feel when when
|c| FedoraCladWarrior|shit
|
|move|p1a: ROOTS BLOODY ROOTS|Protect|p1a: ROOTS BLOODY ROOTS
|-singleturn|p1a: ROOTS BLOODY ROOTS|Protect
|move|p2a: Garchomp|Outrage|p1a: ROOTS BLOODY ROOTS
|-activate|p1a: ROOTS BLOODY ROOTS|Protect
|
|turn|6
|join|ryagain
|c|âRhayader|yes
|
|switch|p1a: time for memes|Whimsicott, M|261\/261
|move|p2a: Garchomp|Earthquake|p1a: time for memes
|-resisted|p1a: time for memes
|-damage|p1a: time for memes|66\/261
|
|-heal|p1a: time for memes|82\/261|[from] item: Leftovers
|turn|7
|c| Anatotitan|>in this ITT: you got le ebin trolled :^D
|c|âRhayader|wait
|c| nullpointer|What are you doing
|c| Zucchini|???
|c| MystCrow|champ
|c|âRhayader|what
|c| nullpointer|EQ doesn't lock in
|c| FedoraCladWarrior|reveal gay marriage
|c| lolsidkwhatimdoing|>thinking outrage into protect locks in
|c|âRhayader|oh i forgot about outrage+protect
|join|fifty bucks
|
|move|p1a: time for memes|Memento|p2a: Garchomp
|-unboost|p2a: Garchomp|atk|2
|-unboost|p2a: Garchomp|spa|2
|faint|p1a: time for memes
|move|p2a: Garchomp|Earthquake|p1: time for memes|[notarget]
|-notarget
|
|c| nullpointer|*Outrage doesn't lock in when protect
|c| nullpointer|AAAHAAHAHAHAHHA
|c| Rausmane|ME ME
|c| Zucchini|meme'd
|c| soozamagooz|MEME'D
|c| OU: The OU|THE MEMES JACK
|c| MystCrow|MEMED
|
|switch|p1a: ROOTS BLOODY ROOTS|Trevenant, M|261\/261
|turn|8
|c| Jumpin' Jax|sub
|c| MystCrow|WE WIN HA
|c| soozamagooz|dankest may may
|c| FedoraCladWarrior|use forest curse
|
|switch|p2a: Rotom-Wash|Rotom-Wash|304\/304
|-damage|p2a: Rotom-Wash|266\/304|[from] Stealth Rock
|move|p1a: ROOTS BLOODY ROOTS|Attract|p2a: Rotom-Wash
|-fail|p2a: Rotom-Wash
|
|-heal|p2a: Rotom-Wash|285\/304|[from] item: Leftovers
|turn|9
|c| Captain Politoad|ROOTS THERE IT IS!
|c|âRhayader|stupid sexy tree
|c| Captain Politoad|ROOTS THERE IT IS!
|c| nullpointer|not gay
|c| soozamagooz|dinkled the attract
|c| FedoraCladWarrior|smogonwash
|
|move|p1a: ROOTS BLOODY ROOTS|Nasty Plot|p1a: ROOTS BLOODY ROOTS
|-boost|p1a: ROOTS BLOODY ROOTS|spa|2
|move|p2a: Rotom-Wash|Will-O-Wisp|p1a: ROOTS BLOODY ROOTS
|-status|p1a: ROOTS BLOODY ROOTS|brn
|
|-heal|p2a: Rotom-Wash|304\/304|[from] item: Leftovers
|-damage|p1a: ROOTS BLOODY ROOTS|229\/261 brn|[from] brn
|turn|10
|join|FeminineMawileDick
|c| Zucchini|special tree new meta
|
|switch|p2a: Kyurem-Black|Kyurem-Black|391\/391 slp
|-damage|p2a: Kyurem-Black|294\/391 slp|[from] Stealth Rock
|-activate|p2a: Kyurem-Black|move: Sticky Web
|-unboost|p2a: Kyurem-Black|spe|1
|-ability|p2a: Kyurem-Black|Teravolt
|move|p1a: ROOTS BLOODY ROOTS|Dark Pulse|p2a: Kyurem-Black
|-damage|p2a: Kyurem-Black|0 fnt
|faint|p2a: Kyurem-Black
|
|-damage|p1a: ROOTS BLOODY ROOTS|197\/261 brn|[from] brn
|c| soozamagooz|>thinking it's physical
|c| nullpointer|#pulsed
|c| Mmmmmmmmmmmmmmmmm|Dank
|c| MystCrow|Genderless people are kiling this country. I jsut want to fag but nooo genderless people don't like that
|
|switch|p2a: Thundurus|Thundurus, M|299\/299
|-damage|p2a: Thundurus|225\/299|[from] Stealth Rock
|turn|11
|c| nullpointer|reveal twave
|
|move|p2a: Thundurus|Thunderbolt|p1a: ROOTS BLOODY ROOTS
|replace|p1a: F.emmmmale only|Zoroark, F|197\/261 brn
|-damage|p1a: F.emmmmale only|0 fnt
|-damage|p2a: Thundurus|196\/299|[from] item: Life Orb
|faint|p1a: F.emmmmale only
|
|c| FeminineMawileDick|>using dark instead of ghost for special spooky tree
|c| nullpointer|rekt status: kekd
|c| Zucchini|ruse ogre
|c| GGGGGGGGWGRSEVFD|ahahahahahahahaha
|c| MystCrow|>that nickname
|
|switch|p1a: coldsteel|Bisharp, M|271\/271
|turn|12
|c| FedoraCladWarrior|just control w
|c| MystCrow|>not Dio
|c| Rausmane|Because that is not DIO
|c| Captain Politoad|.........kid
|
|move|p2a: Thundurus|Focus Blast|p1a: coldsteel|[miss]
|-miss|p2a: Thundurus|p1a: coldsteel
|move|p1a: coldsteel|Knock Off|p2a: Thundurus
|-damage|p2a: Thundurus|0 fnt
|-enditem|p2a: Thundurus|Life Orb|[from] move: Knock Off|[of] p1a: coldsteel
|faint|p2a: Thundurus
|
|c| nullpointer|KONO DIO DA
|c| MystCrow|It was not he.... Dio
|c| FedoraCladWarrior|>rekt
|c| nullpointer|kekd
|c| soozamagooz|fuggin blasted
|
|switch|p2a: Garchomp|Garchomp, M|358\/358
|-damage|p2a: Garchomp|336\/358|[from] Stealth Rock
|-activate|p2a: Garchomp|move: Sticky Web
|-unboost|p2a: Garchomp|spe|1
|turn|13
|c| FedoraCladWarrior|outrage inc
|c| I AM MORSHU|he dances imo
|c|âRhayader|web mattered
|
|move|p1a: coldsteel|Knock Off|p2a: Garchomp
|-damage|p2a: Garchomp|72\/358
|-damage|p1a: coldsteel|238\/271|[from] ability: Rough Skin|[of] p2a: Garchomp
|-enditem|p2a: Garchomp|Focus Sash|[from] move: Knock Off|[of] p1a: coldsteel
|move|p2a: Garchomp|Swords Dance|p2a: Garchomp
|-boost|p2a: Garchomp|atk|2
|
|turn|14
|c| Zucchini|nice sash
|c| nullpointer|YES YOU DUMB FUCK
|c| MystCrow|>sash
|
|move|p1a: coldsteel|Knock Off|p2a: Garchomp
|-damage|p2a: Garchomp|0 fnt
|-damage|p1a: coldsteel|205\/271|[from] ability: Rough Skin|[of] p2a: Garchomp
|faint|p2a: Garchomp
|
|c| FedoraCladWarrior|>because he doesnt get outsped
|c| Mmmmmmmmmmmmmmmmm|>sash chomp
|c| RyoumaKabuto|kek
|
|switch|p2a: Rotom-Wash|Rotom-Wash|304\/304
|-damage|p2a: Rotom-Wash|266\/304|[from] Stealth Rock
|turn|15
|c| nullpointer|inc wispy willows
|c| MystCrow|pshh, nothing personnel
|c| RyoumaKabuto|KNOCK OFF
|
|switch|p1a: ROOTS BLOODY ROOTS|Trevenant, M|374\/374
|move|p2a: Rotom-Wash|Will-O-Wisp|p1a: ROOTS BLOODY ROOTS
|-status|p1a: ROOTS BLOODY ROOTS|brn
|
|-heal|p2a: Rotom-Wash|285\/304|[from] item: Leftovers
|-damage|p1a: ROOTS BLOODY ROOTS|328\/374 brn|[from] brn
|turn|16
|c| RyoumaKabuto|BEST MOVE
|join|3-Cheese Pizzans
|join|Metan
|c| dyxia|sac kid
|c| soozamagooz|cock it
|c| dyxia|champ
|c| nullpointer|>not sacking kid
|c|âRhayader|kid is good
|c| Zucchini|volt turn
|c| nullpointer|YOU ARE UNWORTHY OF THE STEEL SAMURAI
|join|CoffSirrup
|
|move|p2a: Rotom-Wash|Volt Switch|p1a: ROOTS BLOODY ROOTS
|-crit|p1a: ROOTS BLOODY ROOTS
|-resisted|p1a: ROOTS BLOODY ROOTS
|-damage|p1a: ROOTS BLOODY ROOTS|250\/374 brn
|c| RyoumaKabuto|curses imo 
|
|switch|p2a: Landorus-Therian|Landorus-Therian, M|341\/341
|-damage|p2a: Landorus-Therian|299\/341|[from] Stealth Rock
|-ability|p2a: Landorus-Therian|Intimidate|[of] p1a: ROOTS BLOODY ROOTS
|-unboost|p1a: ROOTS BLOODY ROOTS|atk|1
|move|p1a: ROOTS BLOODY ROOTS|Leech Seed|p2a: Landorus-Therian
|-start|p2a: Landorus-Therian|move: Leech Seed
|
|-damage|p2a: Landorus-Therian|257\/341|[from] Leech Seed|[of] p1a: ROOTS BLOODY ROOTS
|-heal|p1a: ROOTS BLOODY ROOTS|292\/374 brn|[silent]
|-damage|p1a: ROOTS BLOODY ROOTS|246\/374 brn|[from] brn
|turn|17
|c| OU: The OU|>crit
|c| MystCrow|Nice clit
|join|Kokan&Lyl
|c| Zucchini|u turn in
|c| Zucchini|c
|c| nullpointer|muhturn
|c| MystCrow|Does mentum work if it hits a sub?
|
|move|p1a: ROOTS BLOODY ROOTS|Protect|p1a: ROOTS BLOODY ROOTS
|-singleturn|p1a: ROOTS BLOODY ROOTS|Protect
|move|p2a: Landorus-Therian|U-turn|p1a: ROOTS BLOODY ROOTS
|-activate|p1a: ROOTS BLOODY ROOTS|Protect
|
|-damage|p2a: Landorus-Therian|215\/341|[from] Leech Seed|[of] p1a: ROOTS BLOODY ROOTS
|-heal|p1a: ROOTS BLOODY ROOTS|288\/374 brn|[silent]
|-damage|p1a: ROOTS BLOODY ROOTS|242\/374 brn|[from] brn
|turn|18
|c| nullpointer|yes
|c|âRhayader|yes
|c| OU: The OU|y
|c| Rausmane|muh turn
|
|move|p2a: Landorus-Therian|U-turn|p1a: ROOTS BLOODY ROOTS
|-damage|p1a: ROOTS BLOODY ROOTS|161\/374 brn
|join|Racist Mushroom
|join|asdsadasd
|
|switch|p2a: Rotom-Wash|Rotom-Wash|285\/304
|-damage|p2a: Rotom-Wash|247\/304|[from] Stealth Rock
|-enditem|p1a: ROOTS BLOODY ROOTS|Sitrus Berry|[eat]
|-heal|p1a: ROOTS BLOODY ROOTS|254\/374 brn|[from] item: Sitrus Berry
|move|p1a: ROOTS BLOODY ROOTS|Leech Seed|p2a: Rotom-Wash
|-start|p2a: Rotom-Wash|move: Leech Seed
|
|-heal|p2a: Rotom-Wash|266\/304|[from] item: Leftovers
|-damage|p2a: Rotom-Wash|228\/304|[from] Leech Seed|[of] p1a: ROOTS BLOODY ROOTS
|-heal|p1a: ROOTS BLOODY ROOTS|292\/374 brn|[silent]
|-damage|p1a: ROOTS BLOODY ROOTS|246\/374 brn|[from] brn
|-item|p1a: ROOTS BLOODY ROOTS|Sitrus Berry|[from] ability: Harvest
|turn|19
|join|facelessmook
|c| Metan|le ech seed face
|c| Zucchini|don't curse imho
|c| nullpointer|wash me scrotoms
|c| Metan|yes goyim
|c| RyoumaKabuto|gotta muhmentum fast
|c| nullpointer|more mehmentum
|c| Metan|keep spamming muhmentum
|c| 3-Cheese Pizzans|turnin all the time
|
|switch|p2a: Salamence|Salamence, M|351\/351
|-damage|p2a: Salamence|264\/351|[from] Stealth Rock
|-ability|p2a: Salamence|Intimidate|[of] p1a: ROOTS BLOODY ROOTS
|-unboost|p1a: ROOTS BLOODY ROOTS|atk|1
|move|p1a: ROOTS BLOODY ROOTS|Protect|p1a: ROOTS BLOODY ROOTS
|-fail|p1a: ROOTS BLOODY ROOTS
|
|-damage|p1a: ROOTS BLOODY ROOTS|200\/374 brn|[from] brn
|turn|20
|c| Metan|you err
|c| OU: The OU|rip attack stat
|c| RyoumaKabuto|cursed
|c| nullpointer|oh shit
|c| 3-Cheese Pizzans|wisp time
|c| asdsadasd|ogre
|c| Zucchini|gore
|
|detailschange|p2a: Salamence|Salamence-Mega, M
|message|Salamence has Mega Evolved into Mega Salamence!
|move|p2a: Salamence|Return|p1a: ROOTS BLOODY ROOTS
|-supereffective|p1a: ROOTS BLOODY ROOTS
|-damage|p1a: ROOTS BLOODY ROOTS|0 fnt
|faint|p1a: ROOTS BLOODY ROOTS
|
|c| Kokan&Lyl|ebin spaceballs reference :^)
|c| nullpointer|**oh shit**
|
|switch|p1a: coldsteel|Bisharp, M|205\/271
|turn|21
|c| fifty bucks|Ban to ubers pls
|
|move|p1a: coldsteel|Sucker Punch|p2a: Salamence
|-damage|p2a: Salamence|84\/351
|move|p2a: Salamence|Earthquake|p1a: coldsteel
|-crit|p1a: coldsteel
|-supereffective|p1a: coldsteel
|-damage|p1a: coldsteel|0 fnt
|faint|p1a: coldsteel
|
|join|comrade shrek
|c| nullpointer|>52%
|c| SmogonLiveStream|reveal fairy sucker puch
|c| nullpointer|HOLY FUCKING BALK
|
|switch|p1a: nothin personnel..|Pawniard, M|232\/232
|turn|22
|c| Kokan&Lyl|ayy
|c| MystCrow|EQ?
|
|move|p1a: nothin personnel..|Sucker Punch|p2a: Salamence
|-damage|p2a: Salamence|0 fnt
|-damage|p1a: nothin personnel..|209\/232|[from] item: Life Orb
|faint|p2a: Salamence
|
|c| soozamagooz|based
|c| MystCrow|kid
|
|switch|p2a: Rotom-Wash|Rotom-Wash|228\/304
|-damage|p2a: Rotom-Wash|190\/304|[from] Stealth Rock
|turn|23
|c| asdsadasd|leled on
|c| Metan|nice one kid
|
|move|p1a: nothin personnel..|Substitute|p1a: nothin personnel..
|-start|p1a: nothin personnel..|Substitute
|-damage|p1a: nothin personnel..|151\/232
|move|p2a: Rotom-Wash|Will-O-Wisp|p1a: nothin personnel..|[miss]
|-miss|p2a: Rotom-Wash|p1a: nothin personnel..
|
|-heal|p2a: Rotom-Wash|209\/304|[from] item: Leftovers
|turn|24
|c| OU: The OU|this was personnel.... kid
|c| Kokan&Lyl|nothin personnnelll.... kid...
|c| Mmmmmmmmmmmmmmmmm|BANE?
|c| Metan|ayy
|c| GGGGGGGGWGRSEVFD|>crit
|c| Zucchini|nice
|c| asdsadasd|REKT
|c| 3-Cheese Pizzans|rekt
|c| FedoraCladWarrior|dinkled
|c| Zucchini|nice
|c| Zucchini|nice
|
|move|p1a: nothin personnel..|Swords Dance|p1a: nothin personnel..
|-boost|p1a: nothin personnel..|atk|2
|move|p2a: Rotom-Wash|Hydro Pump|p1a: nothin personnel..
|-end|p1a: nothin personnel..|Substitute
|
|-heal|p2a: Rotom-Wash|228\/304|[from] item: Leftovers
|turn|25
|c| SmogonLiveStream|put this washer...on the spin cycle
|c| 3-Cheese Pizzans|sub again
|
|move|p1a: nothin personnel..|Substitute|p1a: nothin personnel..
|-start|p1a: nothin personnel..|Substitute
|-damage|p1a: nothin personnel..|93\/232
|move|p2a: Rotom-Wash|Hydro Pump|p1a: nothin personnel..
|-end|p1a: nothin personnel..|Substitute
|
|-heal|p2a: Rotom-Wash|247\/304|[from] item: Leftovers
|turn|26
|c| Metan|fug
|c| nullpointer|>reading chat
|c| nullpointer|stop cheating
|
|move|p1a: nothin personnel..|Sucker Punch|p2a: Rotom-Wash
|-damage|p2a: Rotom-Wash|27\/304
|-damage|p1a: nothin personnel..|70\/232|[from] item: Life Orb
|move|p2a: Rotom-Wash|Hydro Pump|p1a: nothin personnel..
|-damage|p1a: nothin personnel..|0 fnt
|faint|p1a: nothin personnel..
|
|win|Pete Zahut
|raw|Ladder updating...
|c| asdsadasd|>not dinking that
|c| FeminineMawileDick|>hit
|raw|Rhayader's rating: 1374 &rarr; <strong>1353<\/strong><br \/>(-21 for losing)
|raw|Pete Zahut's rating: 1350 &rarr; <strong>1371<\/strong><br \/>(+21 for winning)
|c| 3-Cheese Pizzans|activate the berry
|c| I AM MORSHU|KILL
|c| nullpointer|>73%
|c| OU: The OU|fug
|c| nullpointer|stop cheating
|c| Kokan&Lyl|ayy
|c| FedoraCladWarrior|so close
|leave|asdsadasd
|c| I AM MORSHU|FUCK
|leave|ayy avocado
|leave|beedrillin
|c|âRhayader|so close
|leave|Rausmane
|leave|Pete Zahut
|player|p2
|c| fifty bucks|pls no hacks
|leave|FedoraCladWarrior
|c| Kokan&Lyl|IN THE END