|join|Rhayader
|join|jaywella
|player|p1|Rhayader|294
|player|p2|jaywella|214
|gametype|singles
|gen|6
|tier|ORAS OU
|rated
|rule|Sleep Clause Mod: Limit one foe put to sleep
|rule|Species Clause: Limit one of each PokÃ©mon
|rule|OHKO Clause: OHKO moves are banned
|rule|Moody Clause: Moody is banned
|rule|Evasion Moves Clause: Evasion moves are banned
|rule|Endless Battle Clause: Forcing endless battles is banned
|rule|HP Percentage Mod: HP is shown in percentages
|clearpoke
|poke|p1|Raikou
|poke|p1|Gallade, M
|poke|p1|Clefable, M
|poke|p1|Gliscor, M
|poke|p1|Slowbro, M
|poke|p1|Scizor, M
|poke|p2|Diancie
|poke|p2|Zapdos
|poke|p2|Latias, F
|poke|p2|Terrakion
|poke|p2|Ferrothorn, F
|poke|p2|Gyarados, M
|rule|Swagger Clause: Swagger is banned
|rule|Baton Pass Clause: Limit one PokÃ©mon knowing Baton Pass
|teampreview
|
|start
|switch|p1a: Raikou|Raikou|322\/322
|switch|p2a: Diancie|Diancie|241\/241
|-ability|p1a: Raikou|Pressure
|turn|1
|join|GlaceonsAnalSex
|
|detailschange|p2a: Diancie|Diancie-Mega
|message|Diancie has Mega Evolved into Mega Diancie!
|move|p1a: Raikou|Volt Switch|p2a: Diancie
|-damage|p2a: Diancie|90\/241
|
|switch|p1a: Gliscor|Gliscor, M|354\/354
|move|p2a: Diancie|Diamond Storm|p1a: Gliscor
|-damage|p1a: Gliscor|210\/354
|-boost|p2a: Diancie|def|1
|
|-status|p1a: Gliscor|tox|[from] item: Toxic Orb
|turn|2
|join|leddit
|join|x420xnoscopex
|
|move|p2a: Diancie|Moonblast|p1a: Gliscor
|-damage|p1a: Gliscor|14\/354 tox
|move|p1a: Gliscor|Stealth Rock|p2a: Diancie
|move|p2a: Diancie|Stealth Rock|p1a: Gliscor|[from]Magic Bounce
|-sidestart|p1: Rhayader|move: Stealth Rock
|
|-heal|p1a: Gliscor|58\/354 tox|[from] ability: Poison Heal
|turn|3
|c|âjaywella|:)
|c|âRhayader|oh yeah
|join|Baa Â´â¡`
|c|âRhayader|magic bounce
|
|switch|p1a: Scizor|Scizor, M|344\/344
|-damage|p1a: Scizor|301\/344|[from] Stealth Rock
|move|p2a: Diancie|Diamond Storm|p1a: Scizor
|-damage|p1a: Scizor|138\/344
|
|turn|4
|c| x420xnoscopex|>more than one mon
|c| x420xnoscopex|pleb
|c|âRhayader|ebin
|
|switch|p2a: Ferrothorn|Ferrothorn, F|352\/352
|move|p1a: Scizor|U-turn|p2a: Ferrothorn
|-damage|p2a: Ferrothorn|232\/352
|-damage|p1a: Scizor|95\/344|[from] ability: Iron Barbs|[of] p2a: Ferrothorn
|
|switch|p1a: Gallade|Gallade, M|277\/277
|-damage|p1a: Gallade|260\/277|[from] Stealth Rock
|
|-heal|p2a: Ferrothorn|254\/352|[from] item: Leftovers
|turn|5
|
|switch|p2a: Gyarados|Gyarados, M|332\/332
|-ability|p2a: Gyarados|Intimidate|[of] p1a: Gallade
|-unboost|p1a: Gallade|atk|1
|detailschange|p1a: Gallade|Gallade-Mega, M
|message|Gallade has Mega Evolved into Mega Gallade!
|move|p1a: Gallade|Substitute|p1a: Gallade
|-start|p1a: Gallade|Substitute
|-damage|p1a: Gallade|191\/277
|
|turn|6
|
|move|p1a: Gallade|Skill Swap|p2a: Gyarados
|-ability|p1a: Gallade|Intimidate|[of] p2a: Gyarados
|-unboost|p2a: Gyarados|atk|1
|-activate|p1a: Gallade|move: Skill Swap|Intimidate|Inner Focus|[of] p2a: Gyarados
|move|p2a: Gyarados|Waterfall|p1a: Gallade
|-end|p1a: Gallade|Substitute
|
|turn|7
|c|âjaywella|wot
|c|âRhayader|ebin
|
|move|p1a: Gallade|Knock Off|p2a: Gyarados
|-damage|p2a: Gyarados|213\/332
|-enditem|p2a: Gyarados|Lum Berry|[from] move: Knock Off|[of] p1a: Gallade
|move|p2a: Gyarados|Dragon Dance|p2a: Gyarados
|-boost|p2a: Gyarados|atk|1
|-boost|p2a: Gyarados|spe|1
|
|turn|8
|
|switch|p1a: Raikou|Raikou|322\/322
|-damage|p1a: Raikou|282\/322|[from] Stealth Rock
|-ability|p1a: Raikou|Pressure
|move|p2a: Gyarados|Bounce|p1a: Raikou|[still]
|-prepare|p2a: Gyarados|Bounce|p1a: Raikou
|
|turn|9
|
|move|p2a: Gyarados|Bounce|p1a: Raikou
|-resisted|p1a: Raikou
|-damage|p1a: Raikou|188\/322
|move|p1a: Raikou|Volt Switch|p2a: Gyarados
|-supereffective|p2a: Gyarados
|-damage|p2a: Gyarados|0 fnt
|faint|p2a: Gyarados
|
|switch|p1a: Gallade|Gallade-Mega, M|191\/277
|-damage|p1a: Gallade|174\/277|[from] Stealth Rock
|
|
|switch|p2a: Zapdos|Zapdos|384\/384
|-ability|p2a: Zapdos|Pressure
|turn|10
|
|move|p1a: Gallade|Knock Off|p2a: Zapdos
|-damage|p2a: Zapdos|223\/384
|-enditem|p2a: Zapdos|Leftovers|[from] move: Knock Off|[of] p1a: Gallade
|move|p2a: Zapdos|Thunderbolt|p1a: Gallade
|-damage|p1a: Gallade|20\/277
|
|turn|11
|
|switch|p1a: Gliscor|Gliscor, M|58\/354 tox
|-damage|p1a: Gliscor|14\/354 tox|[from] Stealth Rock
|move|p2a: Zapdos|Roost|p2a: Zapdos
|-heal|p2a: Zapdos|384\/384
|
|-heal|p1a: Gliscor|58\/354 tox|[from] ability: Poison Heal
|turn|12
|
|move|p1a: Gliscor|Roost|p1a: Gliscor
|-heal|p1a: Gliscor|235\/354 tox
|move|p2a: Zapdos|Hidden Power|p1a: Gliscor
|-supereffective|p1a: Gliscor
|-damage|p1a: Gliscor|101\/354 tox
|
|-heal|p1a: Gliscor|145\/354 tox|[from] ability: Poison Heal
|turn|13
|leave|Baa Â´â¡`
|
|move|p1a: Gliscor|Roost|p1a: Gliscor
|-heal|p1a: Gliscor|322\/354 tox
|move|p2a: Zapdos|Hidden Power|p1a: Gliscor
|-supereffective|p1a: Gliscor
|-damage|p1a: Gliscor|168\/354 tox
|
|-heal|p1a: Gliscor|212\/354 tox|[from] ability: Poison Heal
|turn|14
|
|switch|p1a: Clefable|Clefable, M|394\/394
|move|p2a: Zapdos|Hidden Power|p1a: Clefable
|-damage|p1a: Clefable|308\/394
|
|-heal|p1a: Clefable|332\/394|[from] item: Leftovers
|turn|15
|
|switch|p2a: Ferrothorn|Ferrothorn, F|254\/352
|move|p1a: Clefable|Wish|p1a: Clefable
|
|-heal|p1a: Clefable|356\/394|[from] item: Leftovers
|-heal|p2a: Ferrothorn|276\/352|[from] item: Leftovers
|turn|16
|
|switch|p1a: Scizor|Scizor, M|95\/344
|-damage|p1a: Scizor|52\/344|[from] Stealth Rock
|move|p2a: Ferrothorn|Leech Seed|p1a: Scizor
|-start|p1a: Scizor|move: Leech Seed
|
|-heal|p1a: Scizor|249\/344|[from] move: Wish|[wisher] Clefable
|-heal|p2a: Ferrothorn|298\/352|[from] item: Leftovers
|-damage|p1a: Scizor|206\/344|[from] Leech Seed|[of] p2a: Ferrothorn
|-heal|p2a: Ferrothorn|341\/352|[silent]
|turn|17
|
|switch|p1a: Clefable|Clefable, M|356\/394
|move|p2a: Ferrothorn|Protect|p2a: Ferrothorn
|-fail|p2a: Ferrothorn
|
|-heal|p1a: Clefable|380\/394|[from] item: Leftovers
|-heal|p2a: Ferrothorn|352\/352|[from] item: Leftovers
|turn|18
|
|move|p1a: Clefable|Wish|p1a: Clefable
|move|p2a: Ferrothorn|Gyro Ball|p1a: Clefable
|-supereffective|p1a: Clefable
|-damage|p1a: Clefable|186\/394
|
|-heal|p1a: Clefable|210\/394|[from] item: Leftovers
|turn|19
|
|move|p1a: Clefable|Moonblast|p2a: Ferrothorn
|-resisted|p2a: Ferrothorn
|-damage|p2a: Ferrothorn|302\/352
|move|p2a: Ferrothorn|Gyro Ball|p1a: Clefable
|-supereffective|p1a: Clefable
|-damage|p1a: Clefable|28\/394
|
|-heal|p1a: Clefable|225\/394|[from] move: Wish|[wisher] Clefable
|-heal|p1a: Clefable|249\/394|[from] item: Leftovers
|-heal|p2a: Ferrothorn|324\/352|[from] item: Leftovers
|turn|20
|
|move|p1a: Clefable|Protect|p1a: Clefable
|-singleturn|p1a: Clefable|Protect
|move|p2a: Ferrothorn|Gyro Ball|p1a: Clefable
|-activate|p1a: Clefable|Protect
|
|-heal|p1a: Clefable|273\/394|[from] item: Leftovers
|-heal|p2a: Ferrothorn|346\/352|[from] item: Leftovers
|turn|21
|
|move|p1a: Clefable|Wish|p1a: Clefable
|move|p2a: Ferrothorn|Gyro Ball|p1a: Clefable
|-supereffective|p1a: Clefable
|-damage|p1a: Clefable|91\/394
|
|-heal|p1a: Clefable|115\/394|[from] item: Leftovers
|-heal|p2a: Ferrothorn|352\/352|[from] item: Leftovers
|turn|22
|
|move|p1a: Clefable|Protect|p1a: Clefable
|-singleturn|p1a: Clefable|Protect
|move|p2a: Ferrothorn|Leech Seed|p1a: Clefable
|-activate|p1a: Clefable|Protect
|
|-heal|p1a: Clefable|312\/394|[from] move: Wish|[wisher] Clefable
|-heal|p1a: Clefable|336\/394|[from] item: Leftovers
|turn|23
|
|move|p1a: Clefable|Wish|p1a: Clefable
|move|p2a: Ferrothorn|Gyro Ball|p1a: Clefable
|-supereffective|p1a: Clefable
|-damage|p1a: Clefable|132\/394
|
|-heal|p1a: Clefable|156\/394|[from] item: Leftovers
|turn|24
|
|move|p1a: Clefable|Protect|p1a: Clefable
|-singleturn|p1a: Clefable|Protect
|move|p2a: Ferrothorn|Gyro Ball|p1a: Clefable
|-activate|p1a: Clefable|Protect
|
|-heal|p1a: Clefable|353\/394|[from] move: Wish|[wisher] Clefable
|-heal|p1a: Clefable|377\/394|[from] item: Leftovers
|turn|25
|
|move|p1a: Clefable|Wish|p1a: Clefable
|move|p2a: Ferrothorn|Gyro Ball|p1a: Clefable
|-supereffective|p1a: Clefable
|-damage|p1a: Clefable|185\/394
|
|-heal|p1a: Clefable|209\/394|[from] item: Leftovers
|turn|26
|
|switch|p2a: Diancie|Diancie-Mega|90\/241
|move|p1a: Clefable|Protect|p1a: Clefable
|-fail|p1a: Clefable
|
|-heal|p1a: Clefable|394\/394|[from] move: Wish|[wisher] Clefable
|turn|27
|
|move|p2a: Diancie|Moonblast|p1a: Clefable
|-damage|p1a: Clefable|154\/394
|move|p1a: Clefable|Moonblast|p2a: Diancie
|-damage|p2a: Diancie|0 fnt
|faint|p2a: Diancie
|
|-heal|p1a: Clefable|178\/394|[from] item: Leftovers
|
|switch|p2a: Ferrothorn|Ferrothorn, F|352\/352
|turn|28
|
|move|p1a: Clefable|Protect|p1a: Clefable
|-singleturn|p1a: Clefable|Protect
|move|p2a: Ferrothorn|Gyro Ball|p1a: Clefable
|-activate|p1a: Clefable|Protect
|
|-heal|p1a: Clefable|202\/394|[from] item: Leftovers
|turn|29
|c|âRhayader|rip gyro
|c|âjaywella|fuck
|
|switch|p2a: Zapdos|Zapdos|384\/384
|-ability|p2a: Zapdos|Pressure
|move|p1a: Clefable|Wish|p1a: Clefable
|
|-heal|p1a: Clefable|226\/394|[from] item: Leftovers
|turn|30
|
|switch|p1a: Scizor|Scizor, M|206\/344
|-damage|p1a: Scizor|163\/344|[from] Stealth Rock
|move|p2a: Zapdos|Thunderbolt|p1a: Scizor
|-damage|p1a: Scizor|0 fnt
|faint|p1a: Scizor
|
|
|switch|p1a: Raikou|Raikou|188\/322
|-damage|p1a: Raikou|148\/322|[from] Stealth Rock
|-ability|p1a: Raikou|Pressure
|turn|31
|
|move|p1a: Raikou|Volt Switch|p2a: Zapdos
|-damage|p2a: Zapdos|203\/384
|
|switch|p1a: Gliscor|Gliscor, M|212\/354 tox
|-damage|p1a: Gliscor|168\/354 tox|[from] Stealth Rock
|move|p2a: Zapdos|Roost|p2a: Zapdos
|-heal|p2a: Zapdos|384\/384
|
|-heal|p1a: Gliscor|212\/354 tox|[from] ability: Poison Heal
|turn|32
|
|move|p1a: Gliscor|Roost|p1a: Gliscor
|-heal|p1a: Gliscor|354\/354 tox
|move|p2a: Zapdos|Hidden Power|p1a: Gliscor
|-supereffective|p1a: Gliscor
|-damage|p1a: Gliscor|206\/354 tox
|
|-heal|p1a: Gliscor|250\/354 tox|[from] ability: Poison Heal
|turn|33
|
|switch|p1a: Clefable|Clefable, M|226\/394
|move|p2a: Zapdos|Hidden Power|p1a: Clefable
|-damage|p1a: Clefable|136\/394
|
|-heal|p1a: Clefable|160\/394|[from] item: Leftovers
|turn|34
|
|move|p1a: Clefable|Protect|p1a: Clefable
|-singleturn|p1a: Clefable|Protect
|move|p2a: Zapdos|Thunderbolt|p1a: Clefable
|-activate|p1a: Clefable|Protect
|
|-heal|p1a: Clefable|184\/394|[from] item: Leftovers
|turn|35
|
|move|p2a: Zapdos|Hidden Power|p1a: Clefable
|-damage|p1a: Clefable|95\/394
|move|p1a: Clefable|Wish|p1a: Clefable
|
|-heal|p1a: Clefable|119\/394|[from] item: Leftovers
|turn|36
|
|move|p1a: Clefable|Protect|p1a: Clefable
|-singleturn|p1a: Clefable|Protect
|move|p2a: Zapdos|Thunderbolt|p1a: Clefable
|-activate|p1a: Clefable|Protect
|
|-heal|p1a: Clefable|316\/394|[from] move: Wish|[wisher] Clefable
|-heal|p1a: Clefable|340\/394|[from] item: Leftovers
|turn|37
|
|move|p2a: Zapdos|Thunderbolt|p1a: Clefable
|-damage|p1a: Clefable|166\/394
|move|p1a: Clefable|Wish|p1a: Clefable
|
|-heal|p1a: Clefable|190\/394|[from] item: Leftovers
|turn|38
|leave|GlaceonsAnalSex
|
|switch|p1a: Raikou|Raikou|148\/322
|-damage|p1a: Raikou|108\/322|[from] Stealth Rock
|-ability|p1a: Raikou|Pressure
|move|p2a: Zapdos|Thunderbolt|p1a: Raikou
|-resisted|p1a: Raikou
|-damage|p1a: Raikou|24\/322
|
|-heal|p1a: Raikou|221\/322|[from] move: Wish|[wisher] Clefable
|turn|39
|leave|x420xnoscopex
|
|move|p1a: Raikou|Hidden Power|p2a: Zapdos
|-supereffective|p2a: Zapdos
|-damage|p2a: Zapdos|166\/384
|move|p2a: Zapdos|Thunderbolt|p1a: Raikou
|-crit|p1a: Raikou
|-resisted|p1a: Raikou
|-damage|p1a: Raikou|82\/322
|
|turn|40
|
|switch|p2a: Ferrothorn|Ferrothorn, F|352\/352
|move|p1a: Raikou|Hidden Power|p2a: Ferrothorn
|-damage|p2a: Ferrothorn|263\/352
|
|-heal|p2a: Ferrothorn|285\/352|[from] item: Leftovers
|turn|41
|
|switch|p1a: Clefable|Clefable, M|190\/394
|move|p2a: Ferrothorn|Leech Seed|p1a: Clefable
|-start|p1a: Clefable|move: Leech Seed
|
|-heal|p1a: Clefable|214\/394|[from] item: Leftovers
|-heal|p2a: Ferrothorn|307\/352|[from] item: Leftovers
|turn|42
|
|switch|p2a: Zapdos|Zapdos|166\/384
|-ability|p2a: Zapdos|Pressure
|move|p1a: Clefable|Moonblast|p2a: Zapdos
|-damage|p2a: Zapdos|40\/384
|
|-heal|p1a: Clefable|238\/394|[from] item: Leftovers
|turn|43
|
|move|p2a: Zapdos|Roost|p2a: Zapdos
|-heal|p2a: Zapdos|232\/384
|move|p1a: Clefable|Moonblast|p2a: Zapdos
|-damage|p2a: Zapdos|108\/384
|-unboost|p2a: Zapdos|spa|1
|
|-heal|p1a: Clefable|262\/394|[from] item: Leftovers
|turn|44
|
|switch|p2a: Ferrothorn|Ferrothorn, F|307\/352
|move|p1a: Clefable|Moonblast|p2a: Ferrothorn
|-resisted|p2a: Ferrothorn
|-damage|p2a: Ferrothorn|256\/352
|
|-heal|p1a: Clefable|286\/394|[from] item: Leftovers
|-heal|p2a: Ferrothorn|278\/352|[from] item: Leftovers
|turn|45
|
|move|p1a: Clefable|Moonblast|p2a: Ferrothorn
|-resisted|p2a: Ferrothorn
|-damage|p2a: Ferrothorn|230\/352
|-unboost|p2a: Ferrothorn|spa|1
|move|p2a: Ferrothorn|Leech Seed|p1a: Clefable
|-fail|p1a: Clefable
|
|-heal|p1a: Clefable|310\/394|[from] item: Leftovers
|-heal|p2a: Ferrothorn|252\/352|[from] item: Leftovers
|turn|46
|
|move|p2a: Ferrothorn|Protect|p2a: Ferrothorn
|-singleturn|p2a: Ferrothorn|Protect
|move|p1a: Clefable|Wish|p1a: Clefable
|
|-heal|p1a: Clefable|334\/394|[from] item: Leftovers
|-heal|p2a: Ferrothorn|274\/352|[from] item: Leftovers
|turn|47
|
|switch|p1a: Gallade|Gallade-Mega, M|20\/277
|-damage|p1a: Gallade|3\/277|[from] Stealth Rock
|move|p2a: Ferrothorn|Leech Seed|p1a: Gallade
|-start|p1a: Gallade|move: Leech Seed
|
|-heal|p1a: Gallade|200\/277|[from] move: Wish|[wisher] Clefable
|-heal|p2a: Ferrothorn|296\/352|[from] item: Leftovers
|-damage|p1a: Gallade|166\/277|[from] Leech Seed|[of] p2a: Ferrothorn
|-heal|p2a: Ferrothorn|330\/352|[silent]
|turn|48
|
|switch|p1a: Clefable|Clefable, M|334\/394
|move|p2a: Ferrothorn|Protect|p2a: Ferrothorn
|-fail|p2a: Ferrothorn
|
|-heal|p1a: Clefable|358\/394|[from] item: Leftovers
|-heal|p2a: Ferrothorn|352\/352|[from] item: Leftovers
|turn|49
|
|move|p1a: Clefable|Wish|p1a: Clefable
|move|p2a: Ferrothorn|Leech Seed|p1a: Clefable|[miss]
|-miss|p2a: Ferrothorn|p1a: Clefable
|
|-heal|p1a: Clefable|382\/394|[from] item: Leftovers
|turn|50
|
|switch|p1a: Raikou|Raikou|82\/322
|-damage|p1a: Raikou|42\/322|[from] Stealth Rock
|-ability|p1a: Raikou|Pressure
|switch|p2a: Latias|Latias, F|364\/364
|
|-heal|p1a: Raikou|239\/322|[from] move: Wish|[wisher] Clefable
|turn|51
|
|move|p1a: Raikou|Volt Switch|p2a: Latias
|-resisted|p2a: Latias
|-damage|p2a: Latias|290\/364
|
|switch|p1a: Clefable|Clefable, M|382\/394
|move|p2a: Latias|Psyshock|p1a: Clefable
|-damage|p1a: Clefable|297\/394
|
|-heal|p2a: Latias|312\/364|[from] item: Leftovers
|-heal|p1a: Clefable|321\/394|[from] item: Leftovers
|turn|52
|
|move|p2a: Latias|Psyshock|p1a: Clefable
|-damage|p1a: Clefable|237\/394
|move|p1a: Clefable|Moonblast|p2a: Latias
|-supereffective|p2a: Latias
|-damage|p2a: Latias|132\/364
|
|-heal|p2a: Latias|154\/364|[from] item: Leftovers
|-heal|p1a: Clefable|261\/394|[from] item: Leftovers
|turn|53
|
|move|p2a: Latias|Roost|p2a: Latias
|-heal|p2a: Latias|336\/364
|move|p1a: Clefable|Moonblast|p2a: Latias
|-supereffective|p2a: Latias
|-damage|p2a: Latias|166\/364
|
|-heal|p2a: Latias|188\/364|[from] item: Leftovers
|-heal|p1a: Clefable|285\/394|[from] item: Leftovers
|turn|54
|
|move|p2a: Latias|Psyshock|p1a: Clefable
|-damage|p1a: Clefable|203\/394
|move|p1a: Clefable|Moonblast|p2a: Latias
|-supereffective|p2a: Latias
|-damage|p2a: Latias|8\/364
|-unboost|p2a: Latias|spa|1
|
|-heal|p2a: Latias|30\/364|[from] item: Leftovers
|-heal|p1a: Clefable|227\/394|[from] item: Leftovers
|turn|55
|
|switch|p1a: Gliscor|Gliscor, M|250\/354 tox
|-damage|p1a: Gliscor|206\/354 tox|[from] Stealth Rock
|move|p2a: Latias|Roost|p2a: Latias
|-heal|p2a: Latias|212\/364
|
|-heal|p2a: Latias|234\/364|[from] item: Leftovers
|-heal|p1a: Gliscor|250\/354 tox|[from] ability: Poison Heal
|turn|56
|
|switch|p2a: Ferrothorn|Ferrothorn, F|352\/352
|move|p1a: Gliscor|Stealth Rock|p2a: Ferrothorn
|-sidestart|p2: jaywella|move: Stealth Rock
|
|-heal|p1a: Gliscor|294\/354 tox|[from] ability: Poison Heal
|turn|57
|
|switch|p2a: Terrakion|Terrakion|323\/323
|-damage|p2a: Terrakion|303\/323|[from] Stealth Rock
|move|p1a: Gliscor|Taunt|p2a: Terrakion
|-start|p2a: Terrakion|move: Taunt
|
|-heal|p1a: Gliscor|338\/354 tox|[from] ability: Poison Heal
|turn|58
|c|âjaywella|FUCK YOUR CLEFABLE CUNT
|-message|jaywella forfeited.
|
|win|Rhayader
|raw|Ladder updating...
|leave|jaywella
|player|p2
|raw|Rhayader's rating: 1226 &rarr; <strong>1248<\/strong><br \/>(+22 for winning)
|raw|jaywella's rating: 1183 &rarr; <strong>1161<\/strong><br \/>(-22 for losing)