|join|Bleben :DDDDD
|join|Rhayader
|player|p1|Bleben :DDDDD|112
|player|p2|Rhayader|#showtan
|gametype|singles
|gen|6
|tier|ORAS OU
|rated
|rule|Sleep Clause Mod: Limit one foe put to sleep
|rule|Species Clause: Limit one of each PokÃ©mon
|rule|OHKO Clause: OHKO moves are banned
|rule|Moody Clause: Moody is banned
|rule|Evasion Moves Clause: Evasion moves are banned
|rule|Endless Battle Clause: Forcing endless battles is banned
|rule|HP Percentage Mod: HP is shown in percentages
|clearpoke
|poke|p1|Slowbro, F
|poke|p1|Chansey, F
|poke|p1|Skarmory, F
|poke|p1|Amoonguss, M
|poke|p1|Ferrothorn, F
|poke|p1|Sylveon, M
|poke|p2|Raikou
|poke|p2|Gallade, M
|poke|p2|Chansey, F
|poke|p2|Gliscor, M
|poke|p2|Slowbro, F
|poke|p2|Volcarona, M
|rule|Swagger Clause: Swagger is banned
|rule|Baton Pass Clause: Limit one PokÃ©mon knowing Baton Pass
|teampreview
|c|âRhayader|>bleben
|c|âRhayader|>stall
|c|âBleben :DDDDD|ayyy
|c|âBleben :DDDDD|I just made this team
|c|âBleben :DDDDD|to piss off amni
|c|âBleben :DDDDD|it's not very good
|c|âBleben :DDDDD|:DDDDDDDDDDDDD
|join|kawaiidesunii
|c|âBleben :DDDDD|and I suck at stall
|c|âRhayader|its is shit :DDDDD
|
|start
|switch|p1a: Shroom Bro|Amoonguss, M|432\/432
|switch|p2a: Gliscor|Gliscor, M|354\/354
|turn|1
|
|move|p2a: Gliscor|Taunt|p1a: Shroom Bro
|-start|p1a: Shroom Bro|move: Taunt
|cant|p1a: Shroom Bro|move: Taunt|Spore
|
|-status|p2a: Gliscor|tox|[from] item: Toxic Orb
|turn|2
|c|âBleben :DDDDD|oh no
|c|âBleben :DDDDD|taunted
|c|âBleben :DDDDD|what shall I do
|
|move|p2a: Gliscor|Toxic|p1a: Shroom Bro
|-fail|p1a: Shroom Bro
|move|p1a: Shroom Bro|Giga Drain|p2a: Gliscor
|-crit|p2a: Gliscor
|-damage|p2a: Gliscor|237\/354 tox
|
|-heal|p2a: Gliscor|281\/354 tox|[from] ability: Poison Heal
|turn|3
|
|switch|p2a: Gallade|Gallade, M|277\/277
|move|p1a: Shroom Bro|Clear Smog|p2a: Gallade
|-damage|p2a: Gallade|229\/277
|-clearboost|p2a: Gallade
|
|-end|p1a: Shroom Bro|move: Taunt
|turn|4
|c|âRhayader|fug muh stats
|c|âBleben :DDDDD|kek
|
|switch|p1a: Spike Spiegel|Ferrothorn, F|352\/352
|detailschange|p2a: Gallade|Gallade-Mega, M
|message|Gallade has Mega Evolved into Mega Gallade!
|move|p2a: Gallade|Will-O-Wisp|p1a: Spike Spiegel|[miss]
|-miss|p2a: Gallade|p1a: Spike Spiegel
|
|turn|5
|c|âRhayader|>
|c|âBleben :DDDDD|nice meme
|
|switch|p2a: Volcarona|Volcarona, M|312\/312
|move|p1a: Spike Spiegel|Thunder Wave|p2a: Volcarona
|-status|p2a: Volcarona|par
|
|turn|6
|c|âRhayader|fug
|
|switch|p1a: Durr Bro|Slowbro, F|394\/394
|move|p2a: Volcarona|Substitute|p2a: Volcarona
|-start|p2a: Volcarona|Substitute
|-damage|p2a: Volcarona|234\/312 par
|
|-heal|p2a: Volcarona|253\/312 par|[from] item: Leftovers
|turn|7
|
|detailschange|p1a: Durr Bro|Slowbro-Mega, F
|message|Slowbro has Mega Evolved into Mega Slowbro!
|move|p1a: Durr Bro|Scald|p2a: Volcarona
|-supereffective|p2a: Volcarona
|-end|p2a: Volcarona|Substitute
|cant|p2a: Volcarona|par
|
|-heal|p2a: Volcarona|272\/312 par|[from] item: Leftovers
|turn|8
|c|âRhayader|>>>>>>>>>>>
|
|move|p1a: Durr Bro|Calm Mind|p1a: Durr Bro
|-boost|p1a: Durr Bro|spa|1
|-boost|p1a: Durr Bro|spd|1
|move|p2a: Volcarona|Bug Buzz|p1a: Durr Bro
|-supereffective|p1a: Durr Bro
|-damage|p1a: Durr Bro|124\/394
|
|-heal|p2a: Volcarona|291\/312 par|[from] item: Leftovers
|turn|9
|c|âBleben :DDDDD|time to cum
|c|âRhayader|crit pls
|c|âBleben :DDDDD|you are already ogre
|
|move|p1a: Durr Bro|Scald|p2a: Volcarona
|-crit|p2a: Volcarona
|-supereffective|p2a: Volcarona
|-damage|p2a: Volcarona|0 fnt
|faint|p2a: Volcarona
|
|c|âRhayader|m-muh crobro meme
|
|switch|p2a: Raikou|Raikou|322\/322
|-ability|p2a: Raikou|Pressure
|turn|10
|
|switch|p1a: Hurr Bro|Chansey, F|704\/704
|move|p2a: Raikou|Thunderbolt|p1a: Hurr Bro
|-damage|p1a: Hurr Bro|563\/704
|
|turn|11
|
|switch|p2a: Gliscor|Gliscor, M|281\/354 tox
|move|p1a: Hurr Bro|Wish|p1a: Hurr Bro
|
|-heal|p2a: Gliscor|325\/354 tox|[from] ability: Poison Heal
|turn|12
|c|âBleben :DDDDD|the aweesome might of hurrdurr bros
|
|switch|p1a: Durr Bro|Slowbro-Mega, F|124\/394
|move|p2a: Gliscor|Toxic|p1a: Durr Bro
|-status|p1a: Durr Bro|tox
|
|-heal|p1a: Durr Bro|394\/394 tox|[from] move: Wish|[wisher] Hurr Bro
|-heal|p2a: Gliscor|354\/354 tox|[from] ability: Poison Heal
|-damage|p1a: Durr Bro|370\/394 tox|[from] psn
|turn|13
|
|switch|p1a: Hurr Bro|Chansey, F|563\/704
|move|p2a: Gliscor|Taunt|p1a: Hurr Bro
|-start|p1a: Hurr Bro|move: Taunt
|
|turn|14
|
|switch|p1a: Birdest|Skarmory, F|334\/334
|move|p2a: Gliscor|Toxic|p1a: Birdest
|-fail|p1a: Birdest
|
|turn|15
|c|âBleben :DDDDD|wat now?
|
|switch|p1a: Spike Spiegel|Ferrothorn, F|352\/352
|move|p2a: Gliscor|Taunt|p1a: Spike Spiegel
|-start|p1a: Spike Spiegel|move: Taunt
|
|turn|16
|
|switch|p2a: Gallade|Gallade-Mega, M|229\/277
|switch|p1a: Birdest|Skarmory, F|334\/334
|
|turn|17
|
|move|p2a: Gallade|Will-O-Wisp|p1a: Birdest
|-status|p1a: Birdest|brn
|move|p1a: Birdest|Stealth Rock|p2a: Gallade
|-sidestart|p2: Rhayader|move: Stealth Rock
|
|-damage|p1a: Birdest|293\/334 brn|[from] brn
|turn|18
|c|âBleben :DDDDD|RAWKS
|
|switch|p1a: Spike Spiegel|Ferrothorn, F|352\/352
|move|p2a: Gallade|Knock Off|p1a: Spike Spiegel
|-damage|p1a: Spike Spiegel|273\/352
|-damage|p2a: Gallade|195\/277|[from] ability: Iron Barbs|[of] p1a: Spike Spiegel
|-damage|p2a: Gallade|149\/277|[from] item: Rocky Helmet|[of] p1a: Spike Spiegel
|-enditem|p1a: Spike Spiegel|Rocky Helmet|[from] move: Knock Off|[of] p2a: Gallade
|
|turn|19
|c|âBleben :DDDDD|nice stall you got there buddy
|c|âRhayader|>implying i try to stall
|
|move|p2a: Gallade|Close Combat|p1a: Spike Spiegel
|-supereffective|p1a: Spike Spiegel
|-damage|p1a: Spike Spiegel|0 fnt
|-damage|p2a: Gallade|115\/277|[from] ability: Iron Barbs|[of] p1a: Spike Spiegel
|-unboost|p2a: Gallade|def|1
|-unboost|p2a: Gallade|spd|1
|faint|p1a: Spike Spiegel
|
|c|âBleben :DDDDD|>kills
|c|âBleben :DDDDD|oh lawdy
|
|switch|p1a: Memeon|Sylveon, M|394\/394
|turn|20
|
|switch|p2a: Chansey|Chansey, F|642\/642
|-damage|p2a: Chansey|562\/642|[from] Stealth Rock
|move|p1a: Memeon|Hyper Voice|p2a: Chansey
|-damage|p2a: Chansey|483\/642
|
|turn|21
|
|move|p1a: Memeon|Heal Bell|p1a: Memeon
|-cureteam|p1a: Memeon|[from] move: HealBell
|move|p2a: Chansey|Stealth Rock|p1a: Memeon
|-sidestart|p1: Bleben :DDDDD|move: Stealth Rock
|
|turn|22
|
|move|p1a: Memeon|Wish|p1a: Memeon
|move|p2a: Chansey|Wish|p2a: Chansey
|
|turn|23
|
|switch|p2a: Raikou|Raikou|322\/322
|-damage|p2a: Raikou|282\/322|[from] Stealth Rock
|-ability|p2a: Raikou|Pressure
|move|p1a: Memeon|Hyper Voice|p2a: Raikou
|-crit|p2a: Raikou
|-damage|p2a: Raikou|51\/322
|
|-heal|p2a: Raikou|322\/322|[from] move: Wish|[wisher] Chansey
|turn|24
|c|âBleben :DDDDD|meme
|
|move|p1a: Memeon|Protect|p1a: Memeon
|-singleturn|p1a: Memeon|Protect
|move|p2a: Raikou|Volt Switch|p1a: Memeon
|-activate|p1a: Memeon|Protect
|
|turn|25
|
|move|p2a: Raikou|Volt Switch|p1a: Memeon
|-damage|p1a: Memeon|292\/394
|
|switch|p2a: Gliscor|Gliscor, M|354\/354 tox
|-damage|p2a: Gliscor|310\/354 tox|[from] Stealth Rock
|move|p1a: Memeon|Wish|p1a: Memeon
|
|-heal|p1a: Memeon|316\/394|[from] item: Leftovers
|-heal|p2a: Gliscor|354\/354 tox|[from] ability: Poison Heal
|turn|26
|
|switch|p1a: Birdest|Skarmory, F|293\/334
|-damage|p1a: Birdest|252\/334|[from] Stealth Rock
|move|p2a: Gliscor|Toxic|p1a: Birdest
|-fail|p1a: Birdest
|
|-heal|p1a: Birdest|334\/334|[from] move: Wish|[wisher] Memeon
|turn|27
|
|move|p2a: Gliscor|Taunt|p1a: Birdest
|-start|p1a: Birdest|move: Taunt
|cant|p1a: Birdest|move: Taunt|Whirlwind
|
|turn|28
|
|switch|p2a: Raikou|Raikou|322\/322
|-damage|p2a: Raikou|282\/322|[from] Stealth Rock
|-ability|p2a: Raikou|Pressure
|switch|p1a: Shroom Bro|Amoonguss, M|432\/432
|-damage|p1a: Shroom Bro|378\/432|[from] Stealth Rock
|
|-heal|p1a: Shroom Bro|405\/432|[from] item: Black Sludge
|turn|29
|
|move|p2a: Raikou|Hidden Power|p1a: Shroom Bro
|-supereffective|p1a: Shroom Bro
|-damage|p1a: Shroom Bro|251\/432
|move|p1a: Shroom Bro|Spore|p2a: Raikou
|-status|p2a: Raikou|slp
|
|-heal|p1a: Shroom Bro|278\/432|[from] item: Black Sludge
|turn|30
|
|switch|p2a: Chansey|Chansey, F|483\/642
|-damage|p2a: Chansey|403\/642|[from] Stealth Rock
|move|p1a: Shroom Bro|Giga Drain|p2a: Chansey
|-damage|p2a: Chansey|361\/642
|-heal|p1a: Shroom Bro|299\/432|[from] drain|[of] p2a: Chansey
|
|-heal|p1a: Shroom Bro|326\/432|[from] item: Black Sludge
|turn|31
|
|move|p2a: Chansey|Wish|p2a: Chansey
|move|p1a: Shroom Bro|Giga Drain|p2a: Chansey
|-damage|p2a: Chansey|322\/642
|-heal|p1a: Shroom Bro|346\/432|[from] drain|[of] p2a: Chansey
|
|-heal|p1a: Shroom Bro|373\/432|[from] item: Black Sludge
|turn|32
|
|move|p2a: Chansey|Seismic Toss|p1a: Shroom Bro
|-damage|p1a: Shroom Bro|273\/432
|move|p1a: Shroom Bro|Toxic|p2a: Chansey
|-status|p2a: Chansey|tox
|
|-heal|p2a: Chansey|642\/642 tox|[from] move: Wish|[wisher] Chansey
|-heal|p1a: Shroom Bro|300\/432|[from] item: Black Sludge
|-damage|p2a: Chansey|602\/642 tox|[from] psn
|turn|33
|
|move|p2a: Chansey|Wish|p2a: Chansey
|move|p1a: Shroom Bro|Giga Drain|p2a: Chansey
|-damage|p2a: Chansey|562\/642 tox
|-heal|p1a: Shroom Bro|320\/432|[from] drain|[of] p2a: Chansey
|
|-heal|p1a: Shroom Bro|347\/432|[from] item: Black Sludge
|-damage|p2a: Chansey|482\/642 tox|[from] psn
|turn|34
|
|switch|p2a: Raikou|Raikou|282\/322 slp
|-damage|p2a: Raikou|242\/322 slp|[from] Stealth Rock
|-ability|p2a: Raikou|Pressure
|move|p1a: Shroom Bro|Toxic|p2a: Raikou
|-fail|p2a: Raikou
|
|-heal|p2a: Raikou|322\/322 slp|[from] move: Wish|[wisher] Chansey
|-heal|p1a: Shroom Bro|374\/432|[from] item: Black Sludge
|turn|35
|
|switch|p1a: Hurr Bro|Chansey, F|563\/704
|-damage|p1a: Hurr Bro|475\/704|[from] Stealth Rock
|cant|p2a: Raikou|slp
|
|turn|36
|
|switch|p2a: Chansey|Chansey, F|482\/642
|-damage|p2a: Chansey|402\/642|[from] Stealth Rock
|move|p1a: Hurr Bro|Wish|p1a: Hurr Bro
|
|turn|37
|
|switch|p1a: Durr Bro|Slowbro-Mega, F|370\/394
|-damage|p1a: Durr Bro|321\/394|[from] Stealth Rock
|move|p2a: Chansey|Wish|p2a: Chansey
|
|-heal|p1a: Durr Bro|394\/394|[from] move: Wish|[wisher] Hurr Bro
|turn|38
|c|âBleben :DDDDD|DURRRRR
|
|switch|p2a: Gliscor|Gliscor, M|354\/354 tox
|-damage|p2a: Gliscor|310\/354 tox|[from] Stealth Rock
|move|p1a: Durr Bro|Calm Mind|p1a: Durr Bro
|-boost|p1a: Durr Bro|spa|1
|-boost|p1a: Durr Bro|spd|1
|
|-heal|p2a: Gliscor|354\/354 tox|[from] move: Wish|[wisher] Chansey
|turn|39
|
|move|p2a: Gliscor|Taunt|p1a: Durr Bro
|-start|p1a: Durr Bro|move: Taunt
|cant|p1a: Durr Bro|move: Taunt|Calm Mind
|
|turn|40
|
|move|p2a: Gliscor|Toxic|p1a: Durr Bro|[miss]
|-miss|p2a: Gliscor|p1a: Durr Bro
|move|p1a: Durr Bro|Ice Beam|p2a: Gliscor
|-supereffective|p2a: Gliscor
|-damage|p2a: Gliscor|0 fnt
|faint|p2a: Gliscor
|
|c|âBleben :DDDDD|oh salad
|c|âRhayader|ok
|c|âRhayader|ive lost
|c|âBleben :DDDDD|ohko me with your gallade :^)
|c|âRhayader|time to be ebin
|
|switch|p2a: Gallade|Gallade-Mega, M|115\/277
|-damage|p2a: Gallade|98\/277|[from] Stealth Rock
|turn|41
|
|move|p2a: Gallade|Skill Swap|p1a: Durr Bro
|-activate|p2a: Gallade|move: Skill Swap|Shell Armor|Inner Focus|[of] p1a: Durr Bro
|move|p1a: Durr Bro|Scald|p2a: Gallade
|-damage|p2a: Gallade|0 fnt
|faint|p2a: Gallade
|
|-end|p1a: Durr Bro|move: Taunt
|c|âBleben :DDDDD|ok?
|c|âBleben :DDDDD|m-maybe I'll get a crit now
|c|âRhayader|you have rest
|c|âRhayader|right
|c|âBleben :DDDDD|do I?
|
|switch|p2a: Slowbro|Slowbro, F|394\/394
|-damage|p2a: Slowbro|345\/394|[from] Stealth Rock
|turn|42
|c|âRhayader|eh i cant win anyway
|c|âRhayader|i needed gliscor
|
|move|p1a: Durr Bro|Calm Mind|p1a: Durr Bro
|-boost|p1a: Durr Bro|spa|1
|-boost|p1a: Durr Bro|spd|1
|move|p2a: Slowbro|Toxic|p1a: Durr Bro
|-status|p1a: Durr Bro|tox
|
|-heal|p2a: Slowbro|369\/394|[from] item: Leftovers
|-damage|p1a: Durr Bro|370\/394 tox|[from] psn
|turn|43
|
|switch|p2a: Chansey|Chansey, F|402\/642
|-damage|p2a: Chansey|322\/642|[from] Stealth Rock
|move|p1a: Durr Bro|Calm Mind|p1a: Durr Bro
|-boost|p1a: Durr Bro|spa|1
|-boost|p1a: Durr Bro|spd|1
|
|-damage|p1a: Durr Bro|322\/394 tox|[from] psn
|turn|44
|
|move|p2a: Chansey|Soft-Boiled|p2a: Chansey
|-heal|p2a: Chansey|642\/642
|move|p1a: Durr Bro|Scald|p2a: Chansey
|-damage|p2a: Chansey|483\/642
|
|-damage|p1a: Durr Bro|250\/394 tox|[from] psn
|turn|45
|
|move|p2a: Chansey|Seismic Toss|p1a: Durr Bro
|-damage|p1a: Durr Bro|150\/394 tox
|move|p1a: Durr Bro|Rest|p1a: Durr Bro
|-status|p1a: Durr Bro|slp
|-heal|p1a: Durr Bro|394\/394 slp|[silent]
|-status|p1a: Durr Bro|slp|[from] move: Rest
|
|turn|46
|c|âRhayader|ok
|
|switch|p2a: Raikou|Raikou|322\/322 slp
|-damage|p2a: Raikou|282\/322 slp|[from] Stealth Rock
|-ability|p2a: Raikou|Pressure
|cant|p1a: Durr Bro|slp
|
|turn|47
|
|cant|p2a: Raikou|slp
|cant|p1a: Durr Bro|slp
|
|turn|48
|c|âRhayader|crits pls
|c|âBleben :DDDDD|wake up crit
|
|-curestatus|p2a: Raikou|slp
|move|p2a: Raikou|Thunderbolt|p1a: Durr Bro
|-supereffective|p1a: Durr Bro
|-damage|p1a: Durr Bro|172\/394 slp
|-curestatus|p1a: Durr Bro|slp
|move|p1a: Durr Bro|Scald|p2a: Raikou
|-damage|p2a: Raikou|2\/322
|
|turn|49
|c|âRhayader|ebin
|c|âBleben :DDDDD|>no burn
|
|switch|p1a: Shroom Bro|Amoonguss, M|432\/432
|-damage|p1a: Shroom Bro|378\/432|[from] Stealth Rock
|move|p2a: Raikou|Thunderbolt|p1a: Shroom Bro
|-resisted|p1a: Shroom Bro
|-damage|p1a: Shroom Bro|294\/432
|
|-heal|p1a: Shroom Bro|321\/432|[from] item: Black Sludge
|turn|50
|c|âRhayader|let me kill
|c|âRhayader|pls
|c|âRhayader|;-;
|c|âBleben :DDDDD|no
|c|âBleben :DDDDD|nerd
|
|move|p2a: Raikou|Thunderbolt|p1a: Shroom Bro
|-resisted|p1a: Shroom Bro
|-damage|p1a: Shroom Bro|235\/432
|move|p1a: Shroom Bro|Giga Drain|p2a: Raikou
|-damage|p2a: Raikou|0 fnt
|-heal|p1a: Shroom Bro|236\/432|[from] drain|[of] p2a: Raikou
|faint|p2a: Raikou
|
|-heal|p1a: Shroom Bro|263\/432|[from] item: Black Sludge
|c|âBleben :DDDDD|it's my bro
|
|switch|p2a: Chansey|Chansey, F|483\/642
|-damage|p2a: Chansey|403\/642|[from] Stealth Rock
|turn|51
|c|âBleben :DDDDD|take your filthy nerd hands off of him ;_;
|
|move|p2a: Chansey|Seismic Toss|p1a: Shroom Bro
|-damage|p1a: Shroom Bro|163\/432
|move|p1a: Shroom Bro|Spore|p2a: Chansey
|-status|p2a: Chansey|slp
|
|-heal|p1a: Shroom Bro|190\/432|[from] item: Black Sludge
|turn|52
|
|switch|p1a: Birdest|Skarmory, F|334\/334
|-damage|p1a: Birdest|293\/334|[from] Stealth Rock
|cant|p2a: Chansey|slp
|
|turn|53
|
|cant|p2a: Chansey|slp
|move|p1a: Birdest|Whirlwind|p2a: Chansey
|drag|p2a: Slowbro|Slowbro, F|394\/394
|-damage|p2a: Slowbro|345\/394|[from] Stealth Rock
|
|-heal|p2a: Slowbro|369\/394|[from] item: Leftovers
|turn|54
|
|move|p2a: Slowbro|Scald|p1a: Birdest
|-damage|p1a: Birdest|157\/334
|move|p1a: Birdest|Whirlwind|p2a: Slowbro
|drag|p2a: Chansey|Chansey, F|403\/642
|-damage|p2a: Chansey|323\/642|[from] Stealth Rock
|
|turn|55
|
|move|p2a: Chansey|Soft-Boiled|p2a: Chansey
|-heal|p2a: Chansey|642\/642
|move|p1a: Birdest|Whirlwind|p2a: Chansey
|drag|p2a: Slowbro|Slowbro, F|394\/394
|-damage|p2a: Slowbro|345\/394|[from] Stealth Rock
|
|-heal|p2a: Slowbro|369\/394|[from] item: Leftovers
|turn|56
|c|âBleben :DDDDD|having fun?
|c|âBleben :DDDDD|the stall ride can still go on
|
|move|p2a: Slowbro|Scald|p1a: Birdest
|-damage|p1a: Birdest|34\/334
|move|p1a: Birdest|Whirlwind|p2a: Slowbro
|drag|p2a: Chansey|Chansey, F|642\/642
|-damage|p2a: Chansey|562\/642|[from] Stealth Rock
|
|turn|57
|c|âRhayader|you are gay
|
|move|p1a: Birdest|Roost|p1a: Birdest
|-heal|p1a: Birdest|201\/334
|move|p2a: Chansey|Seismic Toss|p1a: Birdest
|-damage|p1a: Birdest|101\/334
|
|turn|58
|c|âRhayader|stall isnt gay
|c|âBleben :DDDDD|it is
|c|âRhayader|but you are :DDDD
|
|move|p1a: Birdest|Roost|p1a: Birdest
|-heal|p1a: Birdest|268\/334
|move|p2a: Chansey|Seismic Toss|p1a: Birdest
|-damage|p1a: Birdest|168\/334
|
|turn|59
|c|âBleben :DDDDD|I'm just demonstrating the fagginess that is stall
|c|âRhayader|crit seismic toss pls
|
|move|p1a: Birdest|Roost|p1a: Birdest
|-heal|p1a: Birdest|334\/334
|move|p2a: Chansey|Seismic Toss|p1a: Birdest
|-damage|p1a: Birdest|234\/334
|
|turn|60
|
|move|p1a: Birdest|Defog|p2a: Chansey
|-unboost|p2a: Chansey|evasion|1
|-sideend|p2: Rhayader|Stealth Rock|[from] move: Defog|[of] p2a: Chansey
|-sideend|p1: Bleben :DDDDD|Stealth Rock|[from] move: Defog|[of] p1a: Birdest
|move|p2a: Chansey|Seismic Toss|p1a: Birdest
|-damage|p1a: Birdest|134\/334
|
|turn|61
|
|move|p1a: Birdest|Stealth Rock|p2a: Chansey
|-sidestart|p2: Rhayader|move: Stealth Rock
|move|p2a: Chansey|Stealth Rock|p1a: Birdest
|-sidestart|p1: Bleben :DDDDD|move: Stealth Rock
|
|turn|62
|c|âRhayader|good turn
|
|move|p1a: Birdest|Roost|p1a: Birdest
|-heal|p1a: Birdest|301\/334
|move|p2a: Chansey|Seismic Toss|p1a: Birdest
|-damage|p1a: Birdest|201\/334
|
|turn|63
|c|âBleben :DDDDD|pebble fite!
|
|switch|p2a: Slowbro|Slowbro, F|394\/394
|-damage|p2a: Slowbro|345\/394|[from] Stealth Rock
|move|p1a: Birdest|Defog|p2a: Slowbro
|-unboost|p2a: Slowbro|evasion|1
|-sideend|p2: Rhayader|Stealth Rock|[from] move: Defog|[of] p2a: Slowbro
|-sideend|p1: Bleben :DDDDD|Stealth Rock|[from] move: Defog|[of] p1a: Birdest
|
|-heal|p2a: Slowbro|369\/394|[from] item: Leftovers
|turn|64
|
|move|p2a: Slowbro|Scald|p1a: Birdest
|-damage|p1a: Birdest|68\/334
|-status|p1a: Birdest|brn
|move|p1a: Birdest|Whirlwind|p2a: Slowbro
|drag|p2a: Chansey|Chansey, F|562\/642
|
|-damage|p1a: Birdest|27\/334 brn|[from] brn
|turn|65
|c|âRhayader|die
|c|âBleben :DDDDD|noooo
|
|move|p1a: Birdest|Roost|p1a: Birdest
|-heal|p1a: Birdest|194\/334 brn
|move|p2a: Chansey|Seismic Toss|p1a: Birdest
|-damage|p1a: Birdest|94\/334 brn
|
|-damage|p1a: Birdest|53\/334 brn|[from] brn
|turn|66
|
|move|p1a: Birdest|Roost|p1a: Birdest
|-heal|p1a: Birdest|220\/334 brn
|move|p2a: Chansey|Stealth Rock|p1a: Birdest
|-sidestart|p1: Bleben :DDDDD|move: Stealth Rock
|
|-damage|p1a: Birdest|179\/334 brn|[from] brn
|turn|67
|c|âBleben :DDDDD|I'm too young and beautiful
|
|switch|p2a: Slowbro|Slowbro, F|394\/394
|move|p1a: Birdest|Roost|p1a: Birdest
|-heal|p1a: Birdest|334\/334 brn
|
|-damage|p1a: Birdest|293\/334 brn|[from] brn
|turn|68
|
|move|p2a: Slowbro|Scald|p1a: Birdest
|-damage|p1a: Birdest|170\/334 brn
|move|p1a: Birdest|Whirlwind|p2a: Slowbro
|drag|p2a: Chansey|Chansey, F|562\/642
|
|-damage|p1a: Birdest|129\/334 brn|[from] brn
|turn|69
|
|switch|p2a: Slowbro|Slowbro, F|394\/394
|move|p1a: Birdest|Roost|p1a: Birdest
|-heal|p1a: Birdest|296\/334 brn
|
|-damage|p1a: Birdest|255\/334 brn|[from] brn
|turn|70
|
|move|p1a: Birdest|Defog|p2a: Slowbro
|-unboost|p2a: Slowbro|evasion|1
|-sideend|p1: Bleben :DDDDD|Stealth Rock|[from] move: Defog|[of] p1a: Birdest
|move|p2a: Slowbro|Scald|p1a: Birdest
|-damage|p1a: Birdest|123\/334 brn
|
|-damage|p1a: Birdest|82\/334 brn|[from] brn
|turn|71
|
|move|p1a: Birdest|Roost|p1a: Birdest
|-heal|p1a: Birdest|249\/334 brn
|move|p2a: Slowbro|Scald|p1a: Birdest
|-damage|p1a: Birdest|117\/334 brn
|
|-damage|p1a: Birdest|76\/334 brn|[from] brn
|turn|72
|
|move|p1a: Birdest|Roost|p1a: Birdest
|-heal|p1a: Birdest|243\/334 brn
|move|p2a: Slowbro|Scald|p1a: Birdest
|-damage|p1a: Birdest|122\/334 brn
|
|-damage|p1a: Birdest|81\/334 brn|[from] brn
|turn|73
|c|âBleben :DDDDD|having fun with your stallmons?
|c|âBleben :DDDDD|this is what they do?
|c|âBleben :DDDDD|ayyyyyyyy
|
|switch|p2a: Chansey|Chansey, F|562\/642
|move|p1a: Birdest|Roost|p1a: Birdest
|-heal|p1a: Birdest|248\/334 brn
|
|-damage|p1a: Birdest|207\/334 brn|[from] brn
|turn|74
|c|âBleben :DDDDD|b-better stall with my chansey and slowbro
|
|move|p1a: Birdest|Stealth Rock|p2a: Chansey
|-sidestart|p2: Rhayader|move: Stealth Rock
|move|p2a: Chansey|Stealth Rock|p1a: Birdest
|-sidestart|p1: Bleben :DDDDD|move: Stealth Rock
|
|-damage|p1a: Birdest|166\/334 brn|[from] brn
|turn|75
|c|âRhayader|im only doing this because you're gay
|c|âRhayader|i cant win
|
|switch|p2a: Slowbro|Slowbro, F|394\/394
|-damage|p2a: Slowbro|345\/394|[from] Stealth Rock
|move|p1a: Birdest|Defog|p2a: Slowbro
|-unboost|p2a: Slowbro|evasion|1
|-sideend|p2: Rhayader|Stealth Rock|[from] move: Defog|[of] p2a: Slowbro
|-sideend|p1: Bleben :DDDDD|Stealth Rock|[from] move: Defog|[of] p1a: Birdest
|
|-heal|p2a: Slowbro|369\/394|[from] item: Leftovers
|-damage|p1a: Birdest|125\/334 brn|[from] brn
|turn|76
|c|âBleben :DDDDD|sure nerd
|
|move|p1a: Birdest|Roost|p1a: Birdest
|-heal|p1a: Birdest|292\/334 brn
|move|p2a: Slowbro|Scald|p1a: Birdest
|-damage|p1a: Birdest|160\/334 brn
|
|-heal|p2a: Slowbro|393\/394|[from] item: Leftovers
|-damage|p1a: Birdest|119\/334 brn|[from] brn
|turn|77
|c|âBleben :DDDDD|there's always an excuse
|
|switch|p2a: Chansey|Chansey, F|562\/642
|move|p1a: Birdest|Roost|p1a: Birdest
|-heal|p1a: Birdest|286\/334 brn
|
|-damage|p1a: Birdest|245\/334 brn|[from] brn
|turn|78
|
|move|p1a: Birdest|Stealth Rock|p2a: Chansey
|-sidestart|p2: Rhayader|move: Stealth Rock
|move|p2a: Chansey|Stealth Rock|p1a: Birdest
|-sidestart|p1: Bleben :DDDDD|move: Stealth Rock
|
|-damage|p1a: Birdest|204\/334 brn|[from] brn
|turn|79
|
|switch|p2a: Slowbro|Slowbro, F|394\/394
|-damage|p2a: Slowbro|345\/394|[from] Stealth Rock
|move|p1a: Birdest|Whirlwind|p2a: Slowbro
|drag|p2a: Chansey|Chansey, F|562\/642
|-damage|p2a: Chansey|482\/642|[from] Stealth Rock
|
|-damage|p1a: Birdest|163\/334 brn|[from] brn
|turn|80
|
|move|p1a: Birdest|Roost|p1a: Birdest
|-heal|p1a: Birdest|330\/334 brn
|move|p2a: Chansey|Seismic Toss|p1a: Birdest
|-damage|p1a: Birdest|230\/334 brn
|
|-damage|p1a: Birdest|189\/334 brn|[from] brn
|turn|81
|
|move|p1a: Birdest|Roost|p1a: Birdest
|-heal|p1a: Birdest|334\/334 brn
|move|p2a: Chansey|Soft-Boiled|p2a: Chansey
|-heal|p2a: Chansey|642\/642
|
|-damage|p1a: Birdest|293\/334 brn|[from] brn
|turn|82
|c|âBleben :DDDDD|I think we can go 200
|c|âRhayader|nah you only have 1 more roost
|
|switch|p2a: Slowbro|Slowbro, F|394\/394
|-damage|p2a: Slowbro|345\/394|[from] Stealth Rock
|move|p1a: Birdest|Defog|p2a: Slowbro
|-unboost|p2a: Slowbro|evasion|1
|-sideend|p2: Rhayader|Stealth Rock|[from] move: Defog|[of] p2a: Slowbro
|-sideend|p1: Bleben :DDDDD|Stealth Rock|[from] move: Defog|[of] p1a: Birdest
|
|-heal|p2a: Slowbro|369\/394|[from] item: Leftovers
|-damage|p1a: Birdest|252\/334 brn|[from] brn
|turn|83
|c|âBleben :DDDDD|I still have
|c|âBleben :DDDDD|4 more mons
|
|switch|p2a: Chansey|Chansey, F|642\/642
|move|p1a: Birdest|Whirlwind|p2a: Chansey
|drag|p2a: Slowbro|Slowbro, F|394\/394
|
|-damage|p1a: Birdest|211\/334 brn|[from] brn
|turn|84
|
|switch|p2a: Chansey|Chansey, F|642\/642
|move|p1a: Birdest|Stealth Rock|p2a: Chansey
|-sidestart|p2: Rhayader|move: Stealth Rock
|
|-damage|p1a: Birdest|170\/334 brn|[from] brn
|turn|85
|
|move|p1a: Birdest|Roost|p1a: Birdest
|-heal|p1a: Birdest|334\/334 brn
|move|p2a: Chansey|Stealth Rock|p1a: Birdest
|-sidestart|p1: Bleben :DDDDD|move: Stealth Rock
|
|-damage|p1a: Birdest|293\/334 brn|[from] brn
|turn|86
|c|âRhayader|rip hp
|
|move|p1a: Birdest|Defog|p2a: Chansey
|-unboost|p2a: Chansey|evasion|1
|-sideend|p2: Rhayader|Stealth Rock|[from] move: Defog|[of] p2a: Chansey
|-sideend|p1: Bleben :DDDDD|Stealth Rock|[from] move: Defog|[of] p1a: Birdest
|move|p2a: Chansey|Seismic Toss|p1a: Birdest
|-damage|p1a: Birdest|193\/334 brn
|
|-damage|p1a: Birdest|152\/334 brn|[from] brn
|turn|87
|
|move|p1a: Birdest|Stealth Rock|p2a: Chansey
|-sidestart|p2: Rhayader|move: Stealth Rock
|move|p2a: Chansey|Stealth Rock|p1a: Birdest
|-sidestart|p1: Bleben :DDDDD|move: Stealth Rock
|
|-damage|p1a: Birdest|111\/334 brn|[from] brn
|turn|88
|
|move|p2a: Chansey|Seismic Toss|p1a: Birdest
|-damage|p1a: Birdest|11\/334 brn
|move|p1a: Birdest|Whirlwind|p2a: Chansey
|drag|p2a: Slowbro|Slowbro, F|394\/394
|-damage|p2a: Slowbro|345\/394|[from] Stealth Rock
|
|-heal|p2a: Slowbro|369\/394|[from] item: Leftovers
|-damage|p1a: Birdest|0 fnt|[from] brn
|faint|p1a: Birdest
|c|âBleben :DDDDD|you did well birdest
|c|âBleben :DDDDD|stalled like a true phaggot
|
|switch|p1a: Memeon|Sylveon, M|316\/394
|-damage|p1a: Memeon|267\/394|[from] Stealth Rock
|turn|89
|
|move|p1a: Memeon|Protect|p1a: Memeon
|-singleturn|p1a: Memeon|Protect
|move|p2a: Slowbro|Toxic|p1a: Memeon
|-activate|p1a: Memeon|Protect
|
|-heal|p1a: Memeon|291\/394|[from] item: Leftovers
|-heal|p2a: Slowbro|393\/394|[from] item: Leftovers
|turn|90
|
|move|p1a: Memeon|Wish|p1a: Memeon
|move|p2a: Slowbro|Toxic|p1a: Memeon|[miss]
|-miss|p2a: Slowbro|p1a: Memeon
|
|-heal|p1a: Memeon|315\/394|[from] item: Leftovers
|-heal|p2a: Slowbro|394\/394|[from] item: Leftovers
|turn|91
|
|switch|p1a: Shroom Bro|Amoonguss, M|334\/432
|-damage|p1a: Shroom Bro|280\/432|[from] Stealth Rock
|move|p2a: Slowbro|Toxic|p1a: Shroom Bro
|-fail|p1a: Shroom Bro
|
|-heal|p1a: Shroom Bro|432\/432|[from] move: Wish|[wisher] Memeon
|turn|92
|
|move|p2a: Slowbro|Ice Beam|p1a: Shroom Bro
|-supereffective|p1a: Shroom Bro
|-damage|p1a: Shroom Bro|318\/432
|move|p1a: Shroom Bro|Toxic|p2a: Slowbro
|-status|p2a: Slowbro|tox
|
|-heal|p1a: Shroom Bro|345\/432|[from] item: Black Sludge
|-damage|p2a: Slowbro|370\/394 tox|[from] psn
|turn|93
|c|âBleben :DDDDD|ded
|
|switch|p1a: Hurr Bro|Chansey, F|475\/704
|-damage|p1a: Hurr Bro|387\/704|[from] Stealth Rock
|switch|p2a: Chansey|Chansey, F|642\/642
|-damage|p2a: Chansey|562\/642|[from] Stealth Rock
|
|turn|94
|
|move|p1a: Hurr Bro|Wish|p1a: Hurr Bro
|move|p2a: Chansey|Seismic Toss|p1a: Hurr Bro
|-damage|p1a: Hurr Bro|287\/704
|
|turn|95
|
|switch|p2a: Slowbro|Slowbro, F|394\/394 tox
|-damage|p2a: Slowbro|345\/394 tox|[from] Stealth Rock
|move|p1a: Hurr Bro|Toxic|p2a: Slowbro
|-fail|p2a: Slowbro|tox
|
|-heal|p1a: Hurr Bro|639\/704|[from] move: Wish|[wisher] Hurr Bro
|-heal|p2a: Slowbro|369\/394 tox|[from] item: Leftovers
|-damage|p2a: Slowbro|345\/394 tox|[from] psn
|turn|96
|c|âBleben :DDDDD|switch for my pleasure
|c|âBleben :DDDDD|do it
|c|âRhayader|what is regenerator :DDD
|
|move|p1a: Hurr Bro|Protect|p1a: Hurr Bro
|-singleturn|p1a: Hurr Bro|Protect
|move|p2a: Slowbro|Toxic|p1a: Hurr Bro
|-activate|p1a: Hurr Bro|Protect
|
|-heal|p2a: Slowbro|369\/394 tox|[from] item: Leftovers
|-damage|p2a: Slowbro|321\/394 tox|[from] psn
|turn|97
|c|âBleben :DDDDD|I want to see you preserve pp :)
|c|âBleben :DDDDD|switch
|c|âBleben :DDDDD|switch!
|c|âRhayader|why are you gay
|
|switch|p1a: Shroom Bro|Amoonguss, M|432\/432
|-damage|p1a: Shroom Bro|378\/432|[from] Stealth Rock
|move|p2a: Slowbro|Toxic|p1a: Shroom Bro
|-fail|p1a: Shroom Bro
|
|-heal|p2a: Slowbro|345\/394 tox|[from] item: Leftovers
|-heal|p1a: Shroom Bro|405\/432|[from] item: Black Sludge
|-damage|p2a: Slowbro|273\/394 tox|[from] psn
|turn|98
|c|âBleben :DDDDD|this is the evolved version of funbr
|c|âBleben :DDDDD|nothing prevents you from quitting nerd :^)
|
|switch|p2a: Chansey|Chansey, F|562\/642
|-damage|p2a: Chansey|482\/642|[from] Stealth Rock
|move|p1a: Shroom Bro|Giga Drain|p2a: Chansey
|-damage|p2a: Chansey|445\/642
|-heal|p1a: Shroom Bro|424\/432|[from] drain|[of] p2a: Chansey
|
|-heal|p1a: Shroom Bro|432\/432|[from] item: Black Sludge
|turn|99
|c|âBleben :DDDDD|primal funbro
|
|move|p2a: Chansey|Seismic Toss|p1a: Shroom Bro
|-damage|p1a: Shroom Bro|332\/432
|move|p1a: Shroom Bro|Giga Drain|p2a: Chansey
|-damage|p2a: Chansey|403\/642
|-heal|p1a: Shroom Bro|353\/432|[from] drain|[of] p2a: Chansey
|
|-heal|p1a: Shroom Bro|380\/432|[from] item: Black Sludge
|turn|100
|c|âBleben :DDDDD|two stall fags locked in eternal straggle
|c|âRhayader|fuck this i dont have time to keep going
|-message|Rhayader forfeited.
|
|win|Bleben :DDDDD
|raw|Ladder updating...
|raw|Bleben :DDDDD's rating: 1341 &rarr; <strong>1362<\/strong><br \/>(+21 for winning)
|raw|Rhayader's rating: 1369 &rarr; <strong>1347<\/strong><br \/>(-22 for losing)
|leave|Rhayader
|player|p2