|join|Clefairy
|join|Rhayader
|player|p1|Clefairy|#clefairy
|player|p2|Rhayader|40
|gametype|singles
|gen|6
|tier|ORAS OU
|rule|Sleep Clause Mod: Limit one foe put to sleep
|rule|Species Clause: Limit one of each PokÃ©mon
|rule|OHKO Clause: OHKO moves are banned
|rule|Moody Clause: Moody is banned
|rule|Evasion Moves Clause: Evasion moves are banned
|rule|Endless Battle Clause: Forcing endless battles is banned
|rule|HP Percentage Mod: HP is shown in percentages
|clearpoke
|poke|p1|Talonflame, F
|poke|p1|Salamence, M
|poke|p1|Sylveon, F
|poke|p1|Magnezone
|poke|p1|Greninja, F
|poke|p1|Bisharp, F
|poke|p2|Raikou
|poke|p2|Gallade, M
|poke|p2|Clefable, M
|poke|p2|Gliscor, M
|poke|p2|Slowbro, M
|poke|p2|Volcarona, M
|rule|Swagger Clause: Swagger is banned
|rule|Baton Pass Clause: Limit one PokÃ©mon knowing Baton Pass
|teampreview
|join|Draws-stuff
|join|sultanofsuspect
|c|âRhayader|>megamence
|
|start
|switch|p1a: Sylveon|Sylveon, F|394\/394
|switch|p2a: Raikou|Raikou|322\/322
|-ability|p2a: Raikou|Pressure
|turn|1
|
|move|p2a: Raikou|Volt Switch|p1a: Sylveon
|-damage|p1a: Sylveon|258\/394
|c|âClefairy|yeai  have skill..
|join|Willie the Pimp
|
|switch|p2a: Gliscor|Gliscor, M|354\/354
|move|p1a: Sylveon|Hyper Voice|p2a: Gliscor
|-damage|p2a: Gliscor|201\/354
|
|-heal|p1a: Sylveon|282\/394|[from] item: Leftovers
|-status|p2a: Gliscor|tox|[from] item: Toxic Orb
|turn|2
|
|move|p2a: Gliscor|Stealth Rock|p1a: Sylveon
|-sidestart|p1: Clefairy|move: Stealth Rock
|move|p1a: Sylveon|Hyper Voice|p2a: Gliscor
|-damage|p2a: Gliscor|66\/354 tox
|
|-heal|p1a: Sylveon|306\/394|[from] item: Leftovers
|-heal|p2a: Gliscor|110\/354 tox|[from] ability: Poison Heal
|turn|3
|
|switch|p1a: Greninja|Greninja, F|285\/285
|-damage|p1a: Greninja|250\/285|[from] Stealth Rock
|move|p2a: Gliscor|Roost|p2a: Gliscor
|-heal|p2a: Gliscor|287\/354 tox
|
|-heal|p2a: Gliscor|331\/354 tox|[from] ability: Poison Heal
|turn|4
|
|move|p1a: Greninja|Spikes|p2a: Gliscor
|-start|p1a: Greninja|typechange|Ground|[from] Protean
|-sidestart|p2: Rhayader|Spikes
|move|p2a: Gliscor|Earthquake|p1a: Greninja
|-damage|p1a: Greninja|102\/285
|
|-heal|p2a: Gliscor|354\/354 tox|[from] ability: Poison Heal
|turn|5
|
|move|p1a: Greninja|Hydro Pump|p2a: Gliscor
|-start|p1a: Greninja|typechange|Water|[from] Protean
|-supereffective|p2a: Gliscor
|-damage|p2a: Gliscor|12\/354 tox
|move|p2a: Gliscor|Earthquake|p1a: Greninja
|-damage|p1a: Greninja|0 fnt
|faint|p1a: Greninja
|
|-heal|p2a: Gliscor|56\/354 tox|[from] ability: Poison Heal
|c|âRhayader|kek
|c|âClefairy|EPIC
|
|switch|p1a: Bisharp|Bisharp, F|272\/272
|-damage|p1a: Bisharp|255\/272|[from] Stealth Rock
|turn|6
|
|move|p1a: Bisharp|Pursuit|p2a: Gliscor
|-damage|p2a: Gliscor|0 fnt
|-damage|p1a: Bisharp|228\/272|[from] item: Life Orb
|faint|p2a: Gliscor
|
|c|âRhayader|>faster
|c|âRhayader|ok
|c|âRhayader|i wonder what my evs outspeed actually
|leave|sultanofsuspect
|
|switch|p2a: Volcarona|Volcarona, M|312\/312
|-damage|p2a: Volcarona|273\/312|[from] Spikes
|turn|7
|c|âRhayader|lol
|
|move|p2a: Volcarona|Fiery Dance|p1a: Bisharp
|-supereffective|p1a: Bisharp
|-damage|p1a: Bisharp|0 fnt
|-boost|p2a: Volcarona|spa|1
|faint|p1a: Bisharp
|
|-heal|p2a: Volcarona|292\/312|[from] item: Leftovers
|c|âClefairy|>not donking the sucker
|c|âClefairy|for fuck sake
|
|switch|p1a: Talonflame|Talonflame, F|305\/305
|-damage|p1a: Talonflame|153\/305|[from] Stealth Rock
|turn|8
|c|âRhayader|>implying i'd dance on a bisharp
|
|switch|p2a: Slowbro|Slowbro, M|394\/394
|-damage|p2a: Slowbro|345\/394|[from] Spikes
|move|p1a: Talonflame|Frustration|p2a: Slowbro
|-damage|p2a: Slowbro|254\/394
|
|-heal|p2a: Slowbro|278\/394|[from] item: Leftovers
|turn|9
|c|âRhayader|what
|c|âClefairy|ig damge
|c|âClefairy|im cb
|c|âRhayader|sure
|
|switch|p1a: Magnezone|Magnezone|344\/344
|-damage|p1a: Magnezone|323\/344|[from] Stealth Rock
|move|p2a: Slowbro|Scald|p1a: Magnezone
|-crit|p1a: Magnezone
|-damage|p1a: Magnezone|178\/344
|
|-heal|p2a: Slowbro|302\/394|[from] item: Leftovers
|turn|10
|c|âRhayader|mfw needed gliscor for this
|
|switch|p2a: Raikou|Raikou|322\/322
|-damage|p2a: Raikou|282\/322|[from] Spikes
|-ability|p2a: Raikou|Pressure
|move|p1a: Magnezone|Thunderbolt|p2a: Raikou
|-resisted|p2a: Raikou
|-damage|p2a: Raikou|115\/322
|
|turn|11
|
|move|p2a: Raikou|Thunderbolt|p1a: Magnezone
|-resisted|p1a: Magnezone
|-damage|p1a: Magnezone|55\/344
|move|p1a: Magnezone|Thunderbolt|p2a: Raikou
|-resisted|p2a: Raikou
|-damage|p2a: Raikou|0 fnt
|faint|p2a: Raikou
|
|
|switch|p2a: Volcarona|Volcarona, M|292\/312
|-damage|p2a: Volcarona|253\/312|[from] Spikes
|turn|12
|
|switch|p1a: Salamence|Salamence, M|394\/394
|-damage|p1a: Salamence|296\/394|[from] Stealth Rock
|-ability|p1a: Salamence|Intimidate|[of] p2a: Volcarona
|-unboost|p2a: Volcarona|atk|1
|move|p2a: Volcarona|Fiery Dance|p1a: Salamence
|-resisted|p1a: Salamence
|-damage|p1a: Salamence|204\/394
|-boost|p2a: Volcarona|spa|1
|
|-heal|p2a: Volcarona|272\/312|[from] item: Leftovers
|turn|13
|
|switch|p1a: Magnezone|Magnezone|55\/344
|-damage|p1a: Magnezone|34\/344|[from] Stealth Rock
|move|p2a: Volcarona|Substitute|p2a: Volcarona
|-start|p2a: Volcarona|Substitute
|-damage|p2a: Volcarona|194\/312
|
|-heal|p2a: Volcarona|213\/312|[from] item: Leftovers
|turn|14
|c|âRhayader|KEK
|c|âClefairy|WHY
|c|âClefairy|THE FUCK
|c|âRhayader|REKT
|c|âClefairy|literaly why
|join|Alliance - Rohan
|leave|Draws-stuff
|c|âRhayader|healthy slowbro
|c|âRhayader|which you tried to draw out
|join|Mebamissle
|leave|Mebamissle
|
|move|p2a: Volcarona|Quiver Dance|p2a: Volcarona
|-boost|p2a: Volcarona|spa|1
|-boost|p2a: Volcarona|spd|1
|-boost|p2a: Volcarona|spe|1
|move|p1a: Magnezone|Thunderbolt|p2a: Volcarona
|-end|p2a: Volcarona|Substitute
|
|-heal|p2a: Volcarona|232\/312|[from] item: Leftovers
|turn|15
|c|âClefairy|who runs sub fucking volcarona in 
|c|âClefairy|megamence the meta
|
|switch|p1a: Sylveon|Sylveon, F|306\/394
|-damage|p1a: Sylveon|257\/394|[from] Stealth Rock
|move|p2a: Volcarona|Fiery Dance|p1a: Sylveon
|-damage|p1a: Sylveon|22\/394
|
|-heal|p2a: Volcarona|251\/312|[from] item: Leftovers
|-heal|p1a: Sylveon|46\/394|[from] item: Leftovers
|turn|16
|
|move|p2a: Volcarona|Fiery Dance|p1a: Sylveon
|-crit|p1a: Sylveon
|-damage|p1a: Sylveon|0 fnt
|-boost|p2a: Volcarona|spa|1
|faint|p1a: Sylveon
|
|-heal|p2a: Volcarona|270\/312|[from] item: Leftovers
|
|switch|p1a: Talonflame|Talonflame, F|153\/305
|-damage|p1a: Talonflame|1\/305|[from] Stealth Rock
|turn|17
|c|âRhayader|pls no frustration
|c|âRhayader|why frustration btw
|c|âClefairy|because like i said 
|c|âClefairy|CB
|
|switch|p2a: Slowbro|Slowbro, M|394\/394
|-damage|p2a: Slowbro|345\/394|[from] Spikes
|move|p1a: Talonflame|Brave Bird|p2a: Slowbro
|-damage|p2a: Slowbro|191\/394
|-damage|p1a: Talonflame|0 fnt|[from] recoil|[of] p2a: Slowbro
|faint|p1a: Talonflame
|
|-heal|p2a: Slowbro|215\/394|[from] item: Leftovers
|c| Alliance - Rohan|so ditto cant transform and use their happiness
|
|switch|p1a: Magnezone|Magnezone|34\/344
|-damage|p1a: Magnezone|13\/344|[from] Stealth Rock
|turn|18
|c|âRhayader|why wouldnt ditto brave bird
|c|âClefairy|its for rotom-w
|c|âRhayader|oh
|c|âClefairy|:^)
|
|move|p1a: Magnezone|Thunderbolt|p2a: Slowbro
|-supereffective|p2a: Slowbro
|-damage|p2a: Slowbro|0 fnt
|faint|p2a: Slowbro
|
|
|switch|p2a: Gallade|Gallade, M|277\/277
|-damage|p2a: Gallade|243\/277|[from] Spikes
|turn|19
|
|detailschange|p2a: Gallade|Gallade-Mega, M
|message|Gallade has Mega Evolved into Mega Gallade!
|move|p2a: Gallade|Drain Punch|p1a: Magnezone
|-supereffective|p1a: Magnezone
|-damage|p1a: Magnezone|0 fnt
|-heal|p2a: Gallade|250\/277|[from] drain|[of] p1a: Magnezone
|faint|p1a: Magnezone
|
|
|switch|p1a: Salamence|Salamence, M|204\/394
|-damage|p1a: Salamence|106\/394|[from] Stealth Rock
|-ability|p1a: Salamence|Intimidate|[of] p2a: Gallade
|-unboost|p2a: Gallade|atk|1
|turn|20
|
|detailschange|p1a: Salamence|Salamence-Mega, M
|message|Salamence has Mega Evolved into Mega Salamence!
|move|p2a: Gallade|Skill Swap|p1a: Salamence
|-activate|p2a: Gallade|move: Skill Swap|Aerilate|Inner Focus|[of] p1a: Salamence
|move|p1a: Salamence|Roost|p1a: Salamence
|-heal|p1a: Salamence|303\/394
|
|turn|21
|c|âRhayader|KEK
|c|âClefairy|what
|
|move|p1a: Salamence|Dragon Dance|p1a: Salamence
|-boost|p1a: Salamence|atk|1
|-boost|p1a: Salamence|spe|1
|move|p2a: Gallade|Substitute|p2a: Gallade
|-start|p2a: Gallade|Substitute
|-damage|p2a: Gallade|181\/277
|
|turn|22
|
|move|p1a: Salamence|Earthquake|p2a: Gallade
|-end|p2a: Gallade|Substitute
|move|p2a: Gallade|Knock Off|p1a: Salamence
|-damage|p1a: Salamence|258\/394
|
|turn|23
|c|âClefairy|seriously what
|
|move|p1a: Salamence|Dragon Dance|p1a: Salamence
|-boost|p1a: Salamence|atk|1
|-boost|p1a: Salamence|spe|1
|move|p2a: Gallade|Drain Punch|p1a: Salamence
|-resisted|p1a: Salamence
|-damage|p1a: Salamence|215\/394
|-heal|p2a: Gallade|203\/277|[from] drain|[of] p1a: Salamence
|
|turn|24
|
|move|p1a: Salamence|Roost|p1a: Salamence
|-heal|p1a: Salamence|394\/394
|move|p2a: Gallade|Drain Punch|p1a: Salamence
|-damage|p1a: Salamence|310\/394
|-heal|p2a: Gallade|245\/277|[from] drain|[of] p1a: Salamence
|
|turn|25
|
|switch|p2a: Clefable|Clefable, M|394\/394
|move|p1a: Salamence|Dragon Dance|p1a: Salamence
|-boost|p1a: Salamence|atk|1
|-boost|p1a: Salamence|spe|1
|
|turn|26
|c|âRhayader|unaware guard pls
|c|âClefairy|inb4 unaware
|
|move|p1a: Salamence|Earthquake|p2a: Clefable
|-damage|p2a: Clefable|162\/394
|move|p2a: Clefable|Moonblast|p1a: Salamence
|-supereffective|p1a: Salamence
|-damage|p1a: Salamence|74\/394
|
|-heal|p2a: Clefable|186\/394|[from] item: Leftovers
|turn|27
|c|âRhayader|fucking nice
|c|âClefairy|lamo you lose
|
|move|p1a: Salamence|Roost|p1a: Salamence
|-heal|p1a: Salamence|271\/394
|move|p2a: Clefable|Moonblast|p1a: Salamence
|-supereffective|p1a: Salamence
|-damage|p1a: Salamence|53\/394
|
|-heal|p2a: Clefable|210\/394|[from] item: Leftovers
|turn|28
|
|move|p2a: Clefable|Protect|p2a: Clefable
|-singleturn|p2a: Clefable|Protect
|move|p1a: Salamence|Earthquake|p2a: Clefable
|-activate|p2a: Clefable|Protect
|
|-heal|p2a: Clefable|234\/394|[from] item: Leftovers
|turn|29
|c|âRhayader|lamo...
|
|move|p1a: Salamence|Roost|p1a: Salamence
|-heal|p1a: Salamence|250\/394
|move|p2a: Clefable|Moonblast|p1a: Salamence
|-supereffective|p1a: Salamence
|-damage|p1a: Salamence|0 fnt
|faint|p1a: Salamence
|
|win|Rhayader
|c|âClefairy|epic
|c|âClefairy|EPIC
|c|âRhayader|fugging rekt
|c|âClefairy|epic minmax
|c|âClefairy|epic..
|leave|Clefairy
|player|p1