|join|Aggron
|join|Rhayader
|player|p1|Aggron|101
|player|p2|Rhayader|40
|gametype|singles
|gen|6
|tier|OU
|rated
|clearpoke
|poke|p1|Gardevoir, M, shiny
|poke|p1|Crawdaunt, M
|poke|p1|Magnezone
|poke|p1|Scizor, M
|poke|p1|Hydreigon, M
|poke|p1|Crobat, M
|poke|p2|Steelix, F
|poke|p2|Porygon2
|poke|p2|Medicham, M
|poke|p2|Sylveon, F
|poke|p2|Alomomola, M
|poke|p2|Rotom-Heat
|rule|Swagger Clause: Swagger is banned
|rule|Baton Pass Clause: Limit one PokÃ©mon knowing Baton Pass
|rule|Sleep Clause Mod: Limit one foe put to sleep
|rule|Species Clause: Limit one of each PokÃ©mon
|rule|OHKO Clause: OHKO moves are banned
|rule|Moody Clause: Moody is banned
|rule|Evasion Moves Clause: Evasion moves are banned
|rule|Endless Battle Clause: Forcing endless battles is banned
|rule|HP Percentage Mod: HP is shown in percentages
|teampreview
|c|âAggron|hf
|
|start
|switch|p1a: Soren|Gardevoir, M, shiny|278\/278
|switch|p2a: ghost oven|Rotom-Heat|279\/279
|-ability|p1a: Soren|Levitate|[from] ability: Trace|[of] p2a: ghost oven
|turn|1
|
|detailschange|p1a: Soren|Gardevoir-Mega, M, shiny
|message|Gardevoir has Mega Evolved into Mega Gardevoir!
|move|p2a: ghost oven|Will-O-Wisp|p1a: Soren
|-status|p1a: Soren|brn
|move|p1a: Soren|Psyshock|p2a: ghost oven
|-crit|p2a: ghost oven
|-damage|p2a: ghost oven|44\/279
|
|-damage|p1a: Soren|244\/278 brn|[from] brn
|turn|2
|
|switch|p2a: best ducke|Porygon2|374\/374
|-ability|p2a: best ducke|Pixilate|[from] ability: Trace|[of] p1a: Soren
|move|p1a: Soren|Hyper Voice|p2a: best ducke
|-damage|p2a: best ducke|247\/374
|
|-damage|p1a: Soren|210\/278 brn|[from] brn
|turn|3
|
|switch|p1a: Czar|Scizor, M|282\/282
|move|p2a: best ducke|Recover|p2a: best ducke
|-heal|p2a: best ducke|374\/374
|
|turn|4
|
|switch|p2a: Mega-Luvdisc|Alomomola, M|534\/534
|move|p1a: Czar|U-turn|p2a: Mega-Luvdisc
|-damage|p2a: Mega-Luvdisc|374\/534
|-damage|p1a: Czar|254\/282|[from] item: Life Orb
|
|switch|p1a: Hello excadrill|Magnezone|282\/282
|-item|p1a: Hello excadrill|Air Balloon
|
|-heal|p2a: Mega-Luvdisc|407\/534|[from] item: Leftovers
|turn|5
|
|move|p2a: Mega-Luvdisc|Protect|p2a: Mega-Luvdisc
|-singleturn|p2a: Mega-Luvdisc|Protect
|move|p1a: Hello excadrill|Volt Switch|p2a: Mega-Luvdisc
|-activate|p2a: Mega-Luvdisc|Protect
|
|-heal|p2a: Mega-Luvdisc|440\/534|[from] item: Leftovers
|turn|6
|
|switch|p2a: best ducke|Porygon2|374\/374
|-ability|p2a: best ducke|Magnet Pull|[from] ability: Trace|[of] p1a: Hello excadrill
|move|p1a: Hello excadrill|Volt Switch|p2a: best ducke
|-damage|p2a: best ducke|314\/374
|
|switch|p1a: Big Meaty Claws|Crawdaunt, M|268\/268
|
|turn|7
|
|switch|p2a: Mega-Luvdisc|Alomomola, M|534\/534
|move|p1a: Big Meaty Claws|Knock Off|p2a: Mega-Luvdisc
|-damage|p2a: Mega-Luvdisc|295\/534
|-enditem|p2a: Mega-Luvdisc|Leftovers|[from] move: Knock Off|[of] p1a: Big Meaty Claws
|-damage|p1a: Big Meaty Claws|242\/268|[from] item: Life Orb
|
|turn|8
|
|switch|p1a: Hello excadrill|Magnezone|282\/282
|-item|p1a: Hello excadrill|Air Balloon
|move|p2a: Mega-Luvdisc|Wish|p2a: Mega-Luvdisc
|
|turn|9
|
|switch|p2a: STEEEEEEEEEEEEEEEE|Steelix, F|268\/268
|move|p1a: Hello excadrill|Volt Switch|p2a: STEEEEEEEEEEEEEEEE
|-immune|p2a: STEEEEEEEEEEEEEEEE|[msg]
|
|turn|10
|c|âAggron|that was a bad play
|
|move|p1a: Hello excadrill|Hidden Power|p2a: STEEEEEEEEEEEEEEEE
|-supereffective|p2a: STEEEEEEEEEEEEEEEE
|-damage|p2a: STEEEEEEEEEEEEEEEE|116\/268
|move|p2a: STEEEEEEEEEEEEEEEE|Stealth Rock|p1a: Hello excadrill
|-sidestart|p1: Aggron|move: Stealth Rock
|
|-heal|p2a: STEEEEEEEEEEEEEEEE|132\/268|[from] item: Leftovers
|turn|11
|c|âRhayader|no
|c|âRhayader|it wasnt
|c|âAggron|yeah it was
|c|âRhayader|i know what im doing
|
|move|p1a: Hello excadrill|Hidden Power|p2a: STEEEEEEEEEEEEEEEE
|-crit|p2a: STEEEEEEEEEEEEEEEE
|-supereffective|p2a: STEEEEEEEEEEEEEEEE
|-damage|p2a: STEEEEEEEEEEEEEEEE|0 fnt
|faint|p2a: STEEEEEEEEEEEEEEEE
|
|
|switch|p2a: FUCK YOU CHANSEY|Medicham, M|261\/261
|turn|12
|
|detailschange|p2a: FUCK YOU CHANSEY|Medicham-Mega, M
|message|Medicham has Mega Evolved into Mega Medicham!
|move|p2a: FUCK YOU CHANSEY|Zen Headbutt|p1a: Hello excadrill
|-crit|p1a: Hello excadrill
|-resisted|p1a: Hello excadrill
|-damage|p1a: Hello excadrill|113\/282
|-enditem|p1a: Hello excadrill|Air Balloon
|move|p1a: Hello excadrill|Volt Switch|p2a: FUCK YOU CHANSEY
|-damage|p2a: FUCK YOU CHANSEY|131\/261
|
|switch|p1a: Nightwing|Crobat, M|353\/353
|-damage|p1a: Nightwing|265\/353|[from] Stealth Rock
|
|-heal|p1a: Nightwing|287\/353|[from] item: Black Sludge
|turn|13
|
|switch|p2a: Mega-Luvdisc|Alomomola, M|473\/534
|move|p1a: Nightwing|Defog|p2a: Mega-Luvdisc
|-unboost|p2a: Mega-Luvdisc|evasion|1
|-sideend|p1: Aggron|Stealth Rock|[from] move: Defog|[of] p1a: Nightwing
|
|-heal|p1a: Nightwing|309\/353|[from] item: Black Sludge
|turn|14
|
|move|p1a: Nightwing|U-turn|p2a: Mega-Luvdisc
|-damage|p2a: Mega-Luvdisc|428\/534
|
|switch|p1a: Hello excadrill|Magnezone|113\/282
|move|p2a: Mega-Luvdisc|Wish|p2a: Mega-Luvdisc
|
|turn|15
|
|switch|p2a: best ducke|Porygon2|314\/374
|-ability|p2a: best ducke|Magnet Pull|[from] ability: Trace|[of] p1a: Hello excadrill
|move|p1a: Hello excadrill|Volt Switch|p2a: best ducke
|-damage|p2a: best ducke|254\/374
|
|switch|p1a: Big Meaty Claws|Crawdaunt, M|242\/268
|
|-heal|p2a: best ducke|374\/374|[from] move: Wish|[wisher] Mega-Luvdisc
|turn|16
|
|switch|p1a: Hello excadrill|Magnezone|113\/282
|switch|p2a: Mega-Luvdisc|Alomomola, M|534\/534
|
|turn|17
|
|switch|p2a: best ducke|Porygon2|374\/374
|-ability|p2a: best ducke|Magnet Pull|[from] ability: Trace|[of] p1a: Hello excadrill
|move|p1a: Hello excadrill|Volt Switch|p2a: best ducke
|-damage|p2a: best ducke|308\/374
|
|switch|p1a: Big Meaty Claws|Crawdaunt, M|242\/268
|
|turn|18
|
|move|p1a: Big Meaty Claws|Knock Off|p2a: best ducke
|-damage|p2a: best ducke|84\/374
|-enditem|p2a: best ducke|Eviolite|[from] move: Knock Off|[of] p1a: Big Meaty Claws
|-damage|p1a: Big Meaty Claws|216\/268|[from] item: Life Orb
|move|p2a: best ducke|Thunderbolt|p1a: Big Meaty Claws
|-supereffective|p1a: Big Meaty Claws
|-damage|p1a: Big Meaty Claws|0 fnt
|faint|p1a: Big Meaty Claws
|
|
|switch|p1a: Czar|Scizor, M|254\/282
|turn|19
|
|switch|p2a: Mega-Luvdisc|Alomomola, M|534\/534
|move|p1a: Czar|U-turn|p2a: Mega-Luvdisc
|-damage|p2a: Mega-Luvdisc|385\/534
|-damage|p1a: Czar|226\/282|[from] item: Life Orb
|
|switch|p1a: Hello excadrill|Magnezone|113\/282
|
|turn|20
|
|move|p2a: Mega-Luvdisc|Protect|p2a: Mega-Luvdisc
|-singleturn|p2a: Mega-Luvdisc|Protect
|move|p1a: Hello excadrill|Volt Switch|p2a: Mega-Luvdisc
|-activate|p2a: Mega-Luvdisc|Protect
|
|turn|21
|
|switch|p2a: best ducke|Porygon2|84\/374
|-ability|p2a: best ducke|Magnet Pull|[from] ability: Trace|[of] p1a: Hello excadrill
|move|p1a: Hello excadrill|Volt Switch|p2a: best ducke
|-damage|p2a: best ducke|0 fnt
|faint|p2a: best ducke
|
|switch|p1a: Soren|Gardevoir-Mega, M, shiny|210\/278 brn
|
|-damage|p1a: Soren|176\/278 brn|[from] brn
|
|switch|p2a: ghost oven|Rotom-Heat|44\/279
|turn|22
|
|move|p2a: ghost oven|Volt Switch|p1a: Soren
|-damage|p1a: Soren|83\/278 brn
|
|switch|p2a: Mega-Luvdisc|Alomomola, M|534\/534
|move|p1a: Soren|Hyper Voice|p2a: Mega-Luvdisc
|-damage|p2a: Mega-Luvdisc|45\/534
|
|-damage|p1a: Soren|49\/278 brn|[from] brn
|turn|23
|
|move|p2a: Mega-Luvdisc|Protect|p2a: Mega-Luvdisc
|-singleturn|p2a: Mega-Luvdisc|Protect
|move|p1a: Soren|Hyper Voice|p2a: Mega-Luvdisc
|-activate|p2a: Mega-Luvdisc|Protect
|
|-damage|p1a: Soren|15\/278 brn|[from] brn
|turn|24
|
|switch|p2a: super meta|Sylveon, F|394\/394
|move|p1a: Soren|Healing Wish|p1a: Soren
|faint|p1a: Soren
|
|
|switch|p1a: Hello excadrill|Magnezone|113\/282
|-heal|p1a: Hello excadrill|282\/282|[from] move: Healing Wish
|turn|25
|
|move|p1a: Hello excadrill|Flash Cannon|p2a: super meta
|-supereffective|p2a: super meta
|-damage|p2a: super meta|176\/394
|move|p2a: super meta|Calm Mind|p2a: super meta
|-boost|p2a: super meta|spa|1
|-boost|p2a: super meta|spd|1
|
|-heal|p2a: super meta|200\/394|[from] item: Leftovers
|turn|26
|
|move|p1a: Hello excadrill|Volt Switch|p2a: super meta
|-damage|p2a: super meta|131\/394
|
|switch|p1a: Czar|Scizor, M|226\/282
|move|p2a: super meta|Hyper Voice|p1a: Czar
|-resisted|p1a: Czar
|-damage|p1a: Czar|89\/282
|
|-heal|p2a: super meta|155\/394|[from] item: Leftovers
|turn|27
|
|switch|p2a: Mega-Luvdisc|Alomomola, M|223\/534
|move|p1a: Czar|U-turn|p2a: Mega-Luvdisc
|-crit|p2a: Mega-Luvdisc
|-damage|p2a: Mega-Luvdisc|0 fnt
|-damage|p1a: Czar|61\/282|[from] item: Life Orb
|faint|p2a: Mega-Luvdisc
|
|switch|p1a: Dre|Hydreigon, M|325\/325
|
|
|switch|p2a: FUCK YOU CHANSEY|Medicham-Mega, M|131\/261
|turn|28
|
|switch|p1a: Nightwing|Crobat, M|309\/353
|move|p2a: FUCK YOU CHANSEY|High Jump Kick|p1a: Nightwing
|-resisted|p1a: Nightwing
|-damage|p1a: Nightwing|186\/353
|
|-heal|p1a: Nightwing|208\/353|[from] item: Black Sludge
|turn|29
|
|move|p1a: Nightwing|Brave Bird|p2a: FUCK YOU CHANSEY
|-supereffective|p2a: FUCK YOU CHANSEY
|-damage|p2a: FUCK YOU CHANSEY|0 fnt
|-damage|p1a: Nightwing|165\/353|[from] recoil|[of] p2a: FUCK YOU CHANSEY
|faint|p2a: FUCK YOU CHANSEY
|
|-heal|p1a: Nightwing|187\/353|[from] item: Black Sludge
|
|switch|p2a: ghost oven|Rotom-Heat|44\/279
|turn|30
|
|switch|p1a: Hello excadrill|Magnezone|282\/282
|move|p2a: ghost oven|Volt Switch|p1a: Hello excadrill
|-resisted|p1a: Hello excadrill
|-damage|p1a: Hello excadrill|219\/282
|
|switch|p2a: super meta|Sylveon, F|155\/394
|
|-heal|p2a: super meta|179\/394|[from] item: Leftovers
|turn|31
|
|move|p1a: Hello excadrill|Flash Cannon|p2a: super meta
|-supereffective|p2a: super meta
|-damage|p2a: super meta|0 fnt
|faint|p2a: super meta
|
|
|switch|p2a: ghost oven|Rotom-Heat|44\/279
|turn|32
|
|switch|p1a: Dre|Hydreigon, M|325\/325
|move|p2a: ghost oven|Overheat|p1a: Dre
|-resisted|p1a: Dre
|-damage|p1a: Dre|206\/325
|-unboost|p2a: ghost oven|spa|2
|
|turn|33
|c|âAggron|gg
|c|âRhayader|gg
|
|move|p1a: Dre|Dark Pulse|p2a: ghost oven
|-damage|p2a: ghost oven|0 fnt
|faint|p2a: ghost oven
|
|win|Aggron
|raw|Ladder updating...
|raw|Aggron's rating: 1599 &rarr; <strong>1620<\/strong><br \/>(+21 for winning)
|raw|Rhayader's rating: 1621 &rarr; <strong>1600<\/strong><br \/>(-21 for losing)