|join|Edgar poe
|join|Rhayader
|player|p1|Edgar poe|265
|player|p2|Rhayader|40
|gametype|singles
|gen|6
|tier|OU
|rated
|clearpoke
|poke|p1|Diggersby, F
|poke|p1|Latias, F
|poke|p1|Magnezone
|poke|p1|Garchomp, M
|poke|p1|Pinsir, M
|poke|p1|Azumarill, M
|poke|p2|Steelix, M
|poke|p2|Porygon2
|poke|p2|Medicham, F
|poke|p2|Sylveon, M
|poke|p2|Alomomola, M
|poke|p2|Rotom-Heat
|rule|Swagger Clause: Swagger is banned
|rule|Baton Pass Clause: Limit one PokÃ©mon knowing Baton Pass
|rule|Sleep Clause Mod: Limit one foe put to sleep
|rule|Species Clause: Limit one of each PokÃ©mon
|rule|OHKO Clause: OHKO moves are banned
|rule|Moody Clause: Moody is banned
|rule|Evasion Moves Clause: Evasion moves are banned
|rule|Endless Battle Clause: Forcing endless battles is banned
|rule|HP Percentage Mod: HP is shown in percentages
|teampreview
|
|start
|switch|p1a: Garchomp|Garchomp, M|358\/358
|switch|p2a: ghost oven|Rotom-Heat|279\/279
|turn|1
|
|move|p2a: ghost oven|Will-O-Wisp|p1a: Garchomp
|-status|p1a: Garchomp|brn
|-enditem|p1a: Garchomp|Lum Berry|[eat]
|-curestatus|p1a: Garchomp|brn
|move|p1a: Garchomp|Swords Dance|p1a: Garchomp
|-boost|p1a: Garchomp|atk|2
|
|turn|2
|
|move|p2a: ghost oven|Will-O-Wisp|p1a: Garchomp
|-status|p1a: Garchomp|brn
|move|p1a: Garchomp|Swords Dance|p1a: Garchomp
|-boost|p1a: Garchomp|atk|2
|
|-damage|p1a: Garchomp|314\/358 brn|[from] brn
|turn|3
|
|switch|p2a: Mega-Luvdisc|Alomomola, M|534\/534
|move|p1a: Garchomp|Swords Dance|p1a: Garchomp
|-boost|p1a: Garchomp|atk|2
|
|-damage|p1a: Garchomp|270\/358 brn|[from] brn
|turn|4
|
|move|p1a: Garchomp|Earthquake|p2a: Mega-Luvdisc
|-damage|p2a: Mega-Luvdisc|240\/534
|move|p2a: Mega-Luvdisc|Soak|p1a: Garchomp
|-start|p1a: Garchomp|typechange|Water
|
|-heal|p2a: Mega-Luvdisc|273\/534|[from] item: Leftovers
|-damage|p1a: Garchomp|226\/358 brn|[from] brn
|turn|5
|
|move|p1a: Garchomp|Outrage|p2a: Mega-Luvdisc
|-damage|p2a: Mega-Luvdisc|33\/534
|move|p2a: Mega-Luvdisc|Wish|p2a: Mega-Luvdisc
|
|-heal|p2a: Mega-Luvdisc|66\/534|[from] item: Leftovers
|-damage|p1a: Garchomp|182\/358 brn|[from] brn
|turn|6
|
|move|p2a: Mega-Luvdisc|Protect|p2a: Mega-Luvdisc
|-singleturn|p2a: Mega-Luvdisc|Protect
|move|p1a: Garchomp|Outrage|p2a: Mega-Luvdisc
|-activate|p2a: Mega-Luvdisc|Protect
|
|-heal|p2a: Mega-Luvdisc|333\/534|[from] move: Wish|[wisher] Mega-Luvdisc
|-heal|p2a: Mega-Luvdisc|366\/534|[from] item: Leftovers
|-damage|p1a: Garchomp|138\/358 brn|[from] brn
|turn|7
|
|move|p1a: Garchomp|Outrage|p2a: Mega-Luvdisc
|-damage|p2a: Mega-Luvdisc|123\/534
|move|p2a: Mega-Luvdisc|Wish|p2a: Mega-Luvdisc
|
|-heal|p2a: Mega-Luvdisc|156\/534|[from] item: Leftovers
|-damage|p1a: Garchomp|94\/358 brn|[from] brn
|turn|8
|c|âEdgar poe|ups misclick
|
|move|p2a: Mega-Luvdisc|Protect|p2a: Mega-Luvdisc
|-singleturn|p2a: Mega-Luvdisc|Protect
|move|p1a: Garchomp|Outrage|p2a: Mega-Luvdisc
|-activate|p2a: Mega-Luvdisc|Protect
|
|-end|p1a: Garchomp|rampage
|-start|p1a: Garchomp|confusion
|-heal|p2a: Mega-Luvdisc|423\/534|[from] move: Wish|[wisher] Mega-Luvdisc
|-heal|p2a: Mega-Luvdisc|456\/534|[from] item: Leftovers
|-damage|p1a: Garchomp|50\/358 brn|[from] brn
|turn|9
|
|switch|p1a: Latias|Latias, F|302\/302
|move|p2a: Mega-Luvdisc|Wish|p2a: Mega-Luvdisc
|
|-heal|p2a: Mega-Luvdisc|489\/534|[from] item: Leftovers
|turn|10
|
|switch|p1a: Pinsir|Pinsir, M|272\/272
|switch|p2a: STEEEEEEEEEEEEEEEE|Steelix, M|268\/268
|
|turn|11
|
|detailschange|p1a: Pinsir|Pinsir-Mega, M
|message|Pinsir has Mega Evolved into Mega Pinsir!
|move|p1a: Pinsir|Close Combat|p2a: STEEEEEEEEEEEEEEEE
|-supereffective|p2a: STEEEEEEEEEEEEEEEE
|-damage|p2a: STEEEEEEEEEEEEEEEE|102\/268
|-unboost|p1a: Pinsir|def|1
|-unboost|p1a: Pinsir|spd|1
|move|p2a: STEEEEEEEEEEEEEEEE|Stealth Rock|p1a: Pinsir
|-sidestart|p1: Edgar poe|move: Stealth Rock
|
|-heal|p2a: STEEEEEEEEEEEEEEEE|118\/268|[from] item: Leftovers
|turn|12
|
|switch|p2a: Mega-Luvdisc|Alomomola, M|534\/534
|move|p1a: Pinsir|Close Combat|p2a: Mega-Luvdisc
|-damage|p2a: Mega-Luvdisc|389\/534
|-unboost|p1a: Pinsir|def|1
|-unboost|p1a: Pinsir|spd|1
|
|-heal|p2a: Mega-Luvdisc|422\/534|[from] item: Leftovers
|turn|13
|
|switch|p1a: Latias|Latias, F|302\/302
|-damage|p1a: Latias|265\/302|[from] Stealth Rock
|move|p2a: Mega-Luvdisc|Toxic|p1a: Latias
|-status|p1a: Latias|tox
|
|-heal|p2a: Mega-Luvdisc|455\/534|[from] item: Leftovers
|-damage|p1a: Latias|247\/302 tox|[from] psn
|turn|14
|
|move|p1a: Latias|Defog|p2a: Mega-Luvdisc
|-unboost|p2a: Mega-Luvdisc|evasion|1
|-sideend|p1: Edgar poe|Stealth Rock|[from] move: Defog|[of] p1a: Latias
|move|p2a: Mega-Luvdisc|Wish|p2a: Mega-Luvdisc
|
|-heal|p2a: Mega-Luvdisc|488\/534|[from] item: Leftovers
|-damage|p1a: Latias|211\/302 tox|[from] psn
|turn|15
|
|switch|p1a: Pinsir|Pinsir-Mega, M|272\/272
|switch|p2a: STEEEEEEEEEEEEEEEE|Steelix, M|118\/268
|
|-heal|p2a: STEEEEEEEEEEEEEEEE|268\/268|[from] move: Wish|[wisher] Mega-Luvdisc
|turn|16
|
|move|p1a: Pinsir|Close Combat|p2a: STEEEEEEEEEEEEEEEE
|-supereffective|p2a: STEEEEEEEEEEEEEEEE
|-damage|p2a: STEEEEEEEEEEEEEEEE|84\/268
|-unboost|p1a: Pinsir|def|1
|-unboost|p1a: Pinsir|spd|1
|move|p2a: STEEEEEEEEEEEEEEEE|Gyro Ball|p1a: Pinsir
|-damage|p1a: Pinsir|0 fnt
|faint|p1a: Pinsir
|
|-heal|p2a: STEEEEEEEEEEEEEEEE|100\/268|[from] item: Leftovers
|
|switch|p1a: Azumarill|Azumarill, M|403\/403
|turn|17
|
|switch|p2a: Mega-Luvdisc|Alomomola, M|534\/534
|move|p1a: Azumarill|Knock Off|p2a: Mega-Luvdisc
|-damage|p2a: Mega-Luvdisc|411\/534
|-enditem|p2a: Mega-Luvdisc|Leftovers|[from] move: Knock Off|[of] p1a: Azumarill
|
|turn|18
|c|âEdgar poe|fck this cancer
|
|switch|p1a: Latias|Latias, F|211\/302 tox
|move|p2a: Mega-Luvdisc|Wish|p2a: Mega-Luvdisc
|
|-damage|p1a: Latias|193\/302 tox|[from] psn
|turn|19
|
|switch|p2a: best ducke|Porygon2|374\/374
|-ability|p2a: best ducke|Levitate|[from] ability: Trace|[of] p1a: Latias
|move|p1a: Latias|Draco Meteor|p2a: best ducke
|-crit|p2a: best ducke
|-damage|p2a: best ducke|182\/374
|-unboost|p1a: Latias|spa|2
|-damage|p1a: Latias|163\/302 tox|[from] item: Life Orb
|
|-heal|p2a: best ducke|374\/374|[from] move: Wish|[wisher] Mega-Luvdisc
|-damage|p1a: Latias|127\/302 tox|[from] psn
|turn|20
|
|switch|p1a: Azumarill|Azumarill, M|403\/403
|move|p2a: best ducke|Thunderbolt|p1a: Azumarill
|-supereffective|p1a: Azumarill
|-damage|p1a: Azumarill|289\/403
|
|turn|21
|
|switch|p2a: Mega-Luvdisc|Alomomola, M|534\/534
|move|p1a: Azumarill|Play Rough|p2a: Mega-Luvdisc
|-damage|p2a: Mega-Luvdisc|366\/534
|
|turn|22
|
|switch|p1a: Latias|Latias, F|127\/302 tox
|move|p2a: Mega-Luvdisc|Wish|p2a: Mega-Luvdisc
|
|-damage|p1a: Latias|109\/302 tox|[from] psn
|turn|23
|
|switch|p2a: best ducke|Porygon2|374\/374
|-ability|p2a: best ducke|Levitate|[from] ability: Trace|[of] p1a: Latias
|move|p1a: Latias|Draco Meteor|p2a: best ducke
|-crit|p2a: best ducke
|-damage|p2a: best ducke|182\/374
|-unboost|p1a: Latias|spa|2
|-damage|p1a: Latias|79\/302 tox|[from] item: Life Orb
|
|-heal|p2a: best ducke|374\/374|[from] move: Wish|[wisher] Mega-Luvdisc
|-damage|p1a: Latias|43\/302 tox|[from] psn
|turn|24
|
|move|p1a: Latias|Healing Wish|p1a: Latias
|faint|p1a: Latias
|move|p2a: best ducke|Ice Beam|p1: Latias|[notarget]
|-notarget
|
|
|switch|p1a: Garchomp|Garchomp, M|50\/358 brn
|-heal|p1a: Garchomp|358\/358|[from] move: Healing Wish
|turn|25
|
|switch|p1a: Azumarill|Azumarill, M|289\/403
|switch|p2a: Mega-Luvdisc|Alomomola, M|534\/534
|
|turn|26
|
|switch|p1a: Magnezone|Magnezone|282\/282
|move|p2a: Mega-Luvdisc|Wish|p2a: Mega-Luvdisc
|
|turn|27
|
|switch|p2a: STEEEEEEEEEEEEEEEE|Steelix, M|100\/268
|move|p1a: Magnezone|Hidden Power|p2a: STEEEEEEEEEEEEEEEE
|-supereffective|p2a: STEEEEEEEEEEEEEEEE
|-damage|p2a: STEEEEEEEEEEEEEEEE|0 fnt
|faint|p2a: STEEEEEEEEEEEEEEEE
|
|
|switch|p2a: FUCK YOU CHANSEY|Medicham, F|261\/261
|turn|28
|
|detailschange|p2a: FUCK YOU CHANSEY|Medicham-Mega, F
|message|Medicham has Mega Evolved into Mega Medicham!
|move|p1a: Magnezone|Hidden Power|p2a: FUCK YOU CHANSEY
|-damage|p2a: FUCK YOU CHANSEY|177\/261
|move|p2a: FUCK YOU CHANSEY|High Jump Kick|p1a: Magnezone
|-supereffective|p1a: Magnezone
|-damage|p1a: Magnezone|0 fnt
|faint|p1a: Magnezone
|
|join|H & A winter
|
|switch|p1a: Garchomp|Garchomp, M|358\/358
|turn|29
|
|switch|p2a: Mega-Luvdisc|Alomomola, M|534\/534
|move|p1a: Garchomp|Swords Dance|p1a: Garchomp
|-boost|p1a: Garchomp|atk|2
|
|turn|30
|
|move|p1a: Garchomp|Outrage|p2a: Mega-Luvdisc
|-damage|p2a: Mega-Luvdisc|182\/534
|move|p2a: Mega-Luvdisc|Toxic|p1a: Garchomp
|-status|p1a: Garchomp|tox
|
|-damage|p1a: Garchomp|336\/358 tox|[from] psn
|turn|31
|
|move|p2a: Mega-Luvdisc|Protect|p2a: Mega-Luvdisc
|-singleturn|p2a: Mega-Luvdisc|Protect
|move|p1a: Garchomp|Outrage|p2a: Mega-Luvdisc
|-activate|p2a: Mega-Luvdisc|Protect
|
|-end|p1a: Garchomp|rampage
|-start|p1a: Garchomp|confusion
|-damage|p1a: Garchomp|292\/358 tox|[from] psn
|turn|32
|
|switch|p2a: ghost oven|Rotom-Heat|279\/279
|-activate|p1a: Garchomp|confusion
|-damage|p1a: Garchomp|186\/358 tox|[from] confusion
|
|-damage|p1a: Garchomp|120\/358 tox|[from] psn
|turn|33
|c|âEdgar poe|IT IS A SHAmE
|
|move|p2a: ghost oven|Overheat|p1a: Garchomp
|-resisted|p1a: Garchomp
|-damage|p1a: Garchomp|0 fnt
|-unboost|p2a: ghost oven|spa|2
|faint|p1a: Garchomp
|
|
|switch|p1a: Diggersby|Diggersby, F|311\/311
|turn|34
|
|switch|p2a: Mega-Luvdisc|Alomomola, M|360\/534
|move|p1a: Diggersby|Swords Dance|p1a: Diggersby
|-boost|p1a: Diggersby|atk|2
|
|turn|35
|
|move|p1a: Diggersby|Return|p2a: Mega-Luvdisc
|-damage|p2a: Mega-Luvdisc|0 fnt
|faint|p2a: Mega-Luvdisc
|
|
|switch|p2a: ghost oven|Rotom-Heat|279\/279
|turn|36
|
|move|p2a: ghost oven|Will-O-Wisp|p1a: Diggersby|[miss]
|-miss|p2a: ghost oven|p1a: Diggersby
|move|p1a: Diggersby|Swords Dance|p1a: Diggersby
|-boost|p1a: Diggersby|atk|2
|
|turn|37
|
|move|p2a: ghost oven|Will-O-Wisp|p1a: Diggersby|[miss]
|-miss|p2a: ghost oven|p1a: Diggersby
|move|p1a: Diggersby|Return|p2a: ghost oven
|-damage|p2a: ghost oven|0 fnt
|faint|p2a: ghost oven
|
|c|âEdgar poe|ice
|
|switch|p2a: FUCK YOU CHANSEY|Medicham-Mega, F|177\/261
|turn|38
|c|âEdgar poe|nice
|
|move|p1a: Diggersby|Quick Attack|p2a: FUCK YOU CHANSEY
|-damage|p2a: FUCK YOU CHANSEY|0 fnt
|faint|p2a: FUCK YOU CHANSEY
|
|
|switch|p2a: super meta|Sylveon, M|394\/394
|turn|39
|
|move|p1a: Diggersby|Return|p2a: super meta
|-damage|p2a: super meta|0 fnt
|faint|p2a: super meta
|
|
|switch|p2a: best ducke|Porygon2|374\/374
|-ability|p2a: best ducke|Huge Power|[from] ability: Trace|[of] p1a: Diggersby
|turn|40
|c|âEdgar poe|:D gg
|
|move|p1a: Diggersby|Return|p2a: best ducke
|-damage|p2a: best ducke|0 fnt
|faint|p2a: best ducke
|
|win|Edgar poe
|raw|Ladder updating...
|raw|Edgar poe's rating: 1636 &rarr; <strong>1658<\/strong><br \/>(+22 for winning)
|raw|Rhayader's rating: 1661 &rarr; <strong>1639<\/strong><br \/>(-22 for losing)
|leave|Rhayader
|player|p2