|join|Rhayader
|join|DuhHarro
|player|p1|Rhayader|40
|player|p2|DuhHarro|80
|gametype|singles
|gen|6
|tier|OU
|rated
|clearpoke
|poke|p1|Steelix, M
|poke|p1|Porygon2
|poke|p1|Medicham, M
|poke|p1|Sylveon, F
|poke|p1|Alomomola, F
|poke|p1|Rotom-Heat
|poke|p2|Jirachi, shiny
|poke|p2|Keldeo-Resolute
|poke|p2|Landorus-Therian, M, shiny
|poke|p2|Sylveon, F
|poke|p2|Mandibuzz, F
|poke|p2|Scizor, M
|rule|Swagger Clause: Swagger is banned
|rule|Baton Pass Clause: Limit one PokÃ©mon knowing Baton Pass
|rule|Sleep Clause Mod: Limit one foe put to sleep
|rule|Species Clause: Limit one of each PokÃ©mon
|rule|OHKO Clause: OHKO moves are banned
|rule|Moody Clause: Moody is banned
|rule|Evasion Moves Clause: Evasion moves are banned
|rule|Endless Battle Clause: Forcing endless battles is banned
|rule|HP Percentage Mod: HP is shown in percentages
|teampreview
|c|âDuhHarro|gl hf
|
|start
|switch|p1a: ghost oven|Rotom-Heat|279\/279
|switch|p2a: Unicorn|Keldeo-Resolute|323\/323
|turn|1
|
|switch|p2a: Kraven|Landorus-Therian, M, shiny|325\/325
|-ability|p2a: Kraven|Intimidate|[of] p1a: ghost oven
|-unboost|p1a: ghost oven|atk|1
|move|p1a: ghost oven|Volt Switch|p2a: Kraven
|-immune|p2a: Kraven|[msg]
|
|turn|2
|
|switch|p1a: Mega-Luvdisc|Alomomola, F|534\/534
|move|p2a: Kraven|Stealth Rock|p1a: Mega-Luvdisc
|-sidestart|p1: Rhayader|move: Stealth Rock
|
|turn|3
|
|switch|p2a: Unicorn|Keldeo-Resolute|323\/323
|move|p1a: Mega-Luvdisc|Soak|p2a: Unicorn
|-start|p2a: Unicorn|typechange|Water
|
|turn|4
|
|move|p2a: Unicorn|Scald|p1a: Mega-Luvdisc
|-resisted|p1a: Mega-Luvdisc
|-damage|p1a: Mega-Luvdisc|332\/534
|move|p1a: Mega-Luvdisc|Toxic|p2a: Unicorn
|-status|p2a: Unicorn|tox
|
|-heal|p1a: Mega-Luvdisc|365\/534|[from] item: Leftovers
|-damage|p2a: Unicorn|303\/323 tox|[from] psn
|turn|5
|
|switch|p2a: Death Wish|Jirachi, shiny|399\/399
|move|p1a: Mega-Luvdisc|Protect|p1a: Mega-Luvdisc
|-fail|p1a: Mega-Luvdisc
|
|-heal|p1a: Mega-Luvdisc|398\/534|[from] item: Leftovers
|turn|6
|
|move|p2a: Death Wish|Doom Desire|p1a: Mega-Luvdisc
|-start|p2a: Death Wish|Doom Desire
|move|p1a: Mega-Luvdisc|Soak|p2a: Death Wish
|-start|p2a: Death Wish|typechange|Water
|
|-heal|p1a: Mega-Luvdisc|431\/534|[from] item: Leftovers
|turn|7
|
|move|p2a: Death Wish|Rain Dance|p2a: Death Wish
|-weather|RainDance
|move|p1a: Mega-Luvdisc|Toxic|p2a: Death Wish
|-status|p2a: Death Wish|tox
|
|-weather|RainDance|[upkeep]
|-heal|p1a: Mega-Luvdisc|464\/534|[from] item: Leftovers
|-damage|p2a: Death Wish|375\/399 tox|[from] psn
|turn|8
|
|switch|p1a: best ducke|Porygon2|374\/374
|-damage|p1a: best ducke|328\/374|[from] Stealth Rock
|-ability|p1a: best ducke|Serene Grace|[from] ability: Trace|[of] p2a: Death Wish
|move|p2a: Death Wish|Thunder|p1a: best ducke
|-damage|p1a: best ducke|257\/374
|-status|p1a: best ducke|par
|-damage|p2a: Death Wish|336\/399 tox|[from] item: Life Orb
|
|-weather|RainDance|[upkeep]
|-message|Doom Desire hit! (placeholder)
|-damage|p1a: best ducke|163\/374 par
|-damage|p2a: Death Wish|288\/399 tox|[from] psn
|turn|9
|
|switch|p2a: Unicorn|Keldeo-Resolute|303\/323 tox
|move|p1a: best ducke|Thunderbolt|p2a: Unicorn
|-supereffective|p2a: Unicorn
|-damage|p2a: Unicorn|153\/323 tox
|
|-weather|RainDance|[upkeep]
|-damage|p2a: Unicorn|133\/323 tox|[from] psn
|turn|10
|
|switch|p1a: Mega-Luvdisc|Alomomola, F|534\/534
|-damage|p1a: Mega-Luvdisc|468\/534|[from] Stealth Rock
|move|p2a: Unicorn|Scald|p1a: Mega-Luvdisc
|-resisted|p1a: Mega-Luvdisc
|-damage|p1a: Mega-Luvdisc|168\/534
|
|-weather|RainDance|[upkeep]
|-heal|p1a: Mega-Luvdisc|201\/534|[from] item: Leftovers
|-damage|p2a: Unicorn|93\/323 tox|[from] psn
|turn|11
|
|switch|p2a: Hello Kitty|Sylveon, F|393\/393
|move|p1a: Mega-Luvdisc|Protect|p1a: Mega-Luvdisc
|-fail|p1a: Mega-Luvdisc
|
|-weather|none
|-heal|p1a: Mega-Luvdisc|234\/534|[from] item: Leftovers
|turn|12
|
|move|p1a: Mega-Luvdisc|Wish|p1a: Mega-Luvdisc
|move|p2a: Hello Kitty|Heal Bell|p2a: Hello Kitty
|-cureteam|p2a: Hello Kitty|[from] move: HealBell
|
|-heal|p1a: Mega-Luvdisc|267\/534|[from] item: Leftovers
|turn|13
|c|âDuhHarro|interesting team
|
|switch|p1a: best ducke|Porygon2|163\/374 par
|-damage|p1a: best ducke|117\/374 par|[from] Stealth Rock
|-ability|p1a: best ducke|Pixilate|[from] ability: Trace|[of] p2a: Hello Kitty
|move|p2a: Hello Kitty|Wish|p2a: Hello Kitty
|
|-heal|p1a: best ducke|374\/374 par|[from] move: Wish|[wisher] Mega-Luvdisc
|turn|14
|
|switch|p2a: Death Wish|Jirachi, shiny|288\/399
|switch|p1a: STEEEEEEEEEEEEEEEE|Steelix, M|268\/268
|-damage|p1a: STEEEEEEEEEEEEEEEE|260\/268|[from] Stealth Rock
|
|-heal|p2a: Death Wish|399\/399|[from] move: Wish|[wisher] Hello Kitty
|-heal|p1a: STEEEEEEEEEEEEEEEE|268\/268|[from] item: Leftovers
|turn|15
|
|move|p2a: Death Wish|Doom Desire|p1a: STEEEEEEEEEEEEEEEE
|-start|p2a: Death Wish|Doom Desire
|move|p1a: STEEEEEEEEEEEEEEEE|Stealth Rock|p2a: Death Wish
|-sidestart|p2: DuhHarro|move: Stealth Rock
|
|turn|16
|
|switch|p2a: KawKaw|Mandibuzz, F|424\/424
|-damage|p2a: KawKaw|318\/424|[from] Stealth Rock
|move|p1a: STEEEEEEEEEEEEEEEE|Earthquake|p2a: KawKaw
|-immune|p2a: KawKaw|[msg]
|
|turn|17
|
|switch|p1a: ghost oven|Rotom-Heat|279\/279
|-damage|p1a: ghost oven|210\/279|[from] Stealth Rock
|move|p2a: KawKaw|Toxic|p1a: ghost oven
|-status|p1a: ghost oven|tox
|
|-message|Doom Desire hit! (placeholder)
|-resisted|p1a: ghost oven
|-damage|p1a: ghost oven|142\/279 tox
|-damage|p1a: ghost oven|125\/279 tox|[from] psn
|turn|18
|
|switch|p2a: Hello Kitty|Sylveon, F|393\/393
|-damage|p2a: Hello Kitty|344\/393|[from] Stealth Rock
|move|p1a: ghost oven|Will-O-Wisp|p2a: Hello Kitty
|-status|p2a: Hello Kitty|brn
|
|-heal|p2a: Hello Kitty|368\/393 brn|[from] item: Leftovers
|-damage|p1a: ghost oven|91\/279 tox|[from] psn
|-damage|p2a: Hello Kitty|319\/393 brn|[from] brn
|turn|19
|
|switch|p1a: super meta|Sylveon, F|394\/394
|-damage|p1a: super meta|345\/394|[from] Stealth Rock
|move|p2a: Hello Kitty|Wish|p2a: Hello Kitty
|
|-heal|p1a: super meta|369\/394|[from] item: Leftovers
|-heal|p2a: Hello Kitty|343\/393 brn|[from] item: Leftovers
|-damage|p2a: Hello Kitty|294\/393 brn|[from] brn
|turn|20
|
|switch|p2a: HM01|Scizor, M|343\/343
|-damage|p2a: HM01|301\/343|[from] Stealth Rock
|move|p1a: super meta|Hyper Voice|p2a: HM01
|-resisted|p2a: HM01
|-damage|p2a: HM01|217\/343
|
|-heal|p2a: HM01|343\/343|[from] move: Wish|[wisher] Hello Kitty
|-heal|p1a: super meta|393\/394|[from] item: Leftovers
|turn|21
|join|Love U Illestt
|c| Love U Illestt|BABE!!
|
|detailschange|p2a: HM01|Scizor-Mega, M
|message|Scizor has Mega Evolved into Mega Scizor!
|move|p2a: HM01|Swords Dance|p2a: HM01
|-boost|p2a: HM01|atk|2
|move|p1a: super meta|Heal Bell|p1a: super meta
|-cureteam|p1a: super meta|[from] move: HealBell
|
|-heal|p1a: super meta|394\/394|[from] item: Leftovers
|turn|22
|c|âDuhHarro|hai there
|
|switch|p1a: Mega-Luvdisc|Alomomola, F|445\/534
|-damage|p1a: Mega-Luvdisc|379\/534|[from] Stealth Rock
|move|p2a: HM01|Swords Dance|p2a: HM01
|-boost|p2a: HM01|atk|2
|
|-heal|p1a: Mega-Luvdisc|412\/534|[from] item: Leftovers
|turn|23
|
|move|p2a: HM01|U-turn|p1a: Mega-Luvdisc
|-damage|p1a: Mega-Luvdisc|109\/534
|c|âRhayader|nice boosts
|
|switch|p2a: Death Wish|Jirachi, shiny|399\/399
|-damage|p2a: Death Wish|375\/399|[from] Stealth Rock
|move|p1a: Mega-Luvdisc|Soak|p2a: Death Wish
|-start|p2a: Death Wish|typechange|Water
|
|-heal|p1a: Mega-Luvdisc|142\/534|[from] item: Leftovers
|turn|24
|c|âDuhHarro|ikr
|c|âDuhHarro|byebye boosts
|
|move|p2a: Death Wish|Thunder|p1a: Mega-Luvdisc|[miss]
|-miss|p2a: Death Wish|p1a: Mega-Luvdisc
|move|p1a: Mega-Luvdisc|Wish|p1a: Mega-Luvdisc
|
|-heal|p1a: Mega-Luvdisc|175\/534|[from] item: Leftovers
|turn|25
|
|switch|p1a: ghost oven|Rotom-Heat|91\/279
|-damage|p1a: ghost oven|22\/279|[from] Stealth Rock
|move|p2a: Death Wish|Doom Desire|p1a: ghost oven
|-start|p2a: Death Wish|Doom Desire
|
|-heal|p1a: ghost oven|279\/279|[from] move: Wish|[wisher] Mega-Luvdisc
|turn|26
|c| Love U Illestt|AWEEE
|c|âDuhHarro|sadface
|
|switch|p2a: Hello Kitty|Sylveon, F|294\/393 brn
|-damage|p2a: Hello Kitty|245\/393 brn|[from] Stealth Rock
|move|p1a: ghost oven|Volt Switch|p2a: Hello Kitty
|-damage|p2a: Hello Kitty|172\/393 brn
|
|switch|p1a: STEEEEEEEEEEEEEEEE|Steelix, M|268\/268
|-damage|p1a: STEEEEEEEEEEEEEEEE|260\/268|[from] Stealth Rock
|
|-heal|p2a: Hello Kitty|196\/393 brn|[from] item: Leftovers
|-heal|p1a: STEEEEEEEEEEEEEEEE|268\/268|[from] item: Leftovers
|-damage|p2a: Hello Kitty|147\/393 brn|[from] brn
|turn|27
|
|move|p2a: Hello Kitty|Wish|p2a: Hello Kitty
|move|p1a: STEEEEEEEEEEEEEEEE|Gyro Ball|p2a: Hello Kitty
|-supereffective|p2a: Hello Kitty
|-damage|p2a: Hello Kitty|0 fnt
|faint|p2a: Hello Kitty
|
|-message|Doom Desire hit! (placeholder)
|-resisted|p1a: STEEEEEEEEEEEEEEEE
|-damage|p1a: STEEEEEEEEEEEEEEEE|133\/268
|-heal|p1a: STEEEEEEEEEEEEEEEE|149\/268|[from] item: Leftovers
|
|switch|p2a: Unicorn|Keldeo-Resolute|93\/323
|-damage|p2a: Unicorn|73\/323|[from] Stealth Rock
|turn|28
|
|switch|p1a: super meta|Sylveon, F|394\/394
|-damage|p1a: super meta|345\/394|[from] Stealth Rock
|move|p2a: Unicorn|Scald|p1a: super meta
|-damage|p1a: super meta|188\/394
|
|-heal|p2a: Unicorn|269\/323|[from] move: Wish|[wisher] Hello Kitty
|-heal|p1a: super meta|212\/394|[from] item: Leftovers
|turn|29
|c| Love U Illestt|shouldve hydro
|
|switch|p2a: Death Wish|Jirachi, shiny|375\/399
|-damage|p2a: Death Wish|351\/399|[from] Stealth Rock
|move|p1a: super meta|Wish|p1a: super meta
|
|-heal|p1a: super meta|236\/394|[from] item: Leftovers
|turn|30
|c|âDuhHarro|nah it'll probably miss too
|c|âDuhHarro|ll
|
|switch|p1a: STEEEEEEEEEEEEEEEE|Steelix, M|149\/268
|-damage|p1a: STEEEEEEEEEEEEEEEE|141\/268|[from] Stealth Rock
|move|p2a: Death Wish|Doom Desire|p1a: STEEEEEEEEEEEEEEEE
|-start|p2a: Death Wish|Doom Desire
|
|-heal|p1a: STEEEEEEEEEEEEEEEE|268\/268|[from] move: Wish|[wisher] super meta
|turn|31
|
|switch|p2a: Unicorn|Keldeo-Resolute|269\/323
|-damage|p2a: Unicorn|249\/323|[from] Stealth Rock
|move|p1a: STEEEEEEEEEEEEEEEE|Roar|p2a: Unicorn
|drag|p2a: Kraven|Landorus-Therian, M, shiny|325\/325
|-damage|p2a: Kraven|285\/325|[from] Stealth Rock
|-ability|p2a: Kraven|Intimidate|[of] p1a: STEEEEEEEEEEEEEEEE
|-unboost|p1a: STEEEEEEEEEEEEEEEE|atk|1
|
|turn|32
|
|switch|p1a: ghost oven|Rotom-Heat|279\/279
|-damage|p1a: ghost oven|210\/279|[from] Stealth Rock
|move|p2a: Kraven|Earthquake|p1a: ghost oven
|-immune|p1a: ghost oven|[msg]
|
|-message|Doom Desire hit! (placeholder)
|-resisted|p1a: ghost oven
|-damage|p1a: ghost oven|144\/279
|turn|33
|
|switch|p2a: KawKaw|Mandibuzz, F|318\/424
|-damage|p2a: KawKaw|212\/424|[from] Stealth Rock
|move|p1a: ghost oven|Will-O-Wisp|p2a: KawKaw|[miss]
|-miss|p1a: ghost oven|p2a: KawKaw
|
|turn|34
|c| Love U Illestt|doom desire can catch people off guard like me :(
|
|move|p1a: ghost oven|Will-O-Wisp|p2a: KawKaw
|-status|p2a: KawKaw|brn
|move|p2a: KawKaw|Toxic|p1a: ghost oven
|-status|p1a: ghost oven|tox
|
|-damage|p1a: ghost oven|127\/279 tox|[from] psn
|-damage|p2a: KawKaw|159\/424 brn|[from] brn
|turn|35
|c| Love U Illestt|:(
|c|âDuhHarro|;)
|
|switch|p1a: super meta|Sylveon, F|236\/394
|-damage|p1a: super meta|187\/394|[from] Stealth Rock
|switch|p2a: Kraven|Landorus-Therian, M, shiny|285\/325
|-damage|p2a: Kraven|245\/325|[from] Stealth Rock
|-ability|p2a: Kraven|Intimidate|[of] p1a: super meta
|-unboost|p1a: super meta|atk|1
|
|-heal|p1a: super meta|211\/394|[from] item: Leftovers
|turn|36
|
|move|p2a: Kraven|Rock Slide|p1a: super meta
|-damage|p1a: super meta|112\/394
|move|p1a: super meta|Heal Bell|p1a: super meta
|-cureteam|p1a: super meta|[from] move: HealBell
|
|-heal|p1a: super meta|136\/394|[from] item: Leftovers
|turn|37
|
|switch|p2a: Death Wish|Jirachi, shiny|351\/399
|-damage|p2a: Death Wish|327\/399|[from] Stealth Rock
|switch|p1a: Mega-Luvdisc|Alomomola, F|353\/534
|-damage|p1a: Mega-Luvdisc|287\/534|[from] Stealth Rock
|
|-heal|p1a: Mega-Luvdisc|320\/534|[from] item: Leftovers
|turn|38
|
|switch|p1a: STEEEEEEEEEEEEEEEE|Steelix, M|268\/268
|-damage|p1a: STEEEEEEEEEEEEEEEE|260\/268|[from] Stealth Rock
|move|p2a: Death Wish|Rain Dance|p2a: Death Wish
|-weather|RainDance
|
|-weather|RainDance|[upkeep]
|-heal|p1a: STEEEEEEEEEEEEEEEE|268\/268|[from] item: Leftovers
|turn|39
|
|move|p2a: Death Wish|Doom Desire|p1a: STEEEEEEEEEEEEEEEE
|-start|p2a: Death Wish|Doom Desire
|move|p1a: STEEEEEEEEEEEEEEEE|Earthquake|p2a: Death Wish
|-supereffective|p2a: Death Wish
|-damage|p2a: Death Wish|57\/399
|
|-weather|RainDance|[upkeep]
|turn|40
|
|switch|p2a: Kraven|Landorus-Therian, M, shiny|245\/325
|-damage|p2a: Kraven|205\/325|[from] Stealth Rock
|-ability|p2a: Kraven|Intimidate|[of] p1a: STEEEEEEEEEEEEEEEE
|-unboost|p1a: STEEEEEEEEEEEEEEEE|atk|1
|move|p1a: STEEEEEEEEEEEEEEEE|Earthquake|p2a: Kraven
|-immune|p2a: Kraven|[msg]
|
|-weather|RainDance|[upkeep]
|turn|41
|
|switch|p1a: Mega-Luvdisc|Alomomola, F|498\/534
|-damage|p1a: Mega-Luvdisc|432\/534|[from] Stealth Rock
|move|p2a: Kraven|U-turn|p1a: Mega-Luvdisc
|-damage|p1a: Mega-Luvdisc|350\/534
|
|switch|p2a: Unicorn|Keldeo-Resolute|249\/323
|-damage|p2a: Unicorn|229\/323|[from] Stealth Rock
|
|-weather|RainDance|[upkeep]
|-message|Doom Desire hit! (placeholder)
|-resisted|p1a: Mega-Luvdisc
|-damage|p1a: Mega-Luvdisc|89\/534
|-heal|p1a: Mega-Luvdisc|122\/534|[from] item: Leftovers
|turn|42
|c|âRhayader|ouch
|
|move|p1a: Mega-Luvdisc|Protect|p1a: Mega-Luvdisc
|-singleturn|p1a: Mega-Luvdisc|Protect
|move|p2a: Unicorn|Scald|p1a: Mega-Luvdisc
|-activate|p1a: Mega-Luvdisc|Protect
|
|-weather|none
|-heal|p1a: Mega-Luvdisc|155\/534|[from] item: Leftovers
|turn|43
|
|switch|p1a: best ducke|Porygon2|374\/374
|-damage|p1a: best ducke|328\/374|[from] Stealth Rock
|-ability|p1a: best ducke|Justified|[from] ability: Trace|[of] p2a: Unicorn
|move|p2a: Unicorn|Scald|p1a: best ducke
|-damage|p1a: best ducke|231\/374
|
|turn|44
|c|âDuhHarro|gg :(
|
|move|p2a: Unicorn|Scald|p1a: best ducke
|-damage|p1a: best ducke|125\/374
|-status|p1a: best ducke|brn
|move|p1a: best ducke|Thunderbolt|p2a: Unicorn
|-supereffective|p2a: Unicorn
|-damage|p2a: Unicorn|61\/323
|
|-damage|p1a: best ducke|79\/374 brn|[from] brn
|turn|45
|
|move|p2a: Unicorn|Scald|p1a: best ducke
|-damage|p1a: best ducke|0 fnt
|faint|p1a: best ducke
|
|c|âDuhHarro|oh lol
|
|switch|p1a: Mega-Luvdisc|Alomomola, F|333\/534
|-damage|p1a: Mega-Luvdisc|267\/534|[from] Stealth Rock
|turn|46
|c|âRhayader|its ok
|
|move|p2a: Unicorn|Scald|p1a: Mega-Luvdisc
|-resisted|p1a: Mega-Luvdisc
|-damage|p1a: Mega-Luvdisc|56\/534
|move|p1a: Mega-Luvdisc|Wish|p1a: Mega-Luvdisc
|
|-heal|p1a: Mega-Luvdisc|89\/534|[from] item: Leftovers
|turn|47
|c| Love U Illestt|im playing this guy with baton pass
|c| Love U Illestt|:(
|c|âRhayader|should have parad
|c|âRhayader|meh
|
|switch|p2a: Death Wish|Jirachi, shiny|57\/399
|-damage|p2a: Death Wish|33\/399|[from] Stealth Rock
|move|p1a: Mega-Luvdisc|Protect|p1a: Mega-Luvdisc
|-fail|p1a: Mega-Luvdisc
|
|-heal|p1a: Mega-Luvdisc|356\/534|[from] move: Wish|[wisher] Mega-Luvdisc
|-heal|p1a: Mega-Luvdisc|389\/534|[from] item: Leftovers
|turn|48
|
|move|p2a: Death Wish|Doom Desire|p1a: Mega-Luvdisc
|-start|p2a: Death Wish|Doom Desire
|move|p1a: Mega-Luvdisc|Wish|p1a: Mega-Luvdisc
|
|-heal|p1a: Mega-Luvdisc|422\/534|[from] item: Leftovers
|turn|49
|
|switch|p1a: ghost oven|Rotom-Heat|127\/279
|-damage|p1a: ghost oven|58\/279|[from] Stealth Rock
|move|p2a: Death Wish|Psyshock|p1a: ghost oven
|-damage|p1a: ghost oven|0 fnt
|-damage|p2a: Death Wish|0 fnt|[from] item: Life Orb
|faint|p1a: ghost oven
|faint|p2a: Death Wish
|
|c|âDuhHarro|yesss
|c|âRhayader|nice
|c|âDuhHarro|ty ty
|c|âDuhHarro|i was hiding that XD
|c|âRhayader|yeah i was wondering whats the last move
|
|switch|p1a: FUCK YOU CHANSEY|Medicham, M|261\/261
|-damage|p1a: FUCK YOU CHANSEY|245\/261|[from] Stealth Rock
|switch|p2a: KawKaw|Mandibuzz, F|159\/424 brn
|-damage|p2a: KawKaw|53\/424 brn|[from] Stealth Rock
|turn|50
|
|detailschange|p1a: FUCK YOU CHANSEY|Medicham-Mega, M
|message|Medicham has Mega Evolved into Mega Medicham!
|move|p1a: FUCK YOU CHANSEY|Thunder Punch|p2a: KawKaw
|-supereffective|p2a: KawKaw
|-damage|p2a: KawKaw|0 fnt
|-damage|p1a: FUCK YOU CHANSEY|202\/261|[from] item: Rocky Helmet|[of] p2a: KawKaw
|faint|p2a: KawKaw
|
|-message|Doom Desire hit! (placeholder)
|-damage|p1a: FUCK YOU CHANSEY|0 fnt
|faint|p1a: FUCK YOU CHANSEY
|c|âDuhHarro|whoooaaa jirachi came clutch
|c|âRhayader|yeah i forgot about that
|
|switch|p2a: Unicorn|Keldeo-Resolute|61\/323
|-damage|p2a: Unicorn|41\/323|[from] Stealth Rock
|switch|p1a: Mega-Luvdisc|Alomomola, F|534\/534
|-damage|p1a: Mega-Luvdisc|468\/534|[from] Stealth Rock
|turn|51
|c|âDuhHarro|i think ucan wall me tho
|c|âRhayader|yeah
|c|âRhayader|fish still walls
|c|âDuhHarro|ye
|
|move|p2a: Unicorn|Scald|p1a: Mega-Luvdisc
|-resisted|p1a: Mega-Luvdisc
|-damage|p1a: Mega-Luvdisc|279\/534
|move|p1a: Mega-Luvdisc|Toxic|p2a: Unicorn
|-status|p2a: Unicorn|tox
|
|-heal|p1a: Mega-Luvdisc|312\/534|[from] item: Leftovers
|-damage|p2a: Unicorn|21\/323 tox|[from] psn
|turn|52
|c|âDuhHarro|nice weird team
|c|âRhayader|thanks
|
|move|p1a: Mega-Luvdisc|Protect|p1a: Mega-Luvdisc
|-singleturn|p1a: Mega-Luvdisc|Protect
|move|p2a: Unicorn|Scald|p1a: Mega-Luvdisc
|-activate|p1a: Mega-Luvdisc|Protect
|
|-heal|p1a: Mega-Luvdisc|345\/534|[from] item: Leftovers
|-damage|p2a: Unicorn|0 fnt|[from] psn
|faint|p2a: Unicorn
|c|âRhayader|i liked the jirachi
|c|âDuhHarro|thx :D
|
|switch|p2a: HM01|Scizor-Mega, M|343\/343
|-damage|p2a: HM01|301\/343|[from] Stealth Rock
|turn|53
|
|move|p2a: HM01|Swords Dance|p2a: HM01
|-boost|p2a: HM01|atk|2
|move|p1a: Mega-Luvdisc|Soak|p2a: HM01
|-start|p2a: HM01|typechange|Water
|
|-heal|p1a: Mega-Luvdisc|378\/534|[from] item: Leftovers
|turn|54
|
|move|p2a: HM01|U-turn|p1a: Mega-Luvdisc
|-damage|p1a: Mega-Luvdisc|239\/534
|
|switch|p2a: Kraven|Landorus-Therian, M, shiny|205\/325
|-damage|p2a: Kraven|165\/325|[from] Stealth Rock
|-ability|p2a: Kraven|Intimidate|[of] p1a: Mega-Luvdisc
|-unboost|p1a: Mega-Luvdisc|atk|1
|move|p1a: Mega-Luvdisc|Toxic|p2a: Kraven
|-status|p2a: Kraven|tox
|
|-heal|p1a: Mega-Luvdisc|272\/534|[from] item: Leftovers
|-damage|p2a: Kraven|145\/325 tox|[from] psn
|turn|55
|
|move|p2a: Kraven|Earthquake|p1a: Mega-Luvdisc
|-crit|p1a: Mega-Luvdisc
|-damage|p1a: Mega-Luvdisc|13\/534
|move|p1a: Mega-Luvdisc|Wish|p1a: Mega-Luvdisc
|
|-heal|p1a: Mega-Luvdisc|46\/534|[from] item: Leftovers
|-damage|p2a: Kraven|105\/325 tox|[from] psn
|turn|56
|
|switch|p2a: HM01|Scizor-Mega, M|301\/343
|-damage|p2a: HM01|259\/343|[from] Stealth Rock
|move|p1a: Mega-Luvdisc|Protect|p1a: Mega-Luvdisc
|-fail|p1a: Mega-Luvdisc
|
|-heal|p1a: Mega-Luvdisc|313\/534|[from] move: Wish|[wisher] Mega-Luvdisc
|-heal|p1a: Mega-Luvdisc|346\/534|[from] item: Leftovers
|turn|57
|
|move|p2a: HM01|Swords Dance|p2a: HM01
|-boost|p2a: HM01|atk|2
|move|p1a: Mega-Luvdisc|Wish|p1a: Mega-Luvdisc
|
|-heal|p1a: Mega-Luvdisc|379\/534|[from] item: Leftovers
|turn|58
|
|move|p2a: HM01|Swords Dance|p2a: HM01
|-boost|p2a: HM01|atk|2
|move|p1a: Mega-Luvdisc|Soak|p2a: HM01
|-start|p2a: HM01|typechange|Water
|
|-heal|p1a: Mega-Luvdisc|534\/534|[from] move: Wish|[wisher] Mega-Luvdisc
|turn|59
|
|move|p2a: HM01|Bullet Punch|p1a: Mega-Luvdisc
|-resisted|p1a: Mega-Luvdisc
|-damage|p1a: Mega-Luvdisc|437\/534
|move|p1a: Mega-Luvdisc|Wish|p1a: Mega-Luvdisc
|
|-heal|p1a: Mega-Luvdisc|470\/534|[from] item: Leftovers
|turn|60
|c|âDuhHarro|oh god thats weak LOL
|
|move|p2a: HM01|Swords Dance|p2a: HM01
|-boost|p2a: HM01|atk|2
|move|p1a: Mega-Luvdisc|Toxic|p2a: HM01
|-status|p2a: HM01|tox
|
|-heal|p1a: Mega-Luvdisc|534\/534|[from] move: Wish|[wisher] Mega-Luvdisc
|-damage|p2a: HM01|238\/343 tox|[from] psn
|turn|61
|c|âRhayader|lol
|leave|Love U Illestt
|c|âDuhHarro|knock off wouldve been such a good option here XD
|
|move|p1a: Mega-Luvdisc|Protect|p1a: Mega-Luvdisc
|-singleturn|p1a: Mega-Luvdisc|Protect
|move|p2a: HM01|Bullet Punch|p1a: Mega-Luvdisc
|-activate|p1a: Mega-Luvdisc|Protect
|
|-damage|p2a: HM01|196\/343 tox|[from] psn
|turn|62
|
|move|p2a: HM01|Bullet Punch|p1a: Mega-Luvdisc
|-resisted|p1a: Mega-Luvdisc
|-damage|p1a: Mega-Luvdisc|403\/534
|move|p1a: Mega-Luvdisc|Wish|p1a: Mega-Luvdisc
|
|-heal|p1a: Mega-Luvdisc|436\/534|[from] item: Leftovers
|-damage|p2a: HM01|133\/343 tox|[from] psn
|turn|63
|
|move|p2a: HM01|Bullet Punch|p1a: Mega-Luvdisc
|-resisted|p1a: Mega-Luvdisc
|-damage|p1a: Mega-Luvdisc|311\/534
|move|p1a: Mega-Luvdisc|Soak|p2a: HM01
|-start|p2a: HM01|typechange|Water
|
|-heal|p1a: Mega-Luvdisc|534\/534|[from] move: Wish|[wisher] Mega-Luvdisc
|-damage|p2a: HM01|49\/343 tox|[from] psn
|turn|64
|
|move|p1a: Mega-Luvdisc|Protect|p1a: Mega-Luvdisc
|-singleturn|p1a: Mega-Luvdisc|Protect
|move|p2a: HM01|U-turn|p1a: Mega-Luvdisc
|-activate|p1a: Mega-Luvdisc|Protect
|
|-damage|p2a: HM01|0 fnt|[from] psn
|faint|p2a: HM01
|
|switch|p2a: Kraven|Landorus-Therian, M, shiny|105\/325 tox
|-damage|p2a: Kraven|65\/325 tox|[from] Stealth Rock
|-ability|p2a: Kraven|Intimidate|[of] p1a: Mega-Luvdisc
|-unboost|p1a: Mega-Luvdisc|atk|1
|turn|65
|
|move|p2a: Kraven|Earthquake|p1a: Mega-Luvdisc
|-damage|p1a: Mega-Luvdisc|372\/534
|move|p1a: Mega-Luvdisc|Soak|p2a: Kraven
|-start|p2a: Kraven|typechange|Water
|
|-heal|p1a: Mega-Luvdisc|405\/534|[from] item: Leftovers
|-damage|p2a: Kraven|45\/325 tox|[from] psn
|turn|66
|
|move|p2a: Kraven|Earthquake|p1a: Mega-Luvdisc
|-damage|p1a: Mega-Luvdisc|304\/534
|move|p1a: Mega-Luvdisc|Wish|p1a: Mega-Luvdisc
|
|-heal|p1a: Mega-Luvdisc|337\/534|[from] item: Leftovers
|-damage|p2a: Kraven|5\/325 tox|[from] psn
|turn|67
|
|switch|p1a: super meta|Sylveon, F|136\/394
|-damage|p1a: super meta|87\/394|[from] Stealth Rock
|move|p2a: Kraven|Earthquake|p1a: super meta
|-damage|p1a: super meta|0 fnt
|faint|p1a: super meta
|
|-damage|p2a: Kraven|0 fnt|[from] psn
|faint|p2a: Kraven
|
|win|Rhayader
|raw|Ladder updating...
|raw|Rhayader's rating: 1662 &rarr; <strong>1678<\/strong><br \/>(+16 for winning)
|raw|DuhHarro's rating: 1592 &rarr; <strong>1576<\/strong><br \/>(-16 for losing)
|c|âRhayader|gg
|c|âDuhHarro|gg