|join|MoB Barley
|join|Rhayader
|player|p1|MoB Barley|161
|player|p2|Rhayader|40
|gametype|singles
|gen|6
|tier|OU
|rated
|clearpoke
|poke|p1|Victini
|poke|p1|Keldeo-Resolute
|poke|p1|Bisharp, M, shiny
|poke|p1|Lopunny, F, shiny
|poke|p1|Azumarill, M
|poke|p1|Latios, M
|poke|p2|Zapdos
|poke|p2|Talonflame, F
|poke|p2|Blastoise, M
|poke|p2|Chesnaught, M
|poke|p2|Latias, F
|poke|p2|Mamoswine, F
|rule|Swagger Clause: Swagger is banned
|rule|Baton Pass Clause: Limit one PokÃ©mon knowing Baton Pass
|rule|Sleep Clause Mod: Limit one foe put to sleep
|rule|Species Clause: Limit one of each PokÃ©mon
|rule|OHKO Clause: OHKO moves are banned
|rule|Moody Clause: Moody is banned
|rule|Evasion Moves Clause: Evasion moves are banned
|rule|Endless Battle Clause: Forcing endless battles is banned
|rule|HP Percentage Mod: HP is shown in percentages
|teampreview
|join|Aminiscent
|join|Mace Hindu
|leave|Aminiscent
|join|jake5
|join|IceMan
|join|LordKuvira
|join|Cienight
|join|goy vey
|
|start
|switch|p1a: Destructo Disk|Victini|341\/341
|switch|p2a: Charge Birde|Zapdos|347\/347
|-ability|p2a: Charge Birde|Pressure
|turn|1
|leave|goy vey
|
|move|p1a: Destructo Disk|V-create|p2a: Charge Birde
|-damage|p2a: Charge Birde|0 fnt
|-unboost|p1a: Destructo Disk|def|1
|-unboost|p1a: Destructo Disk|spd|1
|-unboost|p1a: Destructo Disk|spe|1
|faint|p2a: Charge Birde
|
|
|switch|p2a: Scorch Birde|Talonflame, F|359\/359
|turn|2
|
|switch|p1a: Prioritize|Bisharp, M, shiny|271\/271
|move|p2a: Scorch Birde|Will-O-Wisp|p1a: Prioritize
|-status|p1a: Prioritize|brn
|
|-damage|p1a: Prioritize|238\/271 brn|[from] brn
|turn|3
|
|move|p2a: Scorch Birde|Bulk Up|p2a: Scorch Birde
|-boost|p2a: Scorch Birde|atk|1
|-boost|p2a: Scorch Birde|def|1
|move|p1a: Prioritize|Knock Off|p2a: Scorch Birde
|-damage|p2a: Scorch Birde|278\/359
|-enditem|p2a: Scorch Birde|Leftovers|[from] move: Knock Off|[of] p1a: Prioritize
|
|-damage|p1a: Prioritize|205\/271 brn|[from] brn
|turn|4
|join|Pure Demize
|
|switch|p1a: Destructo Disk|Victini|341\/341
|move|p2a: Scorch Birde|Bulk Up|p2a: Scorch Birde
|-boost|p2a: Scorch Birde|atk|1
|-boost|p2a: Scorch Birde|def|1
|
|turn|5
|
|move|p2a: Scorch Birde|Brave Bird|p1a: Destructo Disk
|-damage|p1a: Destructo Disk|103\/341
|-damage|p2a: Scorch Birde|199\/359|[from] recoil|[of] p1a: Destructo Disk
|move|p1a: Destructo Disk|Bolt Strike|p2a: Scorch Birde
|-supereffective|p2a: Scorch Birde
|-damage|p2a: Scorch Birde|0 fnt
|faint|p2a: Scorch Birde
|
|
|switch|p2a: Frost Birde|Mamoswine, F|361\/361
|turn|6
|
|switch|p1a: AC130|Latios, M|301\/301
|move|p2a: Frost Birde|Stealth Rock|p1a: AC130
|-sidestart|p1: MoB Barley|move: Stealth Rock
|
|turn|7
|
|move|p1a: AC130|Draco Meteor|p2a: Frost Birde
|-enditem|p2a: Frost Birde|Focus Sash
|-damage|p2a: Frost Birde|1\/361
|-unboost|p1a: AC130|spa|2
|-damage|p1a: AC130|271\/301|[from] item: Life Orb
|move|p2a: Frost Birde|Endeavor|p1a: AC130
|-damage|p1a: AC130|1\/301
|
|turn|8
|
|move|p2a: Frost Birde|Ice Shard|p1a: AC130
|-supereffective|p1a: AC130
|-damage|p1a: AC130|0 fnt
|faint|p1a: AC130
|
|join|CSS)bleachzxzx
|
|switch|p1a: Pwny|Keldeo-Resolute|323\/323
|-damage|p1a: Pwny|303\/323|[from] Stealth Rock
|turn|9
|
|switch|p2a: Mystic Birde|Latias, F|301\/301
|move|p1a: Pwny|Scald|p2a: Mystic Birde
|-crit|p2a: Mystic Birde
|-resisted|p2a: Mystic Birde
|-damage|p2a: Mystic Birde|205\/301
|-status|p2a: Mystic Birde|brn
|
|-damage|p2a: Mystic Birde|168\/301 brn|[from] brn
|turn|10
|
|switch|p2a: Wood Birde|Chesnaught, M|325\/325
|switch|p1a: Prioritize|Bisharp, M, shiny|205\/271 brn
|-damage|p1a: Prioritize|189\/271 brn|[from] Stealth Rock
|
|-damage|p1a: Prioritize|156\/271 brn|[from] brn
|turn|11
|
|move|p1a: Prioritize|Stealth Rock|p2a: Wood Birde
|-sidestart|p2: Rhayader|move: Stealth Rock
|move|p2a: Wood Birde|Spikes|p1a: Prioritize
|-sidestart|p1: MoB Barley|Spikes
|
|-damage|p1a: Prioritize|123\/271 brn|[from] brn
|turn|12
|leave|IceMan
|join|GunnerRohan2
|
|move|p1a: Prioritize|Knock Off|p2a: Wood Birde
|-resisted|p2a: Wood Birde
|-damage|p2a: Wood Birde|288\/325
|-enditem|p2a: Wood Birde|Leftovers|[from] move: Knock Off|[of] p1a: Prioritize
|move|p2a: Wood Birde|Spikes|p1a: Prioritize
|-sidestart|p1: MoB Barley|Spikes
|
|-damage|p1a: Prioritize|90\/271 brn|[from] brn
|turn|13
|
|move|p1a: Prioritize|Iron Head|p2a: Wood Birde
|-damage|p2a: Wood Birde|227\/325
|move|p2a: Wood Birde|Spikes|p1a: Prioritize
|-sidestart|p1: MoB Barley|Spikes
|
|-damage|p1a: Prioritize|57\/271 brn|[from] brn
|turn|14
|
|move|p1a: Prioritize|Iron Head|p2a: Wood Birde
|-damage|p2a: Wood Birde|161\/325
|cant|p2a: Wood Birde|flinch
|
|-damage|p1a: Prioritize|24\/271 brn|[from] brn
|turn|15
|
|switch|p2a: Drop Birde|Blastoise, M|361\/361
|-damage|p2a: Drop Birde|316\/361|[from] Stealth Rock
|move|p1a: Prioritize|Iron Head|p2a: Drop Birde
|-resisted|p2a: Drop Birde
|-damage|p2a: Drop Birde|277\/361
|
|-damage|p1a: Prioritize|0 fnt|[from] brn
|faint|p1a: Prioritize
|
|switch|p1a: Playboy|Lopunny, F, shiny|271\/271
|-damage|p1a: Playboy|238\/271|[from] Stealth Rock
|-damage|p1a: Playboy|171\/271|[from] Spikes
|turn|16
|
|detailschange|p1a: Playboy|Lopunny-Mega, F, shiny
|-mega|p1a: Playboy|Lopunny|Lopunnite
|detailschange|p2a: Drop Birde|Blastoise-Mega, M
|-mega|p2a: Drop Birde|Blastoise|Blastoisinite
|move|p1a: Playboy|Fake Out|p2a: Drop Birde
|-damage|p2a: Drop Birde|214\/361
|cant|p2a: Drop Birde|flinch
|
|turn|17
|
|move|p1a: Playboy|High Jump Kick|p2a: Drop Birde|[miss]
|-miss|p1a: Playboy|p2a: Drop Birde
|-damage|p1a: Playboy|36\/271|[from] highjumpkick
|move|p2a: Drop Birde|Aura Sphere|p1a: Playboy
|-supereffective|p1a: Playboy
|-damage|p1a: Playboy|0 fnt
|faint|p1a: Playboy
|
|c|âMoB Barley|LOL
|c|âRhayader|wouldn't kill anyway
|c|âMoB Barley|u would've been weak af
|c|âMoB Barley|so keldeo would clean
|c|âRhayader|doesn't matter
|c|âMoB Barley|retard
|c|âRhayader|uh
|
|switch|p1a: Water Bomb|Azumarill, M|360\/360
|-damage|p1a: Water Bomb|315\/360|[from] Stealth Rock
|-damage|p1a: Water Bomb|225\/360|[from] Spikes
|turn|18
|c|âRhayader|no it cant
|join|ThE0testing
|
|move|p2a: Drop Birde|Rapid Spin|p1a: Water Bomb
|-damage|p1a: Water Bomb|210\/360
|-sideend|p2: Rhayader|Stealth Rock|[from] move: Rapid Spin|[of] p2a: Drop Birde
|move|p1a: Water Bomb|Play Rough|p2a: Drop Birde
|-damage|p2a: Drop Birde|37\/361
|
|turn|19
|join|ugotslowbro'ed
|
|move|p2a: Drop Birde|Hydro Pump|p1a: Water Bomb
|-resisted|p1a: Water Bomb
|-damage|p1a: Water Bomb|72\/360
|-enditem|p1a: Water Bomb|Sitrus Berry|[eat]
|-heal|p1a: Water Bomb|162\/360|[from] item: Sitrus Berry
|move|p1a: Water Bomb|Knock Off|p2a: Drop Birde
|-damage|p2a: Drop Birde|0 fnt
|faint|p2a: Drop Birde
|
|
|switch|p2a: Wood Birde|Chesnaught, M|161\/325
|turn|20
|c|âRhayader|how did you plan to kill latias
|c|âMoB Barley|MAYBE LOPUNNY
|
|move|p2a: Wood Birde|Wood Hammer|p1a: Water Bomb
|-supereffective|p1a: Water Bomb
|-damage|p1a: Water Bomb|0 fnt
|-damage|p2a: Wood Birde|108\/325|[from] recoil|[of] p1a: Water Bomb
|faint|p1a: Water Bomb
|
|c|âMoB Barley|ffs
|c|âRhayader|lopunny died
|join|I'm Bi...sharp
|c|âMoB Barley|yeah thank rng
|c|âMoB Barley|for your win
|c|âRhayader|and would have died anyway
|c|âRhayader|252 Atk Lopunny High Jump Kick vs. 236 HP \/ 0 Def Mega Blastoise: 125-148 (34.9 - 41.3%) -- guaranteed 3HKO
|c|âRhayader|i was at 60
|c|âMoB Barley|its damage
|c| GunnerRohan2|252 Atk Mega Lopunny High Jump Kick vs. 236 HP \/ 0 Def Mega Blastoise: 187-222 (52.2 - 62%) -- guaranteed 2HKO
|c| Pure Demize|lol
|c|âRhayader|oh right i didnt set stab
|c| Pure Demize|Or mega
|c|âRhayader|mega was set
|c|âMoB Barley|73 gxe
|c| jake5|yeah rhayader use this calc
|c|âMoB Barley|and he thinks he knows better then me'
|c| jake5|http:\/\/gamut-was-taken.github.io\/
|c|âMoB Barley|lol
|c| GunnerRohan2|nope no mega
|c|âRhayader|jake i am
|
|switch|p1a: Pwny|Keldeo-Resolute|303\/323
|-damage|p1a: Pwny|223\/323|[from] Spikes
|-damage|p1a: Pwny|203\/323|[from] Stealth Rock
|turn|21
|c|âRhayader|mega lopunny still gives lopunyy stats lmao
|c| Pure Demize|so blastoise could of died.
|c| jake5|it doesnt with that calc
|
|move|p1a: Pwny|Hidden Power|p2a: Wood Birde
|-supereffective|p2a: Wood Birde
|-damage|p2a: Wood Birde|0 fnt
|faint|p2a: Wood Birde
|
|c| Pure Demize|If you were at 60
|c|âRhayader|on a high roll yes
|
|switch|p2a: Mystic Birde|Latias, F|168\/301 brn
|turn|22
|c| Pure Demize|so the miss did matter lol
|join|nidvikie
|join|Ebinola
|join|TheCommanderITF
|c|âRhayader|btw
|
|move|p2a: Mystic Birde|Psychic|p1a: Pwny
|-supereffective|p1a: Pwny
|-damage|p1a: Pwny|0 fnt
|faint|p1a: Pwny
|
|-damage|p2a: Mystic Birde|131\/301 brn|[from] brn
|c|âRhayader|lopunny couldnt kill latias anyway
|c|âMoB Barley|he runs
|c|âMoB Barley|scarf latias
|c|âMoB Barley|and speed invested chesnaught
|join|goy vey
|c|âRhayader|and i still won nerd
|-message|MoB Barley forfeited.
|leave|MoB Barley
|c| goy vey|remt
|c| Mace Hindu|lel
|join|The Secretary
|
|win|Rhayader
|raw|Ladder updating...
|leave|Pure Demize
|player|p1