|join|cholera90
|join|Rhayader
|join|dedic
|join|nidvikie
|join|Ebinola
|player|p1|cholera90|25
|player|p2|Rhayader|40
|gametype|singles
|gen|6
|tier|OU
|rated
|clearpoke
|poke|p1|Thundurus, M
|poke|p1|Talonflame, F
|poke|p1|Gothitelle, F
|poke|p1|Heatran, F
|poke|p1|Gardevoir, F
|poke|p1|Conkeldurr, M
|poke|p2|Absol, F
|poke|p2|Latias, F
|poke|p2|Gliscor, M
|poke|p2|Heatran, F
|poke|p2|Keldeo
|poke|p2|Klefki, F
|rule|Swagger Clause: Swagger is banned
|rule|Baton Pass Clause: Limit one PokÃ©mon knowing Baton Pass
|rule|Sleep Clause Mod: Limit one foe put to sleep
|rule|Species Clause: Limit one of each PokÃ©mon
|rule|OHKO Clause: OHKO moves are banned
|rule|Moody Clause: Moody is banned
|rule|Evasion Moves Clause: Evasion moves are banned
|rule|Endless Battle Clause: Forcing endless battles is banned
|rule|HP Percentage Mod: HP is shown in percentages
|teampreview
|join|Updated Kanto
|join|MushMunkey
|join|umm ok
|c| umm ok|ebic
|
|start
|switch|p1a: Heatran|Heatran, F|323\/323
|switch|p2a: Latias|Latias, F|301\/301
|-item|p1a: Heatran|Air Balloon
|turn|1
|
|switch|p2a: Absol|Absol, F|271\/271
|move|p1a: Heatran|Stealth Rock|p2a: Absol
|-sidestart|p2: Rhayader|move: Stealth Rock
|
|turn|2
|
|detailschange|p2a: Absol|Absol-Mega, F
|-mega|p2a: Absol|Absol|Absolite
|move|p1a: Heatran|Lava Plume|p2a: Absol
|-damage|p2a: Absol|51\/271
|-status|p2a: Absol|brn
|move|p2a: Absol|Swords Dance|p2a: Absol
|-boost|p2a: Absol|atk|2
|
|-damage|p2a: Absol|18\/271 brn|[from] brn
|turn|3
|join|kektus
|join|Signal Beam
|c| kektus|BAIT
|c| MushMunkey|kek
|
|switch|p1a: Gothitelle|Gothitelle, F|343\/343
|move|p2a: Absol|Knock Off|p1a: Gothitelle
|-supereffective|p1a: Gothitelle
|-damage|p1a: Gothitelle|0 fnt
|-enditem|p1a: Gothitelle|Choice Specs|[from] move: Knock Off|[of] p2a: Absol
|faint|p1a: Gothitelle
|
|-damage|p2a: Absol|0 fnt|[from] brn
|faint|p2a: Absol
|c| kektus|kek
|c| umm ok|o-ok
|c| umm ok|yeah!
|c| umm ok|sack goth!
|c| umm ok|good play rly no rly!
|
|switch|p2a: Heatran|Heatran, F|323\/323
|switch|p1a: Conkeldurr|Conkeldurr, M|413\/413
|-damage|p2a: Heatran|283\/323|[from] Stealth Rock
|turn|4
|
|switch|p2a: Latias|Latias, F|301\/301
|-damage|p2a: Latias|264\/301|[from] Stealth Rock
|move|p1a: Conkeldurr|Drain Punch|p2a: Latias
|-resisted|p2a: Latias
|-damage|p2a: Latias|174\/301
|
|turn|5
|
|move|p2a: Latias|Psychic|p1a: Conkeldurr
|-crit|p1a: Conkeldurr
|-supereffective|p1a: Conkeldurr
|-damage|p1a: Conkeldurr|0 fnt
|faint|p1a: Conkeldurr
|
|c|âcholera90|mega absol is not even viable
|c| umm ok|DWMN
|c| nidvikie|uh
|c| umm ok|UR GOOOOD
|c| nidvikie|it is???????
|c|âcholera90|lol av lives that shit
|c|âcholera90|crit
|c| umm ok|ur good rly
|c|âRhayader|its not even viable thats why its on the viability list....
|
|switch|p1a: Talonflame|Talonflame, F|297\/297
|turn|6
|leave|Updated Kanto
|
|switch|p2a: Heatran|Heatran, F|283\/323
|-damage|p2a: Heatran|243\/323|[from] Stealth Rock
|move|p1a: Talonflame|Brave Bird|p2a: Heatran
|-resisted|p2a: Heatran
|-damage|p2a: Heatran|155\/323
|-damage|p1a: Talonflame|268\/297|[from] recoil|[of] p2a: Heatran
|-damage|p1a: Talonflame|239\/297|[from] item: Life Orb
|
|-heal|p2a: Heatran|175\/323|[from] item: Leftovers
|turn|7
|c| umm ok|Bad awful predictable kid
|
|move|p1a: Talonflame|Brave Bird|p2a: Heatran
|-resisted|p2a: Heatran
|-damage|p2a: Heatran|74\/323
|-damage|p1a: Talonflame|206\/297|[from] recoil|[of] p2a: Heatran
|-damage|p1a: Talonflame|177\/297|[from] item: Life Orb
|move|p2a: Heatran|Stealth Rock|p1a: Talonflame
|-sidestart|p1: cholera90|move: Stealth Rock
|
|-heal|p2a: Heatran|94\/323|[from] item: Leftovers
|turn|8
|c| umm ok|hey cholera90
|c| umm ok|tell me about your dad
|
|switch|p2a: Gliscor|Gliscor, M|318\/318
|-damage|p2a: Gliscor|279\/318|[from] Stealth Rock
|move|p1a: Talonflame|Roost|p1a: Talonflame
|-heal|p1a: Talonflame|297\/297
|
|-status|p2a: Gliscor|tox|[from] item: Toxic Orb
|turn|9
|c| umm ok|why does he wear the mask?
|
|switch|p1a: Heatran|Heatran, F|323\/323
|-damage|p1a: Heatran|283\/323|[from] Stealth Rock
|-item|p1a: Heatran|Air Balloon
|move|p2a: Gliscor|Toxic|p1a: Heatran
|-fail|p1a: Heatran
|
|-heal|p2a: Gliscor|318\/318 tox|[from] ability: Poison Heal
|turn|10
|
|move|p1a: Heatran|Lava Plume|p2a: Gliscor
|-damage|p2a: Gliscor|191\/318 tox
|move|p2a: Gliscor|Taunt|p1a: Heatran
|-start|p1a: Heatran|move: Taunt
|
|-heal|p2a: Gliscor|230\/318 tox|[from] ability: Poison Heal
|turn|11
|
|switch|p2a: Latias|Latias, F|174\/301
|-damage|p2a: Latias|137\/301|[from] Stealth Rock
|move|p1a: Heatran|Lava Plume|p2a: Latias
|-resisted|p2a: Latias
|-damage|p2a: Latias|78\/301
|
|turn|12
|
|move|p2a: Latias|Trick|p1a: Heatran
|-activate|p2a: Latias|move: Trick|[of] p1a: Heatran
|-item|p1a: Heatran|Choice Scarf|[from] move: Trick
|-item|p2a: Latias|Air Balloon
|-item|p2a: Latias|Air Balloon|[from] move: Trick
|move|p1a: Heatran|Lava Plume|p2a: Latias
|-resisted|p2a: Latias
|-damage|p2a: Latias|20\/301
|-enditem|p2a: Latias|Air Balloon
|
|turn|13
|
|move|p1a: Heatran|Lava Plume|p2a: Latias
|-resisted|p2a: Latias
|-damage|p2a: Latias|0 fnt
|faint|p2a: Latias
|
|-end|p1a: Heatran|move: Taunt
|
|switch|p2a: Heatran|Heatran, F|94\/323
|-damage|p2a: Heatran|54\/323|[from] Stealth Rock
|turn|14
|
|switch|p1a: Gardevoir|Gardevoir, F|277\/277
|-damage|p1a: Gardevoir|243\/277|[from] Stealth Rock
|-ability|p1a: Gardevoir|Flash Fire|[from] ability: Trace|[of] p2a: Heatran
|move|p2a: Heatran|Fire Blast|p1a: Gardevoir
|-start|p1a: Gardevoir|ability: Flash Fire
|
|-heal|p2a: Heatran|74\/323|[from] item: Leftovers
|turn|15
|
|detailschange|p1a: Gardevoir|Gardevoir-Mega, F
|-mega|p1a: Gardevoir|Gardevoir|Gardevoirite
|move|p2a: Heatran|Flash Cannon|p1a: Gardevoir
|-supereffective|p1a: Gardevoir
|-damage|p1a: Gardevoir|21\/277
|move|p1a: Gardevoir|Psyshock|p2a: Heatran
|-resisted|p2a: Heatran
|-damage|p2a: Heatran|0 fnt
|faint|p2a: Heatran
|
|join|Breeloom
|
|switch|p2a: Keldeo|Keldeo|323\/323
|-damage|p2a: Keldeo|303\/323|[from] Stealth Rock
|turn|16
|
|move|p2a: Keldeo|Scald|p1a: Gardevoir
|-damage|p1a: Gardevoir|0 fnt
|faint|p1a: Gardevoir
|
|-heal|p2a: Keldeo|323\/323|[from] item: Leftovers
|
|switch|p1a: Talonflame|Talonflame, F|297\/297
|-damage|p1a: Talonflame|149\/297|[from] Stealth Rock
|turn|17
|
|switch|p2a: Gliscor|Gliscor, M|230\/318 tox
|-damage|p2a: Gliscor|191\/318 tox|[from] Stealth Rock
|move|p1a: Talonflame|Brave Bird|p2a: Gliscor
|-damage|p2a: Gliscor|22\/318 tox
|-damage|p1a: Talonflame|93\/297|[from] recoil|[of] p2a: Gliscor
|-damage|p1a: Talonflame|64\/297|[from] item: Life Orb
|
|-heal|p2a: Gliscor|61\/318 tox|[from] ability: Poison Heal
|turn|18
|c| Breeloom|tanked?
|
|move|p1a: Talonflame|Brave Bird|p2a: Gliscor
|-damage|p2a: Gliscor|0 fnt
|-damage|p1a: Talonflame|44\/297|[from] recoil|[of] p2a: Gliscor
|-damage|p1a: Talonflame|15\/297|[from] item: Life Orb
|faint|p2a: Gliscor
|
|
|switch|p2a: Klefki|Klefki, F|318\/318
|-damage|p2a: Klefki|299\/318|[from] Stealth Rock
|turn|19
|
|move|p1a: Talonflame|Roost|p1a: Talonflame
|-heal|p1a: Talonflame|164\/297
|move|p2a: Klefki|Foul Play|p1a: Talonflame
|-damage|p1a: Talonflame|47\/297
|
|-heal|p2a: Klefki|318\/318|[from] item: Leftovers
|turn|20
|
|move|p2a: Klefki|Thunder Wave|p1a: Talonflame
|-status|p1a: Talonflame|par
|move|p1a: Talonflame|Flare Blitz|p2a: Klefki
|-supereffective|p2a: Klefki
|-damage|p2a: Klefki|0 fnt
|-damage|p1a: Talonflame|0 fnt|[from] recoil|[of] p2a: Klefki
|faint|p2a: Klefki
|faint|p1a: Talonflame
|
|
|switch|p1a: Heatran|Heatran, F|283\/323
|switch|p2a: Keldeo|Keldeo|323\/323
|-damage|p1a: Heatran|243\/323|[from] Stealth Rock
|-damage|p2a: Keldeo|303\/323|[from] Stealth Rock
|turn|21
|c|âcholera90|wait, now i lose
|
|move|p1a: Heatran|Earth Power|p2a: Keldeo
|-damage|p2a: Keldeo|188\/323
|move|p2a: Keldeo|Substitute|p2a: Keldeo
|-start|p2a: Keldeo|Substitute
|-damage|p2a: Keldeo|108\/323
|
|-heal|p2a: Keldeo|128\/323|[from] item: Leftovers
|turn|22
|
|move|p1a: Heatran|Earth Power|p2a: Keldeo
|-crit|p2a: Keldeo
|-end|p2a: Keldeo|Substitute
|move|p2a: Keldeo|Calm Mind|p2a: Keldeo
|-boost|p2a: Keldeo|spa|1
|-boost|p2a: Keldeo|spd|1
|
|-heal|p2a: Keldeo|148\/323|[from] item: Leftovers
|turn|23
|
|move|p1a: Heatran|Earth Power|p2a: Keldeo
|-crit|p2a: Keldeo
|-damage|p2a: Keldeo|0 fnt
|faint|p2a: Keldeo
|
|win|cholera90
|raw|Ladder updating...
|c|âcholera90|if you didnt sub, i would have lost
|raw|cholera90's rating: 1577 &rarr; <strong>1597<\/strong><br \/>(+20 for winning)
|raw|Rhayader's rating: 1588 &rarr; <strong>1567<\/strong><br \/>(-21 for losing)
|c|âRhayader|thank you double crit
|leave|Rhayader
|leave|dedic
|c|âcholera90|your crit on conk saved you lol