|join|Rhayader
|join|AndS
|join|A w o o o o ~
|join|NO MEMES EVER
|join|Plyx
|join|donkmaster
|player|p1|Rhayader|#showtan
|player|p2|AndS|265
|gametype|singles
|gen|6
|tier|OU (suspect test)
|rated
|clearpoke
|poke|p1|Kingdra, M
|poke|p1|Alomomola, F
|poke|p1|Kyurem-Black
|poke|p1|Gyarados, F
|poke|p1|Machamp, F, shiny
|poke|p1|Heracross, M, shiny
|poke|p2|Slowbro, F
|poke|p2|Gyarados, F
|poke|p2|Ferrothorn, M
|poke|p2|Crawdaunt, M
|poke|p2|Roserade, M
|poke|p2|Porygon2
|rule|Swagger Clause: Swagger is banned
|rule|Baton Pass Clause: Limit one PokÃ©mon knowing Baton Pass
|rule|Sleep Clause Mod: Limit one foe put to sleep
|rule|Species Clause: Limit one of each PokÃ©mon
|rule|OHKO Clause: OHKO moves are banned
|rule|Moody Clause: Moody is banned
|rule|Evasion Moves Clause: Evasion moves are banned
|rule|Endless Battle Clause: Forcing endless battles is banned
|rule|HP Percentage Mod: HP is shown in percentages
|teampreview
|join|KekkerOfWorlds
|join|gekk0
|join|needs more memes
|join|Za Pedoro
|join|ledamn
|c| A w o o o o ~|greninja is not here
|join|PiGreat
|c| A w o o o o ~|yet p2 is everywhere
|c| Plyx|how dank are the memes today?
|join|banded keks
|
|start
|switch|p1a: Flareon-Therian|Kyurem-Black|391\/391
|switch|p2a: Ferrothorn|Ferrothorn, M|352\/352
|-ability|p1a: Flareon-Therian|Teravolt
|turn|1
|join|c4k3514y3r
|join|Tomoe Tights
|c| gekk0|kinda dank
|c| KekkerOfWorlds|On a scale of one to ten, they're pretty dank
|c|âRhayader|es dank
|
|move|p1a: Flareon-Therian|Freeze Shock|p2a: Ferrothorn|[still]
|-prepare|p1a: Flareon-Therian|Freeze Shock|p2a: Ferrothorn
|-enditem|p1a: Flareon-Therian|Power Herb
|-anim|p1a: Flareon-Therian|Freeze Shock|p2a: Ferrothorn
|-damage|p2a: Ferrothorn|183\/352
|-status|p2a: Ferrothorn|par
|move|p2a: Ferrothorn|Curse|p2a: Ferrothorn
|-boost|p2a: Ferrothorn|atk|1
|-boost|p2a: Ferrothorn|def|1
|-unboost|p2a: Ferrothorn|spe|1
|
|-heal|p2a: Ferrothorn|205\/352 par|[from] item: Leftovers
|turn|2
|c| A w o o o o ~|>
|c| banded keks|EPIC
|c| PiGreat|>not even 50%
|join|Blocko
|join|MEME THE MOVIE
|c|âRhayader|gotta run max defense
|c| Plyx|does para power up gyro?
|c| banded keks|gyro kirus all DAY
|c|âRhayader|yes
|
|move|p1a: Flareon-Therian|Earth Power|p2a: Ferrothorn
|-damage|p2a: Ferrothorn|104\/352 par
|move|p2a: Ferrothorn|Leech Seed|p1a: Flareon-Therian
|-start|p1a: Flareon-Therian|move: Leech Seed
|
|-heal|p2a: Ferrothorn|126\/352 par|[from] item: Leftovers
|-damage|p1a: Flareon-Therian|343\/391|[from] Leech Seed|[of] p2a: Ferrothorn
|-heal|p2a: Ferrothorn|174\/352 par|[silent]
|turn|3
|c| gekk0|y
|c|âRhayader|it does
|c| banded keks|MFW
|
|switch|p1a: meme snek|Gyarados, F|333\/333
|-ability|p1a: meme snek|Intimidate|[of] p2a: Ferrothorn
|-unboost|p2a: Ferrothorn|atk|1
|move|p2a: Ferrothorn|Protect|p2a: Ferrothorn
|-fail|p2a: Ferrothorn
|
|-heal|p2a: Ferrothorn|196\/352 par|[from] item: Leftovers
|turn|4
|c| Plyx|nice leech
|c| banded keks|>unironically sacking flareon to this pos
|join|Kami-nee-sama
|join|pikkushisu
|
|move|p1a: meme snek|Taunt|p2a: Ferrothorn
|-start|p2a: Ferrothorn|move: Taunt
|cant|p2a: Ferrothorn|move: Taunt|Curse
|
|-heal|p2a: Ferrothorn|218\/352 par|[from] item: Leftovers
|turn|5
|c| banded keks|heh.........
|join|TheStroker
|join|Champ. Gary Oak
|c| banded keks|out**witted**
|join|Mgoosius
|join|FilthySlimebag
|
|move|p1a: meme snek|Dragon Dance|p1a: meme snek
|-boost|p1a: meme snek|atk|1
|-boost|p1a: meme snek|spe|1
|cant|p2a: Ferrothorn|par
|
|-heal|p2a: Ferrothorn|240\/352 par|[from] item: Leftovers
|turn|6
|c|âRhayader|so guys
|c| pikkushisu|lel
|c|âRhayader|how do i kill this
|c| Plyx|beautiful
|c| A w o o o o ~|fire
|c| Tomoe Tights|+2 stab crunch
|c| KekkerOfWorlds|Very carefully
|c| gekk0|use fire tail
|join|kawaiidesunii
|c| pikkushisu|kill it with fire XDDD
|c| banded keks|reveal natural gift
|c| Tomoe Tights|assuming adamant
|
|switch|p2a: Gyarados|Gyarados, F|331\/331
|-ability|p2a: Gyarados|Intimidate|[of] p1a: meme snek
|-unboost|p1a: meme snek|atk|1
|move|p1a: meme snek|Dragon Dance|p1a: meme snek
|-boost|p1a: meme snek|atk|1
|-boost|p1a: meme snek|spe|1
|
|turn|7
|c| A w o o o o ~|Gyarados **can** learn Fire Blast
|c| Plyx|exactly like that
|c|âRhayader|ok now i can kill
|c| banded keks|ooo
|join|rump raider
|
|detailschange|p1a: meme snek|Gyarados-Mega, F
|-mega|p1a: meme snek|Gyarados|Gyaradosite
|-ability|p1a: meme snek|Mold Breaker
|move|p1a: meme snek|Taunt|p2a: Gyarados
|-start|p2a: Gyarados|move: Taunt
|cant|p2a: Gyarados|move: Taunt|Taunt
|
|turn|8
|c| pikkushisu|lel
|c| A w o o o o ~|kek
|c|âRhayader|>implying
|c| KekkerOfWorlds|ayyy
|c| banded keks|epic
|c| Plyx|lel
|
|switch|p2a: Ferrothorn|Ferrothorn, M|240\/352 par
|move|p1a: meme snek|Dragon Dance|p1a: meme snek
|-boost|p1a: meme snek|atk|1
|-boost|p1a: meme snek|spe|1
|
|-heal|p2a: Ferrothorn|262\/352 par|[from] item: Leftovers
|turn|9
|join|Jim Pickins
|c| Tomoe Tights|dancing queen
|c| Tomoe Tights|young and 17
|c| A w o o o o ~|here comes power whip :^)
|c| Mgoosius|that tamborine
|c| Plyx|nah, it's only gyro
|join|asdsadasd
|c| TheStroker|here comes thunderbolt :^)
|c|âRhayader|curse\/seed\/protect
|
|move|p1a: meme snek|Crunch|p2a: Ferrothorn
|-damage|p2a: Ferrothorn|81\/352 par
|-damage|p1a: meme snek|292\/333|[from] ability: Iron Barbs|[of] p2a: Ferrothorn
|move|p2a: Ferrothorn|Leech Seed|p1a: meme snek
|-start|p1a: meme snek|move: Leech Seed
|
|-heal|p2a: Ferrothorn|103\/352 par|[from] item: Leftovers
|-damage|p1a: meme snek|251\/333|[from] Leech Seed|[of] p2a: Ferrothorn
|-heal|p2a: Ferrothorn|144\/352 par|[silent]
|turn|10
|c| asdsadasd|pory2 #1 narutoad check
|c| Jim Pickins|>Bolt
|c| Plyx|porsect, leech, curse, gyro
|c| Mgoosius|hocus pocus blast
|c| Jim Pickins|>Not tunder
|c| donkmaster|porsect
|c| pikkushisu|shoulf have taunted
|
|move|p2a: Ferrothorn|Protect|p2a: Ferrothorn
|-singleturn|p2a: Ferrothorn|Protect
|move|p1a: meme snek|Dragon Dance|p1a: meme snek
|-boost|p1a: meme snek|atk|1
|-boost|p1a: meme snek|spe|1
|
|-heal|p2a: Ferrothorn|166\/352 par|[from] item: Leftovers
|-damage|p1a: meme snek|210\/333|[from] Leech Seed|[of] p2a: Ferrothorn
|-heal|p2a: Ferrothorn|207\/352 par|[silent]
|turn|11
|c| asdsadasd|le
|c|âRhayader|i kinda fear the gyro
|c| asdsadasd|fear the gyno
|
|move|p1a: meme snek|Crunch|p2a: Ferrothorn
|-damage|p2a: Ferrothorn|0 fnt
|-damage|p1a: meme snek|169\/333|[from] ability: Iron Barbs|[of] p2a: Ferrothorn
|faint|p2a: Ferrothorn
|
|c| banded keks|__dank__
|c| Plyx|fear the greek sandbitch
|join|Setmaster
|c| asdsadasd|mold breaker should just ignore abilities altogether
|join|totally normal guy
|c| banded keks|y
|
|switch|p2a: Gyarados|Gyarados, F|331\/331
|-ability|p2a: Gyarados|Intimidate|[of] p1a: meme snek
|-unboost|p1a: meme snek|atk|1
|turn|12
|c| asdsadasd|heh
|c| asdsadasd|kid
|
|move|p1a: meme snek|Crunch|p2a: Gyarados
|-crit|p2a: Gyarados
|-damage|p2a: Gyarados|0 fnt
|faint|p2a: Gyarados
|
|c| Plyx|craunched
|join|Fel
|c| Mgoosius|>nice hack bro
|c| asdsadasd|cannibalism
|join|Le Jolly Sheepe
|c|âRhayader|inb4 sash mr krab or some shit
|
|switch|p2a: Roserade|Roserade, M|324\/324
|turn|13
|join|funny banana
|c| Za Pedoro|YFW dark type is literally called "Evil Type" in Japan
|c| Le Jolly Sheepe|``**SNEK**``
|
|move|p1a: meme snek|Crunch|p2a: Roserade
|-damage|p2a: Roserade|0 fnt
|faint|p2a: Roserade
|
|c|âRhayader|thank you meme snek
|c| pikkushisu|literally swept
|
|switch|p2a: Slowbro|Slowbro, F|393\/393
|turn|14
|c| asdsadasd|thanks for crunch masuda
|c| asdsadasd|now where is beedrill's gunk shot
|
|detailschange|p2a: Slowbro|Slowbro-Mega, F
|-mega|p2a: Slowbro|Slowbro|Slowbronite
|move|p1a: meme snek|Crunch|p2a: Slowbro
|-supereffective|p2a: Slowbro
|-damage|p2a: Slowbro|25\/393
|move|p2a: Slowbro|Scald|p1a: meme snek
|-resisted|p1a: meme snek
|-damage|p1a: meme snek|121\/333
|
|-damage|p1a: meme snek|80\/333|[from] Leech Seed|[of] p2a: Slowbro
|-heal|p2a: Slowbro|66\/393|[silent]
|turn|15
|c| Le Jolly Sheepe|``**SNEK**``
|c| Mgoosius|hey guys homemade memes for sale! there homemade and very dank!
|c| A w o o o o ~|he only helps water types
|c| pikkushisu|BALK
|c| banded keks|>BALK
|c|âRhayader|>didn't crit
|
|switch|p2a: Crawdaunt|Crawdaunt, M|330\/330
|move|p1a: meme snek|Crunch|p2a: Crawdaunt
|-resisted|p2a: Crawdaunt
|-damage|p2a: Crawdaunt|144\/330
|
|-damage|p1a: meme snek|39\/333|[from] Leech Seed|[of] p2a: Crawdaunt
|-heal|p2a: Crawdaunt|185\/330|[silent]
|turn|16
|leave|funny banana
|join|le sad frogman
|c| Plyx|le jet
|c|âRhayader|minmax pls
|c| asdsadasd|fug
|c| banded keks|jettttttttu
|c| asdsadasd|ded snek
|
|move|p2a: Crawdaunt|Aqua Jet|p1a: meme snek
|-crit|p1a: meme snek
|-resisted|p1a: meme snek
|-damage|p1a: meme snek|0 fnt
|faint|p1a: meme snek
|
|leave|le sad frogman
|c| asdsadasd|snek? snek??? SNEK!!!!!!!
|c| pikkushisu|ended the streak
|join|le sad frogman
|
|switch|p1a: Flareon-Therian|Kyurem-Black|343\/391
|-ability|p1a: Flareon-Therian|Teravolt
|turn|17
|c| Plyx|rip in paprika meme snek
|c| banded keks|tfw no shadow snek
|c| Tomoe Tights|My pretty snake did a whole lot to that team
|c| Tomoe Tights|i feel proud
|c| banded keks|:D
|c| asdsadasd|>my
|c| Jim Pickins|It was MY snek nerd
|c| Tomoe Tights|I suggested snek, nerd
|
|move|p1a: Flareon-Therian|Fusion Bolt|p2a: Crawdaunt
|-supereffective|p2a: Crawdaunt
|-damage|p2a: Crawdaunt|0 fnt
|faint|p2a: Crawdaunt
|
|c| asdsadasd|>claiming smogon snek as your original mememon
|c| Jim Pickins|Stop stealing the credit
|c| pikkushisu|>implying i'm not the suggester
|c| Tomoe Tights|Yall suggested rhyperior
|c| banded keks|ebin ebin ebin
|
|switch|p2a: Slowbro|Slowbro-Mega, F|66\/393
|turn|18
|c| banded keks|le anon fight
|c|âRhayader|surely slowbro can bulk a fusion bolt
|c| banded keks|y
|c| Plyx|yes
|c|+Champ. Gary Oak|y
|c| pikkushisu|ofc :^)
|c| asdsadasd|dont cal me shirley XD
|leave|Kami-nee-sama
|c| le sad frogman|pee pee poo poo
|c|+Champ. Gary Oak|xDDDDDDDD
|c| KekkerOfWorlds|XDDDDDDDDDDDDDD
|c|+Champ. Gary Oak|mfw memes
|c| Le Jolly Sheepe|at that health, probably n
|c|+Champ. Gary Oak|xD
|c| banded keks|XDXDXD
|
|move|p1a: Flareon-Therian|Fusion Bolt|p2a: Slowbro
|-supereffective|p2a: Slowbro
|-damage|p2a: Slowbro|0 fnt
|faint|p2a: Slowbro
|
|c| banded keks|>NO BALK
|c| Tomoe Tights|>not switching to p2
|c| asdsadasd|no spd
|c|+Champ. Gary Oak|HACKER
|c| Plyx|nice EVs
|c| banded keks|shitmon confirmed
|c| asdsadasd|mega slowking when
|
|switch|p2a: Porygon2|Porygon2|374\/374
|-ability|p2a: Porygon2|Teravolt|[from] ability: Trace|[of] p1a: Flareon-Therian
|-ability|p2a: Porygon2|Teravolt
|turn|19
|c| pikkushisu|le ducke of balk
|c| Tomoe Tights|ice beam and frz revenge
|c|âRhayader|gotta meme
|
|move|p1a: Flareon-Therian|Freeze Shock|p2a: Porygon2|[still]
|-prepare|p1a: Flareon-Therian|Freeze Shock|p2a: Porygon2
|move|p2a: Porygon2|Thunder Wave|p1a: Flareon-Therian
|-status|p1a: Flareon-Therian|par
|
|turn|20
|c| asdsadasd|nice meme
|c| banded keks|>
|c| Tomoe Tights|oi
|c| Plyx|SLOW
|leave|Champ. Gary Oak
|
|move|p2a: Porygon2|Ice Beam|p1a: Flareon-Therian
|-crit|p1a: Flareon-Therian
|-damage|p1a: Flareon-Therian|211\/391 par
|move|p1a: Flareon-Therian|Freeze Shock|p2a: Porygon2
|-damage|p2a: Porygon2|187\/374
|
|turn|21
|c| banded keks|aussi aussi aussi
|c| asdsadasd|epic
|c|âRhayader|>50%
|c|âRhayader|ok
|
|switch|p1a: you'd be surprise|Alomomola, F|534\/534
|move|p2a: Porygon2|Recover|p2a: Porygon2
|-heal|p2a: Porygon2|374\/374
|
|turn|22
|c| Tomoe Tights|reveal the knock off
|c| asdsadasd|just spam until punch buggy comes out
|c| pikkushisu|ok
|c|âRhayader|i have win button
|
|move|p1a: you'd be surprise|Toxic|p2a: Porygon2
|-status|p2a: Porygon2|tox
|move|p2a: Porygon2|Thunder Wave|p1a: you'd be surprise
|-status|p1a: you'd be surprise|par
|
|-damage|p2a: Porygon2|351\/374 tox|[from] psn
|turn|23
|c|âRhayader|and ogre
|c| asdsadasd|ayy
|c| pikkushisu|kek
|c| Plyx|PRESSED
|c| Tomoe Tights|watch it rest
|
|move|p2a: Porygon2|Discharge|p1a: you'd be surprise
|-supereffective|p1a: you'd be surprise
|-damage|p1a: you'd be surprise|306\/534 par
|move|p1a: you'd be surprise|Rain Dance|p1a: you'd be surprise
|-weather|RainDance
|
|-weather|RainDance|[upkeep]
|-heal|p1a: you'd be surprise|339\/534 par|[from] item: Leftovers
|-damage|p2a: Porygon2|305\/374 tox|[from] psn
|turn|24
|c| asdsadasd|>discharge
|c| asdsadasd|>and twave
|c|âRhayader|GOTTA PARA TWICE
|c| pikkushisu|nice hydration
|c| Za Pedoro|NOT THIS FUCKER AGAIN
|
|cant|p1a: you'd be surprise|par
|move|p2a: Porygon2|Discharge|p1a: you'd be surprise
|-supereffective|p1a: you'd be surprise
|-damage|p1a: you'd be surprise|109\/534 par
|
|-weather|RainDance|[upkeep]
|-heal|p1a: you'd be surprise|142\/534 par|[from] item: Leftovers
|-damage|p2a: Porygon2|236\/374 tox|[from] psn
|turn|25
|c|âRhayader|thanks
|
|switch|p1a: MeMeMeister|Machamp, F, shiny|321\/321
|move|p2a: Porygon2|Discharge|p1a: MeMeMeister
|-damage|p1a: MeMeMeister|249\/321
|-status|p1a: MeMeMeister|par
|
|-weather|RainDance|[upkeep]
|-damage|p2a: Porygon2|144\/374 tox|[from] psn
|turn|26
|c| ledamn|finish it with meme
|c| asdsadasd|kek
|c| banded keks|my face
|
|move|p2a: Porygon2|Recover|p2a: Porygon2
|-heal|p2a: Porygon2|331\/374 tox
|move|p1a: MeMeMeister|Metronome|p1a: MeMeMeister
|move|p1a: MeMeMeister|Needle Arm|p2a: Porygon2|[from]Metronome
|-damage|p2a: Porygon2|238\/374 tox
|
|-weather|RainDance|[upkeep]
|-damage|p2a: Porygon2|123\/374 tox|[from] psn
|turn|27
|c| pikkushisu|rng pls
|c| KekkerOfWorlds|Meme all over him
|c| Tomoe Tights|spiked
|
|move|p2a: Porygon2|Ice Beam|p1a: MeMeMeister
|-crit|p1a: MeMeMeister
|-damage|p1a: MeMeMeister|111\/321 par
|move|p1a: MeMeMeister|Metronome|p1a: MeMeMeister
|move|p1a: MeMeMeister|Psycho Cut|p2a: Porygon2|[from]Metronome
|-crit|p2a: Porygon2
|-damage|p2a: Porygon2|0 fnt
|faint|p2a: Porygon2
|
|win|Rhayader
|raw|Ladder updating...
|raw|Rhayader's rating: 1000 &rarr; <strong>1048<\/strong><br \/>(+48 for winning)
|raw|AndS's rating: 1075 &rarr; <strong>1049<\/strong><br \/>(-26 for losing)
|c| asdsadasd|ay
|c| KekkerOfWorlds|ayyy
|c| Tomoe Tights|>
|c| pikkushisu|cut
|c| Plyx|get cut
|leave|Rhayader
|leave|Tomoe Tights
|c| banded keks|good !
|c| asdsadasd|good goy
|player|p1
|leave|Le Jolly Sheepe
|leave|PiGreat
|leave|TheStroker
|leave|asdsadasd
|leave|NO MEMES EVER
|leave|KekkerOfWorlds
|leave|banded keks
|leave|A w o o o o ~
|leave|ledamn
|leave|kawaiidesunii
|leave|Mgoosius
|leave|pikkushisu
|leave|MEME THE MOVIE