|join|Hogg Horse
|join|Arcanine is Regal
|player|p1|Hogg Horse|125
|player|p2|Arcanine is Regal|126
|gametype|singles
|gen|6
|tier|OU
|rated
|clearpoke
|poke|p1|Shedinja
|poke|p1|Sableye, F
|poke|p1|Chansey, F
|poke|p1|Skarmory, F
|poke|p1|Heatran, F
|poke|p1|Alomomola, M
|poke|p2|Scolipede, M
|poke|p2|Espeon, M
|poke|p2|Azelf
|poke|p2|Ditto
|poke|p2|Wobbuffet, M
|poke|p2|Metagross
|rule|Swagger Clause: Swagger is banned
|rule|Baton Pass Clause: Limit one PokÃ©mon knowing Baton Pass
|rule|Sleep Clause Mod: Limit one foe put to sleep
|rule|Species Clause: Limit one of each PokÃ©mon
|rule|OHKO Clause: OHKO moves are banned
|rule|Moody Clause: Moody is banned
|rule|Evasion Moves Clause: Evasion moves are banned
|rule|Endless Battle Clause: Forcing endless battles is banned
|rule|HP Percentage Mod: HP is shown in percentages
|teampreview
|
|start
|switch|p1a: Sableye|Sableye, F|303\/303
|switch|p2a: Ditto|Ditto|258\/258
|-transform|p2a: Ditto|p1a: Sableye
|turn|1
|c|âHogg Horse|oh joy
|c|âHogg Horse|everyone loves baton pass
|
|switch|p2a: Azelf|Azelf|353\/353
|detailschange|p1a: Sableye|Sableye-Mega, F
|-mega|p1a: Sableye|Sableye|Sablenite
|move|p1a: Sableye|Knock Off|p2a: Azelf
|-supereffective|p2a: Azelf
|-damage|p2a: Azelf|75\/353
|-enditem|p2a: Azelf|Light Clay|[from] move: Knock Off|[of] p1a: Sableye
|
|turn|2
|c|âHogg Horse|granted, I
|
|move|p2a: Azelf|Explosion|p1a: Sableye
|-immune|p1a: Sableye|[msg]
|faint|p2a: Azelf
|move|p1a: Sableye|Foul Play|p2: Azelf|[notarget]
|-notarget
|
|c|âHogg Horse|am playing stall so I guess I shouldn't talk
|
|switch|p2a: Scolipede|Scolipede, M|321\/321
|turn|3
|
|move|p2a: Scolipede|Substitute|p2a: Scolipede
|-start|p2a: Scolipede|Substitute
|-damage|p2a: Scolipede|241\/321
|move|p1a: Sableye|Will-O-Wisp|p2a: Scolipede
|
|-boost|p2a: Scolipede|spe|1|[from] ability: Speed Boost
|turn|4
|
|move|p2a: Scolipede|Iron Defense|p2a: Scolipede
|-boost|p2a: Scolipede|def|2
|move|p1a: Sableye|Knock Off|p2a: Scolipede
|-activate|p2a: Scolipede|Substitute|[damage]
|
|-boost|p2a: Scolipede|spe|1|[from] ability: Speed Boost
|turn|5
|
|move|p2a: Scolipede|Iron Defense|p2a: Scolipede
|-boost|p2a: Scolipede|def|2
|move|p1a: Sableye|Knock Off|p2a: Scolipede
|-end|p2a: Scolipede|Substitute
|
|-boost|p2a: Scolipede|spe|1|[from] ability: Speed Boost
|turn|6
|
|move|p2a: Scolipede|Substitute|p2a: Scolipede
|-start|p2a: Scolipede|Substitute
|-damage|p2a: Scolipede|161\/321
|move|p1a: Sableye|Foul Play|p2a: Scolipede
|-activate|p2a: Scolipede|Substitute|[damage]
|
|-boost|p2a: Scolipede|spe|1|[from] ability: Speed Boost
|turn|7
|c|âArcanine is Regal|thank the sweet lord baby jesus I have hp fire>hp fighting
|
|move|p2a: Scolipede|Iron Defense|p2a: Scolipede
|-boost|p2a: Scolipede|def|2
|move|p1a: Sableye|Foul Play|p2a: Scolipede
|-activate|p2a: Scolipede|Substitute|[damage]
|
|-boost|p2a: Scolipede|spe|1|[from] ability: Speed Boost
|turn|8
|c|âHogg Horse|handy
|
|move|p2a: Scolipede|Baton Pass|p2a: Scolipede
|
|switch|p2a: Espeon|Espeon, M|321\/321
|move|p1a: Sableye|Foul Play|p2a: Espeon
|-supereffective|p2a: Espeon
|-end|p2a: Espeon|Substitute
|
|turn|9
|
|move|p2a: Espeon|Calm Mind|p2a: Espeon
|-boost|p2a: Espeon|spa|1
|-boost|p2a: Espeon|spd|1
|move|p1a: Sableye|Knock Off|p2a: Espeon
|-supereffective|p2a: Espeon
|-damage|p2a: Espeon|249\/321
|-enditem|p2a: Espeon|Leftovers|[from] move: Knock Off|[of] p1a: Sableye
|
|turn|10
|
|switch|p1a: Shedinja|Shedinja|1\/1
|move|p2a: Espeon|Calm Mind|p2a: Espeon
|-boost|p2a: Espeon|spa|1
|-boost|p2a: Espeon|spd|1
|
|turn|11
|join|Tom Bus
|
|move|p2a: Espeon|Dazzling Gleam|p1a: Shedinja
|-activate|p1a: Shedinja|ability: Wonder Guard
|move|p1a: Shedinja|X-Scissor|p2a: Espeon
|-supereffective|p2a: Espeon
|-damage|p2a: Espeon|163\/321
|
|turn|12
|c|âArcanine is Regal|I lied
|c|âHogg Horse|just want to make sure you're not bluffing
|c|âHogg Horse|ah
|-message|Arcanine is Regal forfeited.
|leave|Arcanine is Regal
|
|win|Hogg Horse
|raw|Ladder updating...
|player|p2
|raw|Hogg Horse's rating: 1632 &rarr; <strong>1651<\/strong><br \/>(+19 for winning)
|raw|Arcanine is Regal's rating: 1611 &rarr; <strong>1592<\/strong><br \/>(-19 for losing)
|leave|Tom Bus