|join|UU topkek
|join|Cyndequil
|player|p1|UU topkek|217
|player|p2|Cyndequil|184
|gametype|singles
|gen|6
|tier|UU
|rule|Sleep Clause Mod: Limit one foe put to sleep
|rule|Species Clause: Limit one of each PokÃ©mon
|rule|OHKO Clause: OHKO moves are banned
|rule|Moody Clause: Moody is banned
|rule|Evasion Moves Clause: Evasion moves are banned
|rule|Endless Battle Clause: Forcing endless battles is banned
|rule|HP Percentage Mod: HP is shown in percentages
|clearpoke
|poke|p1|Altaria, F
|poke|p1|Salamence, M
|poke|p1|Azelf
|poke|p1|Staraptor, F
|poke|p1|Jirachi
|poke|p1|Infernape, M
|poke|p2|Nidoqueen, F
|poke|p2|Altaria, M
|poke|p2|Jirachi
|poke|p2|Chesnaught, M
|poke|p2|Starmie
|poke|p2|Hydreigon, F
|rule|Swagger Clause: Swagger is banned
|rule|Baton Pass Clause: Limit one PokÃ©mon knowing Baton Pass
|teampreview
|c|âCyndequil|ew
|c|âUU topkek|leggo
|c|âCyndequil|HO
|c|âUU topkek|zelf
|join|Starmei
|c|âCyndequil|drei
|
|start
|switch|p1a: Azelf|Azelf|291\/291
|switch|p2a: Hydreigon|Hydreigon, F|325\/325
|turn|1
|c|âCyndequil|kk u start
|join|WindDemon
|c|âUU topkek|rocks
|c| WindDemon|bb git rekt
|c|âCyndequil|pulse
|c| WindDemon|M Mence bout 2 rek
|join|Skysolo14
|
|move|p2a: Hydreigon|Dark Pulse|p1a: Azelf
|-crit|p1a: Azelf
|-supereffective|p1a: Azelf
|-enditem|p1a: Azelf|Focus Sash
|-damage|p1a: Azelf|1\/291
|move|p1a: Azelf|Stealth Rock|p2a: Hydreigon
|-sidestart|p2: Cyndequil|move: Stealth Rock
|
|turn|2
|c| WindDemon|or sumthin
|c| Starmei|lie turn 1
|c| Starmei|imo
|c| Starmei|aw
|c|âCyndequil|again
|c|âUU topkek|ape
|leave|Skysolo14
|
|switch|p1a: Infernape|Infernape, M|293\/293
|move|p2a: Hydreigon|Dark Pulse|p1a: Infernape
|-resisted|p1a: Infernape
|-damage|p1a: Infernape|203\/293
|
|turn|3
|c| WindDemon|ay
|c| WindDemon|lmao he listened tho
|c|âUU topkek|blitz
|c|âCyndequil|starmie
|
|switch|p2a: Starmie|Starmie|324\/324
|-damage|p2a: Starmie|284\/324|[from] Stealth Rock
|move|p1a: Infernape|Flare Blitz|p2a: Starmie
|-resisted|p2a: Starmie
|-damage|p2a: Starmie|170\/324
|-damage|p1a: Infernape|165\/293|[from] recoil|[of] p2a: Starmie
|-damage|p1a: Infernape|136\/293|[from] item: Life Orb
|
|-heal|p2a: Starmie|190\/324|[from] item: Leftovers
|turn|4
|c| Starmei|<3
|c|âCyndequil|damn
|c|âCyndequil|ate it all the way up
|c|âUU topkek|why dat do
|c|âUU topkek|nothin
|c|âCyndequil|recover
|c|âUU topkek|zelf
|
|switch|p1a: Azelf|Azelf|1\/291
|move|p2a: Starmie|Recover|p2a: Starmie
|-heal|p2a: Starmie|324\/324
|
|turn|5
|c|âUU topkek|explode
|c|âCyndequil|damn
|c|âCyndequil|recover
|c|âUU topkek|lmao
|
|move|p1a: Azelf|Taunt|p2a: Starmie
|-start|p2a: Starmie|move: Taunt
|cant|p2a: Starmie|move: Taunt|Recover
|
|turn|6
|c|âUU topkek|ah
|c|âCyndequil|waste of a lie
|c|âUU topkek|garb
|c|âCyndequil|absolute waste
|c|âUU topkek|explode
|c|âCyndequil|rachi
|
|switch|p2a: Jirachi|Jirachi|404\/404
|-damage|p2a: Jirachi|379\/404|[from] Stealth Rock
|move|p1a: Azelf|Explosion|p2a: Jirachi
|-resisted|p2a: Jirachi
|-damage|p2a: Jirachi|242\/404
|faint|p1a: Azelf
|
|-heal|p2a: Jirachi|267\/404|[from] item: Leftovers
|
|switch|p1a: Salamence|Salamence, M|331\/331
|turn|7
|c|âUU topkek|pls
|c|âCyndequil|slam
|c|âUU topkek|eq
|
|move|p1a: Salamence|Earthquake|p2a: Jirachi
|-supereffective|p2a: Jirachi
|-damage|p2a: Jirachi|25\/404
|move|p2a: Jirachi|Body Slam|p1a: Salamence
|-damage|p1a: Salamence|254\/331
|-status|p1a: Salamence|par
|-enditem|p1a: Salamence|Lum Berry|[eat]
|-curestatus|p1a: Salamence|par
|
|-heal|p2a: Jirachi|50\/404|[from] item: Leftovers
|turn|8
|c|âUU topkek|oml
|c|âUU topkek|weak
|c|âCyndequil|damn
|c|âCyndequil|u hacker
|join|UU mmmm
|c|âCyndequil|your turn
|c|âUU topkek|iron tail
|join|Skysolo14
|c|âCyndequil|srs
|c|âUU topkek|:]
|c|âCyndequil|fkn bs
|c|âCyndequil|ches
|
|switch|p2a: Chesnaught|Chesnaught, M|380\/380
|-damage|p2a: Chesnaught|357\/380|[from] Stealth Rock
|move|p1a: Salamence|Iron Tail|p2a: Chesnaught
|-damage|p2a: Chesnaught|280\/380
|
|-heal|p2a: Chesnaught|303\/380|[from] item: Leftovers
|turn|9
|c|âUU topkek|that did
|c|âUU topkek|jack
|c|âCyndequil|stone edge
|c|âUU topkek|ape
|
|switch|p1a: Infernape|Infernape, M|136\/293
|move|p2a: Chesnaught|Stone Edge|p1a: Infernape
|-damage|p1a: Infernape|33\/293
|
|-heal|p2a: Chesnaught|326\/380|[from] item: Leftovers
|turn|10
|c|âCyndequil|;]
|c|âUU topkek|damn
|c|âCyndequil|why'd
|c|âCyndequil|that do
|c|âCyndequil|nth
|c|âUU topkek|SD
|c|âUU topkek|:]]]]
|c|âCyndequil|dp
|
|switch|p2a: Starmie|Starmie|324\/324
|-damage|p2a: Starmie|284\/324|[from] Stealth Rock
|move|p1a: Infernape|Swords Dance|p1a: Infernape
|-boost|p1a: Infernape|atk|2
|
|-heal|p2a: Starmie|304\/324|[from] item: Leftovers
|turn|11
|c|âCyndequil|fk
|c|âCyndequil|scald
|c|âUU topkek|die
|c|âCyndequil|n
|c|âUU topkek|CC
|
|move|p1a: Infernape|Close Combat|p2a: Starmie
|-resisted|p2a: Starmie
|-damage|p2a: Starmie|61\/324
|-unboost|p1a: Infernape|def|1
|-unboost|p1a: Infernape|spd|1
|-damage|p1a: Infernape|4\/293|[from] item: Life Orb
|move|p2a: Starmie|Scald|p1a: Infernape
|-supereffective|p1a: Infernape
|-damage|p1a: Infernape|0 fnt
|faint|p1a: Infernape
|
|-heal|p2a: Starmie|81\/324|[from] item: Leftovers
|c|âCyndequil|i dont die
|c| Starmei|Yum
|leave|UU mmmm
|c|âCyndequil|starmie is god
|c|âUU topkek|>yum
|c| Starmei|another one pls
|
|switch|p1a: Jirachi|Jirachi|341\/341
|turn|12
|c|âUU topkek|u-turn
|c|âCyndequil|rachi
|
|switch|p2a: Jirachi|Jirachi|50\/404
|-damage|p2a: Jirachi|25\/404|[from] Stealth Rock
|move|p1a: Jirachi|U-turn|p2a: Jirachi
|-damage|p2a: Jirachi|0 fnt
|faint|p2a: Jirachi
|
|switch|p1a: Staraptor|Staraptor, F|311\/311
|
|
|switch|p2a: Hydreigon|Hydreigon, F|325\/325
|-damage|p2a: Hydreigon|285\/325|[from] Stealth Rock
|turn|13
|c|âUU topkek|?
|c|âCyndequil|dark pulse
|leave|Skysolo14
|c|âUU topkek|mence
|
|switch|p1a: Salamence|Salamence, M|254\/331
|move|p2a: Hydreigon|Draco Meteor|p1a: Salamence
|-supereffective|p1a: Salamence
|-damage|p1a: Salamence|0 fnt
|-unboost|p2a: Hydreigon|spa|2
|faint|p1a: Salamence
|
|
|switch|p1a: Altaria|Altaria, F|312\/312
|turn|14
|c|âCyndequil|shit
|c|âUU topkek|ok
|c|âCyndequil|i just lose now
|c|âUU topkek|DD
|c|âCyndequil|queen
|c|âUU topkek|die
|
|switch|p2a: Nidoqueen|Nidoqueen, F|384\/384
|-damage|p2a: Nidoqueen|360\/384|[from] Stealth Rock
|detailschange|p1a: Altaria|Altaria-Mega, F
|message|Altaria has Mega Evolved into Mega Altaria!
|move|p1a: Altaria|Dragon Dance|p1a: Altaria
|-boost|p1a: Altaria|atk|1
|-boost|p1a: Altaria|spe|1
|
|-heal|p2a: Nidoqueen|384\/384|[from] item: Black Sludge
|turn|15
|c|âUU topkek|ur turn
|c|âCyndequil|wave
|c|âUU topkek|eq
|
|move|p1a: Altaria|Earthquake|p2a: Nidoqueen
|-supereffective|p2a: Nidoqueen
|-damage|p2a: Nidoqueen|122\/384
|move|p2a: Nidoqueen|Sludge Wave|p1a: Altaria
|-supereffective|p1a: Altaria
|-damage|p1a: Altaria|88\/312
|
|-heal|p2a: Nidoqueen|146\/384|[from] item: Black Sludge
|turn|16
|join|Skysolo14
|c|âCyndequil|damn
|c|âUU topkek|again
|c|âCyndequil|you actually had it
|c|âCyndequil|hydrei
|
|switch|p2a: Hydreigon|Hydreigon, F|285\/325
|-damage|p2a: Hydreigon|245\/325|[from] Stealth Rock
|move|p1a: Altaria|Earthquake|p2a: Hydreigon
|-immune|p2a: Hydreigon|[msg]
|
|turn|17
|c|âUU topkek|damn
|c|âUU topkek|nice and ballsy
|c|âCyndequil|d pulse crit
|c|âUU topkek|roost
|
|move|p2a: Hydreigon|Dark Pulse|p1a: Altaria
|-resisted|p1a: Altaria
|-damage|p1a: Altaria|16\/312
|cant|p1a: Altaria|flinch
|
|turn|18
|c|âUU topkek|NOOOO
|c|âCyndequil|rofl
|c| Skysolo14|lol
|c| Starmei|LOL
|c|âUU topkek|NONASOCOICnOSICNASCn
|c|âCyndequil|again
|c|âUU topkek|ScKNCASCNAOCANC
|c|âUU topkek|WCksncs
|c|âUU topkek|csncsaklcnsac
|c|âUU topkek|lkn
|c| Starmei|mad?
|c| Starmei|:]
|c|âUU topkek|fuck
|
|move|p2a: Hydreigon|Dark Pulse|p1a: Altaria
|-resisted|p1a: Altaria
|-damage|p1a: Altaria|0 fnt
|faint|p1a: Altaria
|
|c|âUU topkek|fuck
|c|âCyndequil|nice and based
|c|âCyndequil|;]
|
|switch|p1a: Staraptor|Staraptor, F|311\/311
|turn|19
|c|âUU topkek|fuck
|c|âCyndequil|your turn
|c|âUU topkek|bb
|c|âUU topkek|no shit
|leave|WindDemon
|c|âCyndequil|stmie
|
|switch|p2a: Starmie|Starmie|81\/324
|-damage|p2a: Starmie|41\/324|[from] Stealth Rock
|move|p1a: Staraptor|Brave Bird|p2a: Starmie
|-damage|p2a: Starmie|0 fnt
|-damage|p1a: Staraptor|297\/311|[from] recoil|[of] p2a: Starmie
|faint|p2a: Starmie
|
|c|âUU topkek|starmie
|c|âUU topkek|got saccked
|c| Starmei|;-;
|c|âUU topkek|g.g
|
|switch|p2a: Nidoqueen|Nidoqueen, F|146\/384
|-damage|p2a: Nidoqueen|122\/384|[from] Stealth Rock
|turn|20
|c|âUU topkek|again
|
|move|p1a: Staraptor|Brave Bird|p2a: Nidoqueen
|-damage|p2a: Nidoqueen|0 fnt
|-damage|p1a: Staraptor|257\/311|[from] recoil|[of] p2a: Nidoqueen
|faint|p2a: Nidoqueen
|
|c|âCyndequil|wave
|c|âUU topkek|oml
|c|âUU topkek|that was so
|c|âUU topkek|bs
|
|switch|p2a: Hydreigon|Hydreigon, F|245\/325
|-damage|p2a: Hydreigon|205\/325|[from] Stealth Rock
|turn|21
|c|âCyndequil|pulse
|c|âCyndequil|*dark
|c|âUU topkek|bb
|
|switch|p1a: Jirachi|Jirachi|341\/341
|move|p2a: Hydreigon|Dark Pulse|p1a: Jirachi
|-supereffective|p1a: Jirachi
|-damage|p1a: Jirachi|53\/341
|
|turn|22
|c|âCyndequil|good juan
|c|âUU topkek|u-turn
|c|âUU topkek|wait no
|c|âUU topkek|iron head
|c|âCyndequil|2late
|c|âCyndequil|u turn it is
|c|âUU topkek|go away
|c| Starmei|lol
|c|âCyndequil|m8
|c|âCyndequil|if you iron head
|c|âUU topkek|n
|c|âCyndequil|i insta win
|c|âUU topkek|go away
|c|âCyndequil|its u turn
|c|âCyndequil|2bad fren
|c|âUU topkek|iron head
|c|âCyndequil|no re
|c|âCyndequil|srry
|c|âUU topkek|.-.
|c|âCyndequil|u turn
|c|âCyndequil|or i win
|c|âUU topkek|u flinched my altaria
|c|âUU topkek|go away
|c|âCyndequil|idc
|c|âCyndequil|im a hax god
|c|âUU topkek|fuck off
|c|âCyndequil|deal with it
|c|âUU topkek|.-.-.-.
|c|âUU topkek|:'{
|c|âCyndequil|u turn
|c|âUU topkek|neinneineninenineineninein
|c|âCyndequil|yyyyy
|
|switch|p2a: Altaria|Altaria, M|296\/296
|-damage|p2a: Altaria|222\/296|[from] Stealth Rock
|move|p1a: Jirachi|Iron Head|p2a: Altaria
|-damage|p2a: Altaria|102\/296
|
|turn|23
|c|âCyndequil|kk insta win
|c|âUU topkek|go away
|c|âCyndequil|wot
|c|âUU topkek|iron head
|
|detailschange|p2a: Altaria|Altaria-Mega, M
|message|Altaria has Mega Evolved into Mega Altaria!
|move|p1a: Jirachi|Iron Head|p2a: Altaria
|-crit|p2a: Altaria
|-supereffective|p2a: Altaria
|-damage|p2a: Altaria|0 fnt
|faint|p2a: Altaria
|
|
|switch|p2a: Chesnaught|Chesnaught, M|326\/380
|-damage|p2a: Chesnaught|303\/380|[from] Stealth Rock
|turn|24
|c|âCyndequil|stone edge
|c|âUU topkek|ok
|c|âUU topkek|raptor
|
|switch|p1a: Staraptor|Staraptor, F|257\/311
|move|p2a: Chesnaught|Stone Edge|p1a: Staraptor
|-crit|p1a: Staraptor
|-supereffective|p1a: Staraptor
|-damage|p1a: Staraptor|0 fnt
|faint|p1a: Staraptor
|
|-heal|p2a: Chesnaught|326\/380|[from] item: Leftovers
|c|âCyndequil|ah
|c|âUU topkek|NO
|c|âCyndequil|nb at all
|c|âUU topkek|NOOOOO
|c| Skysolo14|rofl
|c|âUU topkek|KILL
|c|âUU topkek|YOURSELF
|c|âCyndequil|not bad at all
|
|switch|p1a: Jirachi|Jirachi|53\/341
|turn|25
|c|âCyndequil|stone edge chesnaught
|c|âUU topkek|i dont even
|c|âCyndequil|is a lord
|
|move|p1a: Jirachi|Iron Head|p2a: Chesnaught
|-damage|p2a: Chesnaught|256\/380
|cant|p2a: Chesnaught|flinch
|
|-heal|p2a: Chesnaught|279\/380|[from] item: Leftovers
|turn|26
|
|move|p1a: Jirachi|Iron Head|p2a: Chesnaught
|-damage|p2a: Chesnaught|204\/380
|cant|p2a: Chesnaught|flinch
|
|-heal|p2a: Chesnaught|227\/380|[from] item: Leftovers
|turn|27
|c|âCyndequil|fk
|c|âCyndequil|I'm going to lose
|c|âCyndequil|to gey rachi
|c|âUU topkek|yes
|c|âUU topkek|lose
|
|move|p1a: Jirachi|Iron Head|p2a: Chesnaught
|-damage|p2a: Chesnaught|149\/380
|move|p2a: Chesnaught|Synthesis|p2a: Chesnaught
|-heal|p2a: Chesnaught|339\/380
|
|-heal|p2a: Chesnaught|362\/380|[from] item: Leftovers
|turn|28
|c|âUU topkek|no
|
|move|p1a: Jirachi|Iron Head|p2a: Chesnaught
|-damage|p2a: Chesnaught|280\/380
|cant|p2a: Chesnaught|flinch
|
|-heal|p2a: Chesnaught|303\/380|[from] item: Leftovers
|turn|29
|c|âCyndequil|get off one
|c|âCyndequil|fkn
|c|âCyndequil|dp
|
|move|p1a: Jirachi|Iron Head|p2a: Chesnaught
|-crit|p2a: Chesnaught
|-damage|p2a: Chesnaught|191\/380
|move|p2a: Chesnaught|Drain Punch|p1a: Jirachi
|-damage|p1a: Jirachi|0 fnt
|-heal|p2a: Chesnaught|218\/380|[from] drain|[of] p1a: Jirachi
|faint|p1a: Jirachi
|
|win|Cyndequil
|c|âUU topkek|fuck off imo
|c|âUU topkek|nooooo
|c|âCyndequil|gg
|c|âUU topkek|nLKnklsnclksancsa
|c|âCyndequil|gggggg
|c|âUU topkek|lnclkasncsacs
|c|âUU topkek|lnlskncsklcasc
|c|âCyndequil|no re
|leave|Starmei
|c|âUU topkek|asclksancaslkcnasl
|c|âCyndequil|u suck
|c|âUU topkek|wcn
|c|âCyndequil|u pleb
|c|âCyndequil|git gud