|join|illestt
|join|kratossnake
|player|p1|illestt|148
|player|p2|kratossnake|159
|gametype|singles
|gen|6
|tier|ORAS OU
|rule|Sleep Clause Mod: Limit one foe put to sleep
|rule|Species Clause: Limit one of each PokÃ©mon
|rule|OHKO Clause: OHKO moves are banned
|rule|Moody Clause: Moody is banned
|rule|Evasion Moves Clause: Evasion moves are banned
|rule|Endless Battle Clause: Forcing endless battles is banned
|rule|HP Percentage Mod: HP is shown in percentages
|clearpoke
|poke|p1|Landorus-Therian, M
|poke|p1|Azumarill, F
|poke|p1|Mamoswine, M
|poke|p1|Magnezone
|poke|p1|Salamence, M
|poke|p1|Greninja, F
|poke|p2|Bisharp, F
|poke|p2|Heatran, F
|poke|p2|Chansey, F
|poke|p2|Skarmory, F
|poke|p2|Amoonguss, M
|poke|p2|Gallade, M
|rule|Swagger Clause: Swagger is banned
|rule|Baton Pass Clause: Limit one PokÃ©mon knowing Baton Pass
|teampreview
|join|JDynasty
|join|lex32
|join|Dadede
|leave|JDynasty
|join|LLOKm
|join|JDynasty
|join|RAAAWK HAAAWK
|join|ThatGuy334
|leave|JDynasty
|join|LadderToEz
|c| LLOKm|that team though kratossnake
|join|JDynasty
|leave|JDynasty
|join|IAmGingy
|join|Specs Fake-Out
|leave|IAmGingy
|c|âillestt|that's exactly
|c| LLOKm|illest team is cancer
|c|âillestt|why im using this team
|join|JDynasty
|c|âillestt|i was gonna use gallade
|c|âillestt|but this guy
|c|âillestt|runs stall
|join|Draco Imperator
|join|Sieke
|c| LLOKm|lol
|
|start
|switch|p1a: Magnezone|Magnezone|281\/281
|switch|p2a: Hotshot|Heatran, F|323\/323
|-item|p2a: Hotshot|Air Balloon
|turn|1
|
|move|p1a: Magnezone|Volt Switch|p2a: Hotshot
|-damage|p2a: Hotshot|199\/323
|-enditem|p2a: Hotshot|Air Balloon
|join|Sathyro
|
|switch|p1a: Azumarill|Azumarill, F|401\/401
|move|p2a: Hotshot|Stealth Rock|p1a: Azumarill
|-sidestart|p1: illestt|move: Stealth Rock
|
|turn|2
|leave|LadderToEz
|c| LLOKm|gallade+bisharp : chansey+skarmory 
|
|switch|p2a: Mushroom|Amoonguss, M|432\/432
|move|p1a: Azumarill|Knock Off|p2a: Mushroom
|-damage|p2a: Mushroom|295\/432
|-enditem|p2a: Mushroom|Black Sludge|[from] move: Knock Off|[of] p1a: Azumarill
|
|turn|3
|
|move|p1a: Azumarill|Knock Off|p2a: Mushroom
|-damage|p2a: Mushroom|197\/432
|move|p2a: Mushroom|Spore|p1a: Azumarill
|-status|p1a: Azumarill|slp
|
|turn|4
|
|switch|p1a: Salamence|Salamence, M|331\/331
|-damage|p1a: Salamence|249\/331|[from] Stealth Rock
|-ability|p1a: Salamence|Intimidate|[of] p2a: Mushroom
|-unboost|p2a: Mushroom|atk|1
|switch|p2a: Sharpnxggia|Bisharp, F|272\/272
|
|turn|5
|
|switch|p2a: Skarm|Skarmory, F|334\/334
|detailschange|p1a: Salamence|Salamence-Mega, M
|message|Salamence has Mega Evolved into Mega Salamence!
|move|p1a: Salamence|Earthquake|p2a: Skarm
|-immune|p2a: Skarm|[msg]
|
|turn|6
|c| Specs Fake-Out|shoulda been sap sipper azu
|c| LLOKm|^
|
|switch|p1a: Magnezone|Magnezone|281\/281
|-damage|p1a: Magnezone|264\/281|[from] Stealth Rock
|switch|p2a: Gall|Gallade, M|277\/277
|
|turn|7
|c| Specs Fake-Out|bop
|
|detailschange|p2a: Gall|Gallade-Mega, M
|message|Gallade has Mega Evolved into Mega Gallade!
|move|p1a: Magnezone|Volt Switch|p2a: Gall
|-damage|p2a: Gall|175\/277
|
|switch|p1a: Azumarill|Azumarill, F|401\/401 slp
|-damage|p1a: Azumarill|351\/401 slp|[from] Stealth Rock
|move|p2a: Gall|Knock Off|p1a: Azumarill
|-resisted|p1a: Azumarill
|-damage|p1a: Azumarill|268\/401 slp
|-enditem|p1a: Azumarill|Assault Vest|[from] move: Knock Off|[of] p2a: Gall
|
|turn|8
|
|move|p2a: Gall|Zen Headbutt|p1a: Azumarill
|-damage|p1a: Azumarill|58\/401 slp
|cant|p1a: Azumarill|slp
|
|turn|9
|
|cant|p1a: Azumarill|slp
|move|p2a: Gall|Close Combat|p1a: Azumarill
|-resisted|p1a: Azumarill
|-damage|p1a: Azumarill|0 fnt
|-unboost|p2a: Gall|def|1
|-unboost|p2a: Gall|spd|1
|faint|p1a: Azumarill
|
|
|switch|p1a: Greninja|Greninja, F|285\/285
|-damage|p1a: Greninja|250\/285|[from] Stealth Rock
|turn|10
|join|lt8a idarki
|
|switch|p1a: Salamence|Salamence-Mega, M|249\/331
|-damage|p1a: Salamence|167\/331|[from] Stealth Rock
|switch|p2a: Healer|Chansey, F|704\/704
|
|turn|11
|
|switch|p1a: Magnezone|Magnezone|264\/281
|-damage|p1a: Magnezone|247\/281|[from] Stealth Rock
|move|p2a: Healer|Seismic Toss|p1a: Magnezone
|-damage|p1a: Magnezone|147\/281
|
|turn|12
|join|Roi Pika
|c| LLOKm|wrekt
|join|Shunz
|
|move|p1a: Magnezone|Volt Switch|p2a: Healer
|-damage|p2a: Healer|631\/704
|
|switch|p1a: Mamoswine|Mamoswine, M|361\/361
|-damage|p1a: Mamoswine|316\/361|[from] Stealth Rock
|move|p2a: Healer|Seismic Toss|p1a: Mamoswine
|-damage|p1a: Mamoswine|216\/361
|
|turn|13
|c| Shunz|go fat lil egg
|
|switch|p2a: Hotshot|Heatran, F|199\/323
|move|p1a: Mamoswine|Stealth Rock|p2a: Hotshot
|-sidestart|p2: kratossnake|move: Stealth Rock
|
|turn|14
|
|move|p1a: Mamoswine|Earthquake|p2a: Hotshot
|-supereffective|p2a: Hotshot
|-damage|p2a: Hotshot|0 fnt
|faint|p2a: Hotshot
|
|join|HJ regicide
|
|switch|p2a: Gall|Gallade-Mega, M|175\/277
|-damage|p2a: Gall|158\/277|[from] Stealth Rock
|turn|15
|
|switch|p1a: Landorus-Therian|Landorus-Therian, M|319\/319
|-damage|p1a: Landorus-Therian|280\/319|[from] Stealth Rock
|-ability|p1a: Landorus-Therian|Intimidate|[of] p2a: Gall
|-unboost|p2a: Gall|atk|1
|move|p2a: Gall|Close Combat|p1a: Landorus-Therian
|-resisted|p1a: Landorus-Therian
|-damage|p1a: Landorus-Therian|193\/319
|-unboost|p2a: Gall|def|1
|-unboost|p2a: Gall|spd|1
|
|turn|16
|
|switch|p2a: Mushroom|Amoonguss, M|341\/432
|-damage|p2a: Mushroom|287\/432|[from] Stealth Rock
|move|p1a: Landorus-Therian|U-turn|p2a: Mushroom
|-damage|p2a: Mushroom|201\/432
|
|switch|p1a: Mamoswine|Mamoswine, M|216\/361
|-damage|p1a: Mamoswine|171\/361|[from] Stealth Rock
|
|turn|17
|
|switch|p2a: Skarm|Skarmory, F|334\/334
|-damage|p2a: Skarm|293\/334|[from] Stealth Rock
|move|p1a: Mamoswine|Icicle Spear|p2a: Skarm
|-damage|p2a: Skarm|268\/334
|-damage|p2a: Skarm|240\/334
|-damage|p2a: Skarm|212\/334
|-hitcount|p2a: Skarm|3
|
|turn|18
|
|switch|p2a: Sharpnxggia|Bisharp, F|272\/272
|-damage|p2a: Sharpnxggia|255\/272|[from] Stealth Rock
|move|p1a: Mamoswine|Earthquake|p2a: Sharpnxggia
|-supereffective|p2a: Sharpnxggia
|-damage|p2a: Sharpnxggia|0 fnt
|faint|p2a: Sharpnxggia
|
|
|switch|p2a: Gall|Gallade-Mega, M|158\/277
|-damage|p2a: Gall|141\/277|[from] Stealth Rock
|turn|19
|
|move|p1a: Mamoswine|Ice Shard|p2a: Gall
|-damage|p2a: Gall|65\/277
|move|p2a: Gall|Close Combat|p1a: Mamoswine
|-supereffective|p1a: Mamoswine
|-damage|p1a: Mamoswine|0 fnt
|-unboost|p2a: Gall|def|1
|-unboost|p2a: Gall|spd|1
|faint|p1a: Mamoswine
|
|
|switch|p1a: Landorus-Therian|Landorus-Therian, M|193\/319
|-damage|p1a: Landorus-Therian|154\/319|[from] Stealth Rock
|-ability|p1a: Landorus-Therian|Intimidate|[of] p2a: Gall
|-unboost|p2a: Gall|atk|1
|turn|20
|
|switch|p2a: Mushroom|Amoonguss, M|345\/432
|-damage|p2a: Mushroom|291\/432|[from] Stealth Rock
|move|p1a: Landorus-Therian|U-turn|p2a: Mushroom
|-damage|p2a: Mushroom|197\/432
|
|switch|p1a: Salamence|Salamence-Mega, M|167\/331
|-damage|p1a: Salamence|85\/331|[from] Stealth Rock
|
|turn|21
|join|GloryBaby
|
|move|p1a: Salamence|Frustration|p2a: Mushroom
|-supereffective|p2a: Mushroom
|-damage|p2a: Mushroom|0 fnt
|faint|p2a: Mushroom
|
|
|switch|p2a: Skarm|Skarmory, F|212\/334
|-damage|p2a: Skarm|171\/334|[from] Stealth Rock
|turn|22
|
|move|p1a: Salamence|Dragon Dance|p1a: Salamence
|-boost|p1a: Salamence|atk|1
|-boost|p1a: Salamence|spe|1
|move|p2a: Skarm|Roost|p2a: Skarm
|-heal|p2a: Skarm|334\/334
|
|turn|23
|join|toneloni97
|
|move|p1a: Salamence|Frustration|p2a: Skarm
|-resisted|p2a: Skarm
|-damage|p2a: Skarm|218\/334
|-damage|p1a: Salamence|30\/331|[from] item: Rocky Helmet|[of] p2a: Skarm
|move|p2a: Skarm|Whirlwind|p1a: Salamence
|drag|p1a: Greninja|Greninja, F|250\/285
|-damage|p1a: Greninja|215\/285|[from] Stealth Rock
|
|turn|24
|
|switch|p1a: Salamence|Salamence-Mega, M|30\/331
|-damage|p1a: Salamence|0 fnt|[from] Stealth Rock
|faint|p1a: Salamence
|switch|p2a: Healer|Chansey, F|631\/704
|-damage|p2a: Healer|543\/704|[from] Stealth Rock
|
|
|switch|p1a: Landorus-Therian|Landorus-Therian, M|154\/319
|-damage|p1a: Landorus-Therian|115\/319|[from] Stealth Rock
|-ability|p1a: Landorus-Therian|Intimidate|[of] p2a: Healer
|-unboost|p2a: Healer|atk|1
|turn|25
|
|move|p1a: Landorus-Therian|U-turn|p2a: Healer
|-damage|p2a: Healer|429\/704
|leave|RAAAWK HAAAWK
|
|switch|p1a: Magnezone|Magnezone|147\/281
|-damage|p1a: Magnezone|130\/281|[from] Stealth Rock
|move|p2a: Healer|Soft-Boiled|p2a: Healer
|-heal|p2a: Healer|704\/704
|
|turn|26
|
|move|p1a: Magnezone|Thunderbolt|p2a: Healer
|-damage|p2a: Healer|608\/704
|move|p2a: Healer|Seismic Toss|p1a: Magnezone
|-damage|p1a: Magnezone|30\/281
|
|turn|27
|
|move|p1a: Magnezone|Thunderbolt|p2a: Healer
|-damage|p2a: Healer|497\/704
|move|p2a: Healer|Seismic Toss|p1a: Magnezone
|-damage|p1a: Magnezone|0 fnt
|faint|p1a: Magnezone
|
|
|switch|p1a: Landorus-Therian|Landorus-Therian, M|115\/319
|-damage|p1a: Landorus-Therian|76\/319|[from] Stealth Rock
|-ability|p1a: Landorus-Therian|Intimidate|[of] p2a: Healer
|-unboost|p2a: Healer|atk|1
|turn|28
|join|swagger wagon
|leave|HJ regicide
|
|switch|p2a: Skarm|Skarmory, F|218\/334
|-damage|p2a: Skarm|177\/334|[from] Stealth Rock
|move|p1a: Landorus-Therian|Explosion|p2a: Skarm
|-resisted|p2a: Skarm
|-damage|p2a: Skarm|89\/334
|faint|p1a: Landorus-Therian
|
|leave|Sathyro
|c|âillestt|gg
|-message|illestt forfeited.
|
|win|kratossnake
|leave|illestt
|player|p1
|leave|Sieke
|leave|kratossnake
|player|p2
|leave|toneloni97
|leave|Shunz
|leave|Specs Fake-Out
|leave|ThatGuy334
|leave|GloryBaby
|leave|LLOKm