|join|Gros orteil
|join|KratosSnake
|player|p1|Gros orteil|107
|player|p2|KratosSnake|159
|gametype|singles
|gen|6
|tier|OU
|rated
|clearpoke
|poke|p1|Hydreigon, F
|poke|p1|Steelix, F
|poke|p1|Gengar, M
|poke|p1|Azumarill, M
|poke|p1|Ferrothorn, M
|poke|p1|Haxorus, M
|poke|p2|Ferrothorn, M
|poke|p2|Diancie
|poke|p2|Tyranitar, M
|poke|p2|Keldeo-Resolute
|poke|p2|Latias, F
|poke|p2|Excadrill, M
|rule|Swagger Clause: Swagger is banned
|rule|Baton Pass Clause: Limit one PokÃ©mon knowing Baton Pass
|rule|Sleep Clause Mod: Limit one foe put to sleep
|rule|Species Clause: Limit one of each PokÃ©mon
|rule|OHKO Clause: OHKO moves are banned
|rule|Moody Clause: Moody is banned
|rule|Evasion Moves Clause: Evasion moves are banned
|rule|Endless Battle Clause: Forcing endless battles is banned
|rule|HP Percentage Mod: HP is shown in percentages
|teampreview
|c|âKratosSnake|u agian
|
|start
|switch|p1a: Pilot|Gengar, M|261\/261
|switch|p2a: Keldeo-Resolute|Keldeo-Resolute|323\/323
|turn|1
|c|âGros orteil|yes
|
|switch|p1a: Stylo|Hydreigon, F|357\/357
|move|p2a: Keldeo-Resolute|Scald|p1a: Stylo
|-resisted|p1a: Stylo
|-damage|p1a: Stylo|251\/357
|
|turn|2
|
|switch|p2a: Ferrothorn|Ferrothorn, M|352\/352
|switch|p1a: Bic|Azumarill, M|404\/404
|
|turn|3
|
|switch|p1a: Stylo|Hydreigon, F|251\/357
|move|p2a: Ferrothorn|Spikes|p1a: Stylo
|-sidestart|p1: Gros orteil|Spikes
|
|turn|4
|c|âGros orteil|wt
|c|âGros orteil|f
|
|move|p1a: Stylo|Dark Pulse|p2a: Ferrothorn
|-damage|p2a: Ferrothorn|201\/352
|move|p2a: Ferrothorn|Gyro Ball|p1a: Stylo
|-damage|p1a: Stylo|127\/357
|
|-heal|p2a: Ferrothorn|223\/352|[from] item: Leftovers
|turn|5
|
|switch|p2a: Tyranitar|Tyranitar, M|403\/403
|-weather|Sandstorm
|move|p1a: Stylo|Dark Pulse|p2a: Tyranitar
|-resisted|p2a: Tyranitar
|-damage|p2a: Tyranitar|327\/403
|
|-weather|Sandstorm|[upkeep]
|-damage|p1a: Stylo|105\/357|[from] sandstorm
|turn|6
|
|switch|p1a: Waterman|Ferrothorn, M|351\/351
|-damage|p1a: Waterman|308\/351|[from] Spikes
|move|p2a: Tyranitar|Stealth Rock|p1a: Waterman
|-sidestart|p1: Gros orteil|move: Stealth Rock
|
|-weather|Sandstorm|[upkeep]
|turn|7
|
|switch|p2a: Excadrill|Excadrill, M|362\/362
|move|p1a: Waterman|Power Whip|p2a: Excadrill
|-damage|p2a: Excadrill|71\/362
|
|-weather|Sandstorm|[upkeep]
|turn|8
|
|move|p2a: Excadrill|Earthquake|p1a: Waterman
|-damage|p1a: Waterman|104\/351
|-damage|p2a: Excadrill|35\/362|[from] item: Life Orb
|move|p1a: Waterman|Gyro Ball|p2a: Excadrill
|-resisted|p2a: Excadrill
|-damage|p2a: Excadrill|0 fnt
|faint|p2a: Excadrill
|
|-weather|Sandstorm|[upkeep]
|
|switch|p2a: Diancie|Diancie|241\/241
|turn|9
|
|detailschange|p2a: Diancie|Diancie-Mega
|message|Diancie has Mega Evolved into Mega Diancie!
|move|p2a: Diancie|Hidden Power|p1a: Waterman
|-supereffective|p1a: Waterman
|-enditem|p1a: Waterman|Occa Berry|[eat]
|-damage|p1a: Waterman|0 fnt
|faint|p1a: Waterman
|
|-weather|Sandstorm|[upkeep]
|
|switch|p1a: Bic|Azumarill, M|404\/404
|-damage|p1a: Bic|354\/404|[from] Spikes
|-damage|p1a: Bic|304\/404|[from] Stealth Rock
|turn|10
|
|switch|p2a: Ferrothorn|Ferrothorn, M|223\/352
|move|p1a: Bic|Belly Drum|p1a: Bic
|-damage|p1a: Bic|102\/404
|-setboost|p1a: Bic|atk|6|[from] move: Belly Drum
|-enditem|p1a: Bic|Sitrus Berry|[eat]
|-heal|p1a: Bic|203\/404|[from] item: Sitrus Berry
|
|-weather|Sandstorm|[upkeep]
|-damage|p1a: Bic|178\/404|[from] sandstorm
|-heal|p2a: Ferrothorn|245\/352|[from] item: Leftovers
|turn|11
|
|move|p1a: Bic|Play Rough|p2a: Ferrothorn
|-resisted|p2a: Ferrothorn
|-damage|p2a: Ferrothorn|0 fnt
|-damage|p1a: Bic|128\/404|[from] ability: Iron Barbs|[of] p2a: Ferrothorn
|faint|p2a: Ferrothorn
|
|-weather|Sandstorm|[upkeep]
|-damage|p1a: Bic|103\/404|[from] sandstorm
|
|switch|p2a: Latias|Latias, F|321\/321
|turn|12
|
|move|p1a: Bic|Aqua Jet|p2a: Latias
|-resisted|p2a: Latias
|-damage|p2a: Latias|127\/321
|move|p2a: Latias|Psyshock|p1a: Bic
|-damage|p1a: Bic|0 fnt
|-damage|p2a: Latias|95\/321|[from] item: Life Orb
|faint|p1a: Bic
|
|-weather|none
|
|switch|p1a: Parker|Haxorus, M|293\/293
|-damage|p1a: Parker|257\/293|[from] Stealth Rock
|-damage|p1a: Parker|221\/293|[from] Spikes
|-ability|p1a: Parker|Mold Breaker
|turn|13
|
|move|p1a: Parker|Earthquake|p2a: Latias
|-damage|p2a: Latias|0 fnt
|faint|p2a: Latias
|
|
|switch|p2a: Tyranitar|Tyranitar, M|327\/403
|-weather|Sandstorm
|turn|14
|
|move|p1a: Parker|Earthquake|p2a: Tyranitar
|-supereffective|p2a: Tyranitar
|-damage|p2a: Tyranitar|65\/403
|move|p2a: Tyranitar|Ice Beam|p1a: Parker
|-supereffective|p1a: Parker
|-damage|p1a: Parker|29\/293
|
|-weather|Sandstorm|[upkeep]
|-damage|p1a: Parker|11\/293|[from] sandstorm
|turn|15
|
|move|p1a: Parker|Earthquake|p2a: Tyranitar
|-supereffective|p2a: Tyranitar
|-damage|p2a: Tyranitar|0 fnt
|faint|p2a: Tyranitar
|
|-weather|Sandstorm|[upkeep]
|-damage|p1a: Parker|0 fnt|[from] sandstorm
|faint|p1a: Parker
|
|switch|p2a: Diancie|Diancie-Mega|241\/241
|switch|p1a: Stylo|Hydreigon, F|105\/357
|-damage|p1a: Stylo|61\/357|[from] Stealth Rock
|turn|16
|
|move|p2a: Diancie|Moonblast|p1a: Stylo
|-supereffective|p1a: Stylo
|-damage|p1a: Stylo|0 fnt
|faint|p1a: Stylo
|
|-weather|Sandstorm|[upkeep]
|
|switch|p1a: Le Pen|Steelix, F|353\/353
|-damage|p1a: Le Pen|309\/353|[from] Spikes
|-damage|p1a: Le Pen|298\/353|[from] Stealth Rock
|turn|17
|
|detailschange|p1a: Le Pen|Steelix-Mega, F
|message|Steelix has Mega Evolved into Mega Steelix!
|move|p2a: Diancie|Earth Power|p1a: Le Pen
|-supereffective|p1a: Le Pen
|-damage|p1a: Le Pen|26\/353
|move|p1a: Le Pen|Earthquake|p2a: Diancie
|-supereffective|p2a: Diancie
|-damage|p2a: Diancie|0 fnt
|faint|p2a: Diancie
|
|-weather|Sandstorm|[upkeep]
|
|switch|p2a: Keldeo-Resolute|Keldeo-Resolute|323\/323
|turn|18
|
|move|p2a: Keldeo-Resolute|Scald|p1a: Le Pen
|-supereffective|p1a: Le Pen
|-damage|p1a: Le Pen|0 fnt
|faint|p1a: Le Pen
|
|-weather|Sandstorm|[upkeep]
|-damage|p2a: Keldeo-Resolute|303\/323|[from] sandstorm
|
|switch|p1a: Pilot|Gengar, M|261\/261
|-damage|p1a: Pilot|229\/261|[from] Stealth Rock
|turn|19
|
|move|p1a: Pilot|Sludge Wave|p2a: Keldeo-Resolute
|-damage|p2a: Keldeo-Resolute|23\/323
|move|p2a: Keldeo-Resolute|Scald|p1a: Pilot
|-damage|p1a: Pilot|0 fnt
|faint|p1a: Pilot
|
|win|KratosSnake
|raw|Ladder updating...
|c|âKratosSnake|gg
|c|âGros orteil|aw
|c|âGros orteil|gg
|raw|Gros orteil's rating: 1413 &rarr; <strong>1393<\/strong><br \/>(-20 for losing)
|raw|KratosSnake's rating: 1404 &rarr; <strong>1425<\/strong><br \/>(+21 for winning)
|leave|Gros orteil
|player|p1