|join|SEXY GAMER DOG
|join|KratosSnake
|player|p1|SEXY GAMER DOG|23
|player|p2|KratosSnake|159
|gametype|singles
|gen|6
|tier|OU
|rated
|clearpoke
|poke|p1|Chansey, F
|poke|p1|Quagsire, M
|poke|p1|Skarmory, F
|poke|p1|Cresselia, F
|poke|p1|Sableye, F
|poke|p1|Gothitelle, F
|poke|p2|Greninja, F, shiny
|poke|p2|Heatran, M
|poke|p2|Landorus-Therian, M
|poke|p2|Venusaur, F
|poke|p2|Raikou
|poke|p2|Mew
|rule|Swagger Clause: Swagger is banned
|rule|Baton Pass Clause: Limit one PokÃ©mon knowing Baton Pass
|rule|Sleep Clause Mod: Limit one foe put to sleep
|rule|Species Clause: Limit one of each PokÃ©mon
|rule|OHKO Clause: OHKO moves are banned
|rule|Moody Clause: Moody is banned
|rule|Evasion Moves Clause: Evasion moves are banned
|rule|Endless Battle Clause: Forcing endless battles is banned
|rule|HP Percentage Mod: HP is shown in percentages
|teampreview
|
|start
|switch|p1a: LE GEM XD|Sableye, F|304\/304
|switch|p2a: Heatran|Heatran, M|385\/385
|turn|1
|
|detailschange|p1a: LE GEM XD|Sableye-Mega, F
|message|Sableye has Mega Evolved into Mega Sableye!
|move|p1a: LE GEM XD|Calm Mind|p1a: LE GEM XD
|-boost|p1a: LE GEM XD|spa|1
|-boost|p1a: LE GEM XD|spd|1
|move|p2a: Heatran|Lava Plume|p1a: LE GEM XD
|-damage|p1a: LE GEM XD|238\/304
|-status|p1a: LE GEM XD|brn
|
|-damage|p1a: LE GEM XD|200\/304 brn|[from] brn
|turn|2
|
|switch|p2a: Landorus-Therian|Landorus-Therian, M|330\/330
|-ability|p2a: Landorus-Therian|Intimidate|[of] p1a: LE GEM XD
|-unboost|p1a: LE GEM XD|atk|1
|move|p1a: LE GEM XD|Recover|p1a: LE GEM XD
|-heal|p1a: LE GEM XD|304\/304 brn
|
|-damage|p1a: LE GEM XD|266\/304 brn|[from] brn
|turn|3
|
|move|p2a: Landorus-Therian|Earthquake|p1a: LE GEM XD
|-damage|p1a: LE GEM XD|137\/304 brn
|move|p1a: LE GEM XD|Will-O-Wisp|p2a: Landorus-Therian
|-status|p2a: Landorus-Therian|brn
|
|-damage|p2a: Landorus-Therian|289\/330 brn|[from] brn
|-damage|p1a: LE GEM XD|99\/304 brn|[from] brn
|turn|4
|
|switch|p2a: Greninja|Greninja, F, shiny|285\/285
|move|p1a: LE GEM XD|Recover|p1a: LE GEM XD
|-heal|p1a: LE GEM XD|251\/304 brn
|
|-damage|p1a: LE GEM XD|213\/304 brn|[from] brn
|turn|5
|
|move|p2a: Greninja|Dark Pulse|p1a: LE GEM XD
|-start|p2a: Greninja|typechange|Dark|[from] Protean
|-damage|p1a: LE GEM XD|116\/304 brn
|-damage|p2a: Greninja|257\/285|[from] item: Life Orb
|move|p1a: LE GEM XD|Recover|p1a: LE GEM XD
|-heal|p1a: LE GEM XD|268\/304 brn
|
|-damage|p1a: LE GEM XD|230\/304 brn|[from] brn
|turn|6
|
|move|p2a: Greninja|Dark Pulse|p1a: LE GEM XD
|-damage|p1a: LE GEM XD|135\/304 brn
|-damage|p2a: Greninja|229\/285|[from] item: Life Orb
|move|p1a: LE GEM XD|Recover|p1a: LE GEM XD
|-heal|p1a: LE GEM XD|287\/304 brn
|
|-damage|p1a: LE GEM XD|249\/304 brn|[from] brn
|turn|7
|
|switch|p1a: Queen of Twerk|Chansey, F|704\/704
|move|p2a: Greninja|Dark Pulse|p1a: Queen of Twerk
|-damage|p1a: Queen of Twerk|595\/704
|-damage|p2a: Greninja|201\/285|[from] item: Life Orb
|
|turn|8
|
|switch|p1a: Gothitelletubby|Gothitelle, F|344\/344
|move|p2a: Greninja|Spikes|p1a: Gothitelletubby
|-start|p2a: Greninja|typechange|Ground|[from] Protean
|-sidestart|p1: SEXY GAMER DOG|Spikes
|
|turn|9
|
|switch|p1a: Queen of Twerk|Chansey, F|595\/704
|-damage|p1a: Queen of Twerk|507\/704|[from] Spikes
|move|p2a: Greninja|Dark Pulse|p1a: Queen of Twerk
|-start|p2a: Greninja|typechange|Dark|[from] Protean
|-damage|p1a: Queen of Twerk|408\/704
|-damage|p2a: Greninja|173\/285|[from] item: Life Orb
|
|turn|10
|
|switch|p2a: Mew|Mew|404\/404
|move|p1a: Queen of Twerk|Soft-Boiled|p1a: Queen of Twerk
|-heal|p1a: Queen of Twerk|704\/704
|
|turn|11
|
|switch|p1a: LE GEM XD|Sableye-Mega, F|249\/304 brn
|-damage|p1a: LE GEM XD|211\/304 brn|[from] Spikes
|move|p2a: Mew|Knock Off|p1a: LE GEM XD
|-damage|p1a: LE GEM XD|179\/304 brn
|
|-damage|p1a: LE GEM XD|141\/304 brn|[from] brn
|turn|12
|
|switch|p2a: Greninja|Greninja, F, shiny|173\/285
|move|p1a: LE GEM XD|Recover|p1a: LE GEM XD
|-heal|p1a: LE GEM XD|293\/304 brn
|
|-damage|p1a: LE GEM XD|255\/304 brn|[from] brn
|turn|13
|
|move|p2a: Greninja|Dark Pulse|p1a: LE GEM XD
|-start|p2a: Greninja|typechange|Dark|[from] Protean
|-damage|p1a: LE GEM XD|122\/304 brn
|-damage|p2a: Greninja|145\/285|[from] item: Life Orb
|move|p1a: LE GEM XD|Will-O-Wisp|p2a: Greninja
|-status|p2a: Greninja|brn
|
|-damage|p2a: Greninja|110\/285 brn|[from] brn
|-damage|p1a: LE GEM XD|84\/304 brn|[from] brn
|turn|14
|
|switch|p1a: Queen of Twerk|Chansey, F|704\/704
|-damage|p1a: Queen of Twerk|616\/704|[from] Spikes
|move|p2a: Greninja|Dark Pulse|p1a: Queen of Twerk
|-damage|p1a: Queen of Twerk|515\/704
|-damage|p2a: Greninja|82\/285 brn|[from] item: Life Orb
|
|-damage|p2a: Greninja|47\/285 brn|[from] brn
|turn|15
|
|switch|p1a: Metal as Fuck|Skarmory, F|334\/334
|move|p2a: Greninja|Dark Pulse|p1a: Metal as Fuck
|-damage|p1a: Metal as Fuck|130\/334
|-damage|p2a: Greninja|19\/285 brn|[from] item: Life Orb
|
|-damage|p2a: Greninja|0 fnt|[from] brn
|faint|p2a: Greninja
|
|switch|p2a: Heatran|Heatran, M|385\/385
|turn|16
|
|switch|p1a: Gothitelletubby|Gothitelle, F|344\/344
|-damage|p1a: Gothitelletubby|301\/344|[from] Spikes
|move|p2a: Heatran|Lava Plume|p1a: Gothitelletubby
|-damage|p1a: Gothitelletubby|193\/344
|
|turn|17
|
|move|p1a: Gothitelletubby|Trick|p2a: Heatran
|-activate|p1a: Gothitelletubby|move: Trick|[of] p2a: Heatran
|-item|p2a: Heatran|Choice Scarf|[from] move: Trick
|-item|p1a: Gothitelletubby|Leftovers|[from] move: Trick
|move|p2a: Heatran|Stealth Rock|p1a: Gothitelletubby
|-sidestart|p1: SEXY GAMER DOG|move: Stealth Rock
|
|-heal|p1a: Gothitelletubby|214\/344|[from] item: Leftovers
|turn|18
|
|move|p2a: Heatran|Stealth Rock|p1a: Gothitelletubby
|-fail|p1a: Gothitelletubby
|move|p1a: Gothitelletubby|Calm Mind|p1a: Gothitelletubby
|-boost|p1a: Gothitelletubby|spa|1
|-boost|p1a: Gothitelletubby|spd|1
|
|-heal|p1a: Gothitelletubby|235\/344|[from] item: Leftovers
|turn|19
|
|move|p2a: Heatran|Stealth Rock|p1a: Gothitelletubby
|-fail|p1a: Gothitelletubby
|move|p1a: Gothitelletubby|Calm Mind|p1a: Gothitelletubby
|-boost|p1a: Gothitelletubby|spa|1
|-boost|p1a: Gothitelletubby|spd|1
|
|-heal|p1a: Gothitelletubby|256\/344|[from] item: Leftovers
|turn|20
|
|move|p2a: Heatran|Stealth Rock|p1a: Gothitelletubby
|-fail|p1a: Gothitelletubby
|move|p1a: Gothitelletubby|Calm Mind|p1a: Gothitelletubby
|-boost|p1a: Gothitelletubby|spa|1
|-boost|p1a: Gothitelletubby|spd|1
|
|-heal|p1a: Gothitelletubby|277\/344|[from] item: Leftovers
|turn|21
|
|move|p2a: Heatran|Stealth Rock|p1a: Gothitelletubby
|-fail|p1a: Gothitelletubby
|move|p1a: Gothitelletubby|Calm Mind|p1a: Gothitelletubby
|-boost|p1a: Gothitelletubby|spa|1
|-boost|p1a: Gothitelletubby|spd|1
|
|-heal|p1a: Gothitelletubby|298\/344|[from] item: Leftovers
|turn|22
|
|move|p2a: Heatran|Stealth Rock|p1a: Gothitelletubby
|-fail|p1a: Gothitelletubby
|move|p1a: Gothitelletubby|Calm Mind|p1a: Gothitelletubby
|-boost|p1a: Gothitelletubby|spa|1
|-boost|p1a: Gothitelletubby|spd|1
|
|-heal|p1a: Gothitelletubby|319\/344|[from] item: Leftovers
|turn|23
|
|move|p2a: Heatran|Stealth Rock|p1a: Gothitelletubby
|-fail|p1a: Gothitelletubby
|move|p1a: Gothitelletubby|Calm Mind|p1a: Gothitelletubby
|-boost|p1a: Gothitelletubby|spa|1
|-boost|p1a: Gothitelletubby|spd|1
|
|-heal|p1a: Gothitelletubby|340\/344|[from] item: Leftovers
|turn|24
|
|move|p2a: Heatran|Stealth Rock|p1a: Gothitelletubby
|-fail|p1a: Gothitelletubby
|move|p1a: Gothitelletubby|Psyshock|p2a: Heatran
|-resisted|p2a: Heatran
|-damage|p2a: Heatran|215\/385
|
|-heal|p1a: Gothitelletubby|344\/344|[from] item: Leftovers
|turn|25
|
|move|p2a: Heatran|Stealth Rock|p1a: Gothitelletubby
|-fail|p1a: Gothitelletubby
|move|p1a: Gothitelletubby|Psyshock|p2a: Heatran
|-resisted|p2a: Heatran
|-damage|p2a: Heatran|49\/385
|
|turn|26
|
|move|p2a: Heatran|Stealth Rock|p1a: Gothitelletubby
|-fail|p1a: Gothitelletubby
|move|p1a: Gothitelletubby|Psyshock|p2a: Heatran
|-resisted|p2a: Heatran
|-damage|p2a: Heatran|0 fnt
|faint|p2a: Heatran
|
|
|switch|p2a: Landorus-Therian|Landorus-Therian, M|289\/330 brn
|-ability|p2a: Landorus-Therian|Intimidate|[of] p1a: Gothitelletubby
|-unboost|p1a: Gothitelletubby|atk|1
|turn|27
|
|move|p2a: Landorus-Therian|U-turn|p1a: Gothitelletubby
|-supereffective|p1a: Gothitelletubby
|-damage|p1a: Gothitelletubby|242\/344
|
|switch|p2a: Raikou|Raikou|321\/321
|-ability|p2a: Raikou|Pressure
|move|p1a: Gothitelletubby|Psyshock|p2a: Raikou
|-damage|p2a: Raikou|0 fnt
|faint|p2a: Raikou
|
|-heal|p1a: Gothitelletubby|263\/344|[from] item: Leftovers
|
|switch|p2a: Landorus-Therian|Landorus-Therian, M|289\/330 brn
|-ability|p2a: Landorus-Therian|Intimidate|[of] p1a: Gothitelletubby
|-unboost|p1a: Gothitelletubby|atk|1
|turn|28
|
|move|p2a: Landorus-Therian|Earthquake|p1a: Gothitelletubby
|-damage|p1a: Gothitelletubby|151\/344
|move|p1a: Gothitelletubby|Psyshock|p2a: Landorus-Therian
|-damage|p2a: Landorus-Therian|0 fnt
|faint|p2a: Landorus-Therian
|
|-heal|p1a: Gothitelletubby|172\/344|[from] item: Leftovers
|
|switch|p2a: Mew|Mew|404\/404
|turn|29
|
|move|p2a: Mew|Knock Off|p1a: Gothitelletubby
|-supereffective|p1a: Gothitelletubby
|-damage|p1a: Gothitelletubby|36\/344
|-enditem|p1a: Gothitelletubby|Leftovers|[from] move: Knock Off|[of] p2a: Mew
|move|p1a: Gothitelletubby|Psyshock|p2a: Mew
|-resisted|p2a: Mew
|-damage|p2a: Mew|266\/404
|
|-heal|p2a: Mew|291\/404|[from] item: Leftovers
|turn|30
|
|move|p2a: Mew|Knock Off|p1a: Gothitelletubby
|-supereffective|p1a: Gothitelletubby
|-damage|p1a: Gothitelletubby|0 fnt
|faint|p1a: Gothitelletubby
|
|-heal|p2a: Mew|316\/404|[from] item: Leftovers
|
|switch|p1a: LE GEM XD|Sableye-Mega, F|84\/304 brn
|-damage|p1a: LE GEM XD|46\/304 brn|[from] Spikes
|-damage|p1a: LE GEM XD|8\/304 brn|[from] Stealth Rock
|turn|31
|
|move|p2a: Mew|Knock Off|p1a: LE GEM XD
|-damage|p1a: LE GEM XD|0 fnt
|faint|p1a: LE GEM XD
|
|-heal|p2a: Mew|341\/404|[from] item: Leftovers
|
|switch|p1a: Metal as Fuck|Skarmory, F|130\/334
|-damage|p1a: Metal as Fuck|89\/334|[from] Stealth Rock
|turn|32
|
|move|p2a: Mew|Taunt|p1a: Metal as Fuck
|-start|p1a: Metal as Fuck|move: Taunt
|cant|p1a: Metal as Fuck|move: Taunt|Defog
|
|-heal|p2a: Mew|366\/404|[from] item: Leftovers
|turn|33
|
|move|p2a: Mew|Knock Off|p1a: Metal as Fuck
|-damage|p1a: Metal as Fuck|44\/334
|-enditem|p1a: Metal as Fuck|Shed Shell|[from] move: Knock Off|[of] p2a: Mew
|move|p1a: Metal as Fuck|Brave Bird|p2a: Mew
|-damage|p2a: Mew|276\/404
|-damage|p1a: Metal as Fuck|14\/334|[from] recoil|[of] p2a: Mew
|
|-heal|p2a: Mew|301\/404|[from] item: Leftovers
|turn|34
|
|move|p2a: Mew|Knock Off|p1a: Metal as Fuck
|-damage|p1a: Metal as Fuck|0 fnt
|faint|p1a: Metal as Fuck
|
|-heal|p2a: Mew|326\/404|[from] item: Leftovers
|
|switch|p1a: Clutchsellia|Cresselia, F|444\/444
|-damage|p1a: Clutchsellia|389\/444|[from] Stealth Rock
|turn|35
|
|move|p2a: Mew|Taunt|p1a: Clutchsellia
|-start|p1a: Clutchsellia|move: Taunt
|cant|p1a: Clutchsellia|move: Taunt|Toxic
|
|-heal|p2a: Mew|351\/404|[from] item: Leftovers
|-heal|p1a: Clutchsellia|416\/444|[from] item: Leftovers
|turn|36
|-message|SEXY GAMER DOG forfeited.
|
|win|KratosSnake
|raw|Ladder updating...
|leave|SEXY GAMER DOG
|player|p1
|raw|SEXY GAMER DOG's rating: 1590 &rarr; <strong>1572<\/strong><br \/>(-18 for losing)
|raw|KratosSnake's rating: 1627 &rarr; <strong>1644<\/strong><br \/>(+17 for winning)