|join|KratosSnake
|join|Storm's Gale
|player|p1|KratosSnake|159
|player|p2|Storm's Gale|151
|gametype|singles
|gen|6
|tier|OU
|rated
|clearpoke
|poke|p1|Ferrothorn, M
|poke|p1|Diancie
|poke|p1|Tyranitar, M
|poke|p1|Keldeo-Resolute
|poke|p1|Latias, F
|poke|p1|Excadrill, F
|poke|p2|Abomasnow, M, shiny
|poke|p2|Dragonite, M
|poke|p2|Mandibuzz, F
|poke|p2|Ferrothorn, M
|poke|p2|Slowbro, M
|poke|p2|Tentacruel, M
|rule|Swagger Clause: Swagger is banned
|rule|Baton Pass Clause: Limit one PokÃ©mon knowing Baton Pass
|rule|Sleep Clause Mod: Limit one foe put to sleep
|rule|Species Clause: Limit one of each PokÃ©mon
|rule|OHKO Clause: OHKO moves are banned
|rule|Moody Clause: Moody is banned
|rule|Evasion Moves Clause: Evasion moves are banned
|rule|Endless Battle Clause: Forcing endless battles is banned
|rule|HP Percentage Mod: HP is shown in percentages
|teampreview
|
|start
|switch|p1a: Diancie|Diancie|241\/241
|switch|p2a: Bro-Slow|Slowbro, M|394\/394
|turn|1
|
|switch|p1a: Ferrothorn|Ferrothorn, M|352\/352
|detailschange|p2a: Bro-Slow|Slowbro-Mega, M
|message|Slowbro has Mega Evolved into Mega Slowbro!
|move|p2a: Bro-Slow|Scald|p1a: Ferrothorn
|-resisted|p1a: Ferrothorn
|-damage|p1a: Ferrothorn|310\/352
|
|-heal|p1a: Ferrothorn|332\/352|[from] item: Leftovers
|turn|2
|
|switch|p2a: Tytannial|Ferrothorn, M|352\/352
|move|p1a: Ferrothorn|Power Whip|p2a: Tytannial
|-resisted|p2a: Tytannial
|-damage|p2a: Tytannial|331\/352
|-damage|p1a: Ferrothorn|288\/352|[from] ability: Iron Barbs|[of] p2a: Tytannial
|-damage|p1a: Ferrothorn|230\/352|[from] item: Rocky Helmet|[of] p2a: Tytannial
|
|-heal|p1a: Ferrothorn|252\/352|[from] item: Leftovers
|turn|3
|
|move|p1a: Ferrothorn|Spikes|p2a: Tytannial
|-sidestart|p2: Storm's Gale|Spikes
|move|p2a: Tytannial|Stealth Rock|p1a: Ferrothorn
|-sidestart|p1: KratosSnake|move: Stealth Rock
|
|-heal|p1a: Ferrothorn|274\/352|[from] item: Leftovers
|turn|4
|
|switch|p2a: Bro-Slow|Slowbro-Mega, M|394\/394
|-damage|p2a: Bro-Slow|345\/394|[from] Spikes
|move|p1a: Ferrothorn|Spikes|p2a: Bro-Slow
|-sidestart|p2: Storm's Gale|Spikes
|
|-heal|p1a: Ferrothorn|296\/352|[from] item: Leftovers
|turn|5
|
|move|p2a: Bro-Slow|Scald|p1a: Ferrothorn
|-resisted|p1a: Ferrothorn
|-damage|p1a: Ferrothorn|254\/352
|-status|p1a: Ferrothorn|brn
|move|p1a: Ferrothorn|Power Whip|p2a: Bro-Slow
|-supereffective|p2a: Bro-Slow
|-damage|p2a: Bro-Slow|277\/394
|
|-heal|p1a: Ferrothorn|276\/352 brn|[from] item: Leftovers
|-damage|p1a: Ferrothorn|232\/352 brn|[from] brn
|turn|6
|
|switch|p2a: Metroid|Tentacruel, M|364\/364
|-damage|p2a: Metroid|304\/364|[from] Spikes
|move|p1a: Ferrothorn|Leech Seed|p2a: Metroid
|-start|p2a: Metroid|move: Leech Seed
|
|-heal|p2a: Metroid|326\/364|[from] item: Leftovers
|-heal|p1a: Ferrothorn|254\/352 brn|[from] item: Leftovers
|-damage|p2a: Metroid|281\/364|[from] Leech Seed|[of] p1a: Ferrothorn
|-damage|p1a: Ferrothorn|209\/352 brn|[from] ability: Liquid Ooze|[of] p2a: Metroid
|-damage|p1a: Ferrothorn|165\/352 brn|[from] brn
|turn|7
|
|switch|p1a: Latias|Latias, F|321\/321
|-damage|p1a: Latias|281\/321|[from] Stealth Rock
|move|p2a: Metroid|Rapid Spin|p1a: Latias
|-damage|p1a: Latias|268\/321
|-end|p2a: Metroid|Leech Seed|[from] move: Rapid Spin|[of] p2a: Metroid
|-sideend|p2: Storm's Gale|Spikes|[from] move: Rapid Spin|[of] p2a: Metroid
|
|-heal|p2a: Metroid|303\/364|[from] item: Leftovers
|turn|8
|
|switch|p1a: Excadrill|Excadrill, F|362\/362
|-damage|p1a: Excadrill|351\/362|[from] Stealth Rock
|move|p2a: Metroid|Sludge Wave|p1a: Excadrill
|-immune|p1a: Excadrill|[msg]
|
|-heal|p2a: Metroid|325\/364|[from] item: Leftovers
|turn|9
|
|switch|p2a: Yami|Mandibuzz, F|424\/424
|move|p1a: Excadrill|Rapid Spin|p2a: Yami
|-crit|p2a: Yami
|-damage|p2a: Yami|381\/424
|-sideend|p1: KratosSnake|Stealth Rock|[from] move: Rapid Spin|[of] p1a: Excadrill
|-damage|p1a: Excadrill|315\/362|[from] item: Life Orb
|
|-heal|p2a: Yami|407\/424|[from] item: Leftovers
|turn|10
|
|switch|p1a: Diancie|Diancie|241\/241
|switch|p2a: Bro-Slow|Slowbro-Mega, M|277\/394
|
|turn|11
|
|switch|p1a: Ferrothorn|Ferrothorn, M|165\/352 brn
|move|p2a: Bro-Slow|Scald|p1a: Ferrothorn
|-resisted|p1a: Ferrothorn
|-damage|p1a: Ferrothorn|122\/352 brn
|
|-heal|p1a: Ferrothorn|144\/352 brn|[from] item: Leftovers
|-damage|p1a: Ferrothorn|100\/352 brn|[from] brn
|turn|12
|
|move|p2a: Bro-Slow|Calm Mind|p2a: Bro-Slow
|-boost|p2a: Bro-Slow|spa|1
|-boost|p2a: Bro-Slow|spd|1
|move|p1a: Ferrothorn|Spikes|p2a: Bro-Slow
|-sidestart|p2: Storm's Gale|Spikes
|
|-heal|p1a: Ferrothorn|122\/352 brn|[from] item: Leftovers
|-damage|p1a: Ferrothorn|78\/352 brn|[from] brn
|turn|13
|
|move|p2a: Bro-Slow|Scald|p1a: Ferrothorn
|-resisted|p1a: Ferrothorn
|-damage|p1a: Ferrothorn|21\/352 brn
|move|p1a: Ferrothorn|Leech Seed|p2a: Bro-Slow
|-start|p2a: Bro-Slow|move: Leech Seed
|
|-heal|p1a: Ferrothorn|43\/352 brn|[from] item: Leftovers
|-damage|p2a: Bro-Slow|228\/394|[from] Leech Seed|[of] p1a: Ferrothorn
|-heal|p1a: Ferrothorn|92\/352 brn|[silent]
|-damage|p1a: Ferrothorn|48\/352 brn|[from] brn
|turn|14
|
|move|p2a: Bro-Slow|Scald|p1a: Ferrothorn
|-resisted|p1a: Ferrothorn
|-damage|p1a: Ferrothorn|0 fnt
|faint|p1a: Ferrothorn
|
|
|switch|p1a: Tyranitar|Tyranitar, M|403\/403
|-weather|Sandstorm
|turn|15
|
|switch|p2a: Tytannial|Ferrothorn, M|331\/352
|-damage|p2a: Tytannial|287\/352|[from] Spikes
|move|p1a: Tyranitar|Stealth Rock|p2a: Tytannial
|-sidestart|p2: Storm's Gale|move: Stealth Rock
|
|-weather|Sandstorm|[upkeep]
|turn|16
|
|switch|p1a: Latias|Latias, F|268\/321
|move|p2a: Tytannial|Stealth Rock|p1a: Latias
|-sidestart|p1: KratosSnake|move: Stealth Rock
|
|-weather|Sandstorm|[upkeep]
|-damage|p1a: Latias|248\/321|[from] sandstorm
|turn|17
|
|move|p1a: Latias|Hidden Power|p2a: Tytannial
|-supereffective|p2a: Tytannial
|-damage|p2a: Tytannial|22\/352
|-damage|p1a: Latias|216\/321|[from] item: Life Orb
|move|p2a: Tytannial|Gyro Ball|p1a: Latias
|-damage|p1a: Latias|23\/321
|
|-weather|Sandstorm|[upkeep]
|-damage|p1a: Latias|3\/321|[from] sandstorm
|turn|18
|
|move|p1a: Latias|Draco Meteor|p2a: Tytannial
|-resisted|p2a: Tytannial
|-damage|p2a: Tytannial|0 fnt
|-unboost|p1a: Latias|spa|2
|-damage|p1a: Latias|0 fnt|[from] item: Life Orb
|faint|p2a: Tytannial
|faint|p1a: Latias
|
|-weather|Sandstorm|[upkeep]
|
|switch|p2a: Metroid|Tentacruel, M|325\/364
|switch|p1a: Diancie|Diancie|241\/241
|-damage|p2a: Metroid|280\/364|[from] Stealth Rock
|-damage|p2a: Metroid|235\/364|[from] Spikes
|-damage|p1a: Diancie|211\/241|[from] Stealth Rock
|turn|19
|
|detailschange|p1a: Diancie|Diancie-Mega
|message|Diancie has Mega Evolved into Mega Diancie!
|move|p2a: Metroid|Scald|p1a: Diancie
|-supereffective|p1a: Diancie
|-damage|p1a: Diancie|115\/241
|-status|p1a: Diancie|brn
|move|p1a: Diancie|Earth Power|p2a: Metroid
|-supereffective|p2a: Metroid
|-damage|p2a: Metroid|77\/364
|
|-weather|Sandstorm|[upkeep]
|-damage|p2a: Metroid|55\/364|[from] sandstorm
|-heal|p2a: Metroid|77\/364|[from] item: Leftovers
|-damage|p1a: Diancie|85\/241 brn|[from] brn
|turn|20
|
|move|p1a: Diancie|Moonblast|p2a: Metroid
|-resisted|p2a: Metroid
|-damage|p2a: Metroid|17\/364
|move|p2a: Metroid|Rapid Spin|p1a: Diancie
|-resisted|p1a: Diancie
|-damage|p1a: Diancie|80\/241 brn
|-sideend|p2: Storm's Gale|Spikes|[from] move: Rapid Spin|[of] p2a: Metroid
|-sideend|p2: Storm's Gale|Stealth Rock|[from] move: Rapid Spin|[of] p2a: Metroid
|
|-weather|Sandstorm|[upkeep]
|-damage|p2a: Metroid|0 fnt|[from] sandstorm
|-damage|p1a: Diancie|50\/241 brn|[from] brn
|faint|p2a: Metroid
|
|switch|p2a: Yeti|Abomasnow, M, shiny|384\/384
|-weather|Hail
|turn|21
|
|switch|p1a: Tyranitar|Tyranitar, M|403\/403
|-damage|p1a: Tyranitar|353\/403|[from] Stealth Rock
|-weather|Sandstorm
|move|p2a: Yeti|Ice Shard|p1a: Tyranitar
|-damage|p1a: Tyranitar|299\/403
|
|-weather|Sandstorm|[upkeep]
|-damage|p2a: Yeti|360\/384|[from] sandstorm
|turn|22
|
|move|p1a: Tyranitar|Stone Edge|p2a: Yeti|[miss]
|-miss|p1a: Tyranitar|p2a: Yeti
|move|p2a: Yeti|Earthquake|p1a: Tyranitar
|-supereffective|p1a: Tyranitar
|-damage|p1a: Tyranitar|139\/403
|
|-weather|Sandstorm|[upkeep]
|-damage|p2a: Yeti|336\/384|[from] sandstorm
|turn|23
|
|move|p1a: Tyranitar|Stone Edge|p2a: Yeti
|-supereffective|p2a: Yeti
|-damage|p2a: Yeti|0 fnt
|faint|p2a: Yeti
|
|-weather|Sandstorm|[upkeep]
|
|switch|p2a: Bro-Slow|Slowbro-Mega, M|228\/394
|turn|24
|
|move|p1a: Tyranitar|Stone Edge|p2a: Bro-Slow
|-damage|p2a: Bro-Slow|143\/394
|move|p2a: Bro-Slow|Slack Off|p2a: Bro-Slow
|-heal|p2a: Bro-Slow|340\/394
|
|-weather|Sandstorm|[upkeep]
|-damage|p2a: Bro-Slow|316\/394|[from] sandstorm
|turn|25
|
|switch|p1a: Keldeo-Resolute|Keldeo-Resolute|323\/323
|-damage|p1a: Keldeo-Resolute|303\/323|[from] Stealth Rock
|move|p2a: Bro-Slow|Calm Mind|p2a: Bro-Slow
|-boost|p2a: Bro-Slow|spa|1
|-boost|p2a: Bro-Slow|spd|1
|
|-weather|Sandstorm|[upkeep]
|-damage|p1a: Keldeo-Resolute|283\/323|[from] sandstorm
|-damage|p2a: Bro-Slow|292\/394|[from] sandstorm
|turn|26
|
|move|p1a: Keldeo-Resolute|Hydro Pump|p2a: Bro-Slow
|-resisted|p2a: Bro-Slow
|-damage|p2a: Bro-Slow|175\/394
|move|p2a: Bro-Slow|Psyshock|p1a: Keldeo-Resolute
|-supereffective|p1a: Keldeo-Resolute
|-damage|p1a: Keldeo-Resolute|0 fnt
|faint|p1a: Keldeo-Resolute
|
|-weather|Sandstorm|[upkeep]
|-damage|p2a: Bro-Slow|151\/394|[from] sandstorm
|
|switch|p1a: Diancie|Diancie-Mega|50\/241 brn
|-damage|p1a: Diancie|20\/241 brn|[from] Stealth Rock
|turn|27
|
|switch|p2a: Behemoth|Dragonite, M|386\/386
|move|p1a: Diancie|Moonblast|p2a: Behemoth
|-supereffective|p2a: Behemoth
|-damage|p2a: Behemoth|191\/386
|
|-weather|Sandstorm|[upkeep]
|-damage|p2a: Behemoth|167\/386|[from] sandstorm
|-damage|p1a: Diancie|0 fnt|[from] brn
|faint|p1a: Diancie
|
|switch|p1a: Excadrill|Excadrill, F|315\/362
|-damage|p1a: Excadrill|304\/362|[from] Stealth Rock
|turn|28
|
|move|p1a: Excadrill|Rock Slide|p2a: Behemoth
|-supereffective|p2a: Behemoth
|-damage|p2a: Behemoth|0 fnt
|-damage|p1a: Excadrill|268\/362|[from] item: Life Orb
|faint|p2a: Behemoth
|
|-weather|none
|
|switch|p2a: Bro-Slow|Slowbro-Mega, M|151\/394
|turn|29
|
|move|p1a: Excadrill|Earthquake|p2a: Bro-Slow
|-damage|p2a: Bro-Slow|21\/394
|-damage|p1a: Excadrill|232\/362|[from] item: Life Orb
|move|p2a: Bro-Slow|Slack Off|p2a: Bro-Slow
|-heal|p2a: Bro-Slow|218\/394
|
|turn|30
|-message|KratosSnake forfeited.
|
|win|Storm's Gale
|raw|Ladder updating...
|leave|KratosSnake
|player|p1
|raw|KratosSnake's rating: 1710 &rarr; <strong>1689<\/strong><br \/>(-21 for losing)
|raw|Storm&apos;s Gale's rating: 1695 &rarr; <strong>1716<\/strong><br \/>(+21 for winning)