|join|KratosSnake
|join|Jiban123
|player|p1|KratosSnake|159
|player|p2|Jiban123|99
|gametype|singles
|gen|6
|tier|OU
|rated
|clearpoke
|poke|p1|Charizard, M
|poke|p1|Tyranitar, F
|poke|p1|Excadrill, M
|poke|p1|Gothitelle, M
|poke|p1|Venusaur, M
|poke|p1|Keldeo
|poke|p2|Haxorus, M, shiny
|poke|p2|Blastoise, M
|poke|p2|Arcanine, M
|poke|p2|Talonflame, M
|poke|p2|Lucario, M
|poke|p2|Jolteon, M
|rule|Swagger Clause: Swagger is banned
|rule|Baton Pass Clause: Limit one PokÃ©mon knowing Baton Pass
|rule|Sleep Clause Mod: Limit one foe put to sleep
|rule|Species Clause: Limit one of each PokÃ©mon
|rule|OHKO Clause: OHKO moves are banned
|rule|Moody Clause: Moody is banned
|rule|Evasion Moves Clause: Evasion moves are banned
|rule|Endless Battle Clause: Forcing endless battles is banned
|rule|HP Percentage Mod: HP is shown in percentages
|teampreview
|
|start
|switch|p1a: Tyranitar|Tyranitar, F|403\/403
|switch|p2a: Jolteon|Jolteon, M|271\/271
|-weather|Sandstorm
|turn|1
|
|move|p2a: Jolteon|Thunder Wave|p1a: Tyranitar
|-status|p1a: Tyranitar|par
|move|p1a: Tyranitar|Stealth Rock|p2a: Jolteon
|-sidestart|p2: Jiban123|move: Stealth Rock
|
|-weather|Sandstorm|[upkeep]
|-damage|p2a: Jolteon|255\/271|[from] sandstorm
|turn|2
|
|move|p2a: Jolteon|Thunderbolt|p1a: Tyranitar
|-damage|p1a: Tyranitar|328\/403 par
|move|p1a: Tyranitar|Pursuit|p2a: Jolteon
|-crit|p2a: Jolteon
|-damage|p2a: Jolteon|119\/271
|
|-weather|Sandstorm|[upkeep]
|-damage|p2a: Jolteon|103\/271|[from] sandstorm
|turn|3
|
|switch|p1a: Excadrill|Excadrill, M|361\/361
|move|p2a: Jolteon|Thunderbolt|p1a: Excadrill
|-immune|p1a: Excadrill|[msg]
|
|-weather|Sandstorm|[upkeep]
|-damage|p2a: Jolteon|87\/271|[from] sandstorm
|turn|4
|
|move|p1a: Excadrill|Earthquake|p2a: Jolteon
|-supereffective|p2a: Jolteon
|-damage|p2a: Jolteon|0 fnt
|-damage|p1a: Excadrill|325\/361|[from] item: Life Orb
|faint|p2a: Jolteon
|
|-weather|Sandstorm|[upkeep]
|
|switch|p2a: Blastoise|Blastoise, M|356\/356
|-damage|p2a: Blastoise|312\/356|[from] Stealth Rock
|turn|5
|
|detailschange|p2a: Blastoise|Blastoise-Mega, M
|message|Blastoise has Mega Evolved into Mega Blastoise!
|move|p1a: Excadrill|Earthquake|p2a: Blastoise
|-damage|p2a: Blastoise|117\/356
|-damage|p1a: Excadrill|289\/361|[from] item: Life Orb
|move|p2a: Blastoise|Rapid Spin|p1a: Excadrill
|-resisted|p1a: Excadrill
|-damage|p1a: Excadrill|278\/361
|-sideend|p2: Jiban123|Stealth Rock|[from] move: Rapid Spin|[of] p2a: Blastoise
|
|-weather|Sandstorm|[upkeep]
|-damage|p2a: Blastoise|95\/356|[from] sandstorm
|turn|6
|
|move|p1a: Excadrill|Earthquake|p2a: Blastoise
|-damage|p2a: Blastoise|0 fnt
|-damage|p1a: Excadrill|242\/361|[from] item: Life Orb
|faint|p2a: Blastoise
|
|-weather|Sandstorm|[upkeep]
|
|switch|p2a: Lucario|Lucario, M|282\/282
|turn|7
|
|switch|p1a: Gothitelle|Gothitelle, M|301\/301
|move|p2a: Lucario|Close Combat|p1a: Gothitelle
|-resisted|p1a: Gothitelle
|-damage|p1a: Gothitelle|200\/301
|-unboost|p2a: Lucario|def|1
|-unboost|p2a: Lucario|spd|1
|
|-weather|Sandstorm|[upkeep]
|-damage|p1a: Gothitelle|182\/301|[from] sandstorm
|turn|8
|
|move|p1a: Gothitelle|Psychic|p2a: Lucario
|-damage|p2a: Lucario|26\/282
|move|p2a: Lucario|Swords Dance|p2a: Lucario
|-boost|p2a: Lucario|atk|2
|
|-weather|none
|turn|9
|
|move|p2a: Lucario|Extreme Speed|p1a: Gothitelle
|-damage|p1a: Gothitelle|0 fnt
|faint|p1a: Gothitelle
|
|
|switch|p1a: Keldeo|Keldeo|323\/323
|turn|10
|
|move|p2a: Lucario|Extreme Speed|p1a: Keldeo
|-damage|p1a: Keldeo|105\/323
|move|p1a: Keldeo|Scald|p2a: Lucario
|-damage|p2a: Lucario|0 fnt
|faint|p2a: Lucario
|
|
|switch|p2a: Arcanine|Arcanine, M|339\/339
|-ability|p2a: Arcanine|Intimidate|[of] p1a: Keldeo
|-unboost|p1a: Keldeo|atk|1
|turn|11
|
|move|p2a: Arcanine|Extreme Speed|p1a: Keldeo
|-damage|p1a: Keldeo|0 fnt
|-damage|p2a: Arcanine|306\/339|[from] item: Life Orb
|faint|p1a: Keldeo
|
|
|switch|p1a: Tyranitar|Tyranitar, F|328\/403 par
|-weather|Sandstorm
|turn|12
|
|move|p2a: Arcanine|Close Combat|p1a: Tyranitar
|-supereffective|p1a: Tyranitar
|-damage|p1a: Tyranitar|0 fnt
|-unboost|p2a: Arcanine|def|1
|-unboost|p2a: Arcanine|spd|1
|-damage|p2a: Arcanine|273\/339|[from] item: Life Orb
|faint|p1a: Tyranitar
|
|-weather|Sandstorm|[upkeep]
|-damage|p2a: Arcanine|252\/339|[from] sandstorm
|
|switch|p1a: Excadrill|Excadrill, M|242\/361
|turn|13
|
|move|p2a: Arcanine|Extreme Speed|p1a: Excadrill
|-resisted|p1a: Excadrill
|-damage|p1a: Excadrill|159\/361
|-damage|p2a: Arcanine|219\/339|[from] item: Life Orb
|move|p1a: Excadrill|Earthquake|p2a: Arcanine
|-supereffective|p2a: Arcanine
|-damage|p2a: Arcanine|0 fnt
|-damage|p1a: Excadrill|123\/361|[from] item: Life Orb
|faint|p2a: Arcanine
|
|-weather|Sandstorm|[upkeep]
|
|switch|p2a: Haxorus|Haxorus, M, shiny|294\/294
|-ability|p2a: Haxorus|Mold Breaker
|turn|14
|
|move|p1a: Excadrill|Earthquake|p2a: Haxorus
|-enditem|p2a: Haxorus|Focus Sash
|-damage|p2a: Haxorus|1\/294
|-damage|p1a: Excadrill|87\/361|[from] item: Life Orb
|move|p2a: Haxorus|Earthquake|p1a: Excadrill
|-supereffective|p1a: Excadrill
|-damage|p1a: Excadrill|0 fnt
|faint|p1a: Excadrill
|
|-weather|Sandstorm|[upkeep]
|-damage|p2a: Haxorus|0 fnt|[from] sandstorm
|faint|p2a: Haxorus
|
|switch|p1a: Charizard|Charizard, M|297\/297
|switch|p2a: Talonflame|Talonflame, M|309\/309
|turn|15
|
|detailschange|p1a: Charizard|Charizard-Mega-Y, M
|message|Charizard has Mega Evolved into Mega Charizard!
|-weather|SunnyDay
|move|p1a: Charizard|Flamethrower|p2a: Talonflame
|-resisted|p2a: Talonflame
|-damage|p2a: Talonflame|156\/309
|move|p2a: Talonflame|Swords Dance|p2a: Talonflame
|-boost|p2a: Talonflame|atk|2
|
|-weather|SunnyDay|[upkeep]
|turn|16
|
|move|p2a: Talonflame|Acrobatics|p1a: Charizard
|-damage|p1a: Charizard|0 fnt
|faint|p1a: Charizard
|
|-weather|SunnyDay|[upkeep]
|
|switch|p1a: Venusaur|Venusaur, M|302\/302
|turn|17
|
|move|p2a: Talonflame|Acrobatics|p1a: Venusaur
|-supereffective|p1a: Venusaur
|-damage|p1a: Venusaur|0 fnt
|faint|p1a: Venusaur
|
|win|Jiban123
|raw|Ladder updating...
|raw|KratosSnake's rating: 1879 &rarr; <strong>1850<\/strong><br \/>(-29 for losing)
|raw|Jiban123's rating: 1713 &rarr; <strong>1742<\/strong><br \/>(+29 for winning)