|join|bat
|join|KratosSnake
|player|p1|bat|169
|player|p2|KratosSnake|159
|gametype|singles
|gen|6
|tier|OU
|rated
|clearpoke
|poke|p1|Jirachi
|poke|p1|Wobbuffet, F
|poke|p1|Latias, F
|poke|p1|Heracross, M
|poke|p1|Dragonite, M
|poke|p1|Magneton
|poke|p2|Latias, F
|poke|p2|Bisharp, M
|poke|p2|Keldeo
|poke|p2|Magnezone
|poke|p2|Gardevoir, M
|poke|p2|Landorus-Therian, M
|rule|Swagger Clause: Swagger is banned
|rule|Baton Pass Clause: Limit one PokÃ©mon knowing Baton Pass
|rule|Sleep Clause Mod: Limit one foe put to sleep
|rule|Species Clause: Limit one of each PokÃ©mon
|rule|OHKO Clause: OHKO moves are banned
|rule|Moody Clause: Moody is banned
|rule|Evasion Moves Clause: Evasion moves are banned
|rule|Endless Battle Clause: Forcing endless battles is banned
|rule|HP Percentage Mod: HP is shown in percentages
|teampreview
|
|start
|switch|p1a: Wobbuffet|Wobbuffet, F|528\/528
|switch|p2a: Bisharp|Bisharp, M|272\/272
|turn|1
|
|switch|p1a: Heracross|Heracross, M|311\/311
|move|p2a: Bisharp|Knock Off|p1a: Heracross
|-resisted|p1a: Heracross
|-damage|p1a: Heracross|233\/311
|
|turn|2
|
|switch|p2a: Landorus-Therian|Landorus-Therian, M|319\/319
|-ability|p2a: Landorus-Therian|Intimidate|[of] p1a: Heracross
|-unboost|p1a: Heracross|atk|1
|detailschange|p1a: Heracross|Heracross-Mega, M
|message|Heracross has Mega Evolved into Mega Heracross!
|move|p1a: Heracross|Rock Blast|p2a: Landorus-Therian
|-damage|p2a: Landorus-Therian|285\/319
|-damage|p2a: Landorus-Therian|255\/319
|-damage|p2a: Landorus-Therian|221\/319
|-damage|p2a: Landorus-Therian|192\/319
|-damage|p2a: Landorus-Therian|158\/319
|-hitcount|p2a: Landorus-Therian|5
|
|turn|3
|
|move|p2a: Landorus-Therian|U-turn|p1a: Heracross
|-resisted|p1a: Heracross
|-damage|p1a: Heracross|194\/311
|
|switch|p2a: Latias|Latias, F|319\/319
|move|p1a: Heracross|Rock Blast|p2a: Latias
|-damage|p2a: Latias|287\/319
|-damage|p2a: Latias|258\/319
|-damage|p2a: Latias|227\/319
|-damage|p2a: Latias|195\/319
|-damage|p2a: Latias|164\/319
|-hitcount|p2a: Latias|5
|
|turn|4
|
|switch|p2a: Bisharp|Bisharp, M|272\/272
|switch|p1a: Jirachi|Jirachi|404\/404
|
|turn|5
|
|move|p2a: Bisharp|Stealth Rock|p1a: Jirachi
|-sidestart|p1: bat|move: Stealth Rock
|move|p1a: Jirachi|Stealth Rock|p2a: Bisharp
|-sidestart|p2: KratosSnake|move: Stealth Rock
|
|turn|6
|
|move|p2a: Bisharp|Knock Off|p1a: Jirachi
|-supereffective|p1a: Jirachi
|-damage|p1a: Jirachi|38\/404
|-enditem|p1a: Jirachi|Leftovers|[from] move: Knock Off|[of] p2a: Bisharp
|move|p1a: Jirachi|U-turn|p2a: Bisharp
|-damage|p2a: Bisharp|220\/272
|
|switch|p1a: Heracross|Heracross-Mega, M|194\/311
|-damage|p1a: Heracross|156\/311|[from] Stealth Rock
|
|turn|7
|
|move|p2a: Bisharp|Iron Head|p1a: Heracross
|-damage|p1a: Heracross|29\/311
|move|p1a: Heracross|Pin Missile|p2a: Bisharp
|-damage|p2a: Bisharp|156\/272
|-damage|p2a: Bisharp|89\/272
|-damage|p2a: Bisharp|20\/272
|-damage|p2a: Bisharp|0 fnt
|-hitcount|p2a: Bisharp|4
|faint|p2a: Bisharp
|
|
|switch|p2a: Gardevoir|Gardevoir, M|277\/277
|-damage|p2a: Gardevoir|243\/277|[from] Stealth Rock
|-ability|p2a: Gardevoir|Skill Link|[from] ability: Trace|[of] p1a: Heracross
|turn|8
|
|detailschange|p2a: Gardevoir|Gardevoir-Mega, M
|message|Gardevoir has Mega Evolved into Mega Gardevoir!
|move|p2a: Gardevoir|Hyper Voice|p1a: Heracross
|-supereffective|p1a: Heracross
|-damage|p1a: Heracross|0 fnt
|faint|p1a: Heracross
|
|
|switch|p1a: Magneton|Magneton|242\/242
|-damage|p1a: Magneton|227\/242|[from] Stealth Rock
|turn|9
|
|switch|p2a: Magnezone|Magnezone|282\/282
|-damage|p2a: Magnezone|265\/282|[from] Stealth Rock
|move|p1a: Magneton|Volt Switch|p2a: Magnezone
|-crit|p2a: Magnezone
|-resisted|p2a: Magnezone
|-damage|p2a: Magnezone|171\/282
|
|switch|p1a: Latias|Latias, F|319\/319
|-damage|p1a: Latias|280\/319|[from] Stealth Rock
|
|turn|10
|
|move|p2a: Magnezone|Volt Switch|p1a: Latias
|-resisted|p1a: Latias
|-damage|p1a: Latias|230\/319
|
|switch|p2a: Gardevoir|Gardevoir-Mega, M|243\/277
|-damage|p2a: Gardevoir|209\/277|[from] Stealth Rock
|move|p1a: Latias|Defog|p2a: Gardevoir
|-unboost|p2a: Gardevoir|evasion|1
|-sideend|p2: KratosSnake|Stealth Rock|[from] move: Defog|[of] p2a: Gardevoir
|-sideend|p1: bat|Stealth Rock|[from] move: Defog|[of] p1a: Latias
|
|turn|11
|
|move|p1a: Latias|Healing Wish|p1a: Latias
|faint|p1a: Latias
|move|p2a: Gardevoir|Hyper Voice|p1: Latias|[notarget]
|-notarget
|
|
|switch|p1a: Jirachi|Jirachi|38\/404
|-heal|p1a: Jirachi|404\/404|[from] move: Healing Wish
|turn|12
|
|switch|p2a: Magnezone|Magnezone|171\/282
|move|p1a: Jirachi|U-turn|p2a: Magnezone
|-resisted|p2a: Magnezone
|-damage|p2a: Magnezone|144\/282
|
|switch|p1a: Magneton|Magneton|227\/242
|
|turn|13
|
|move|p1a: Magneton|Hidden Power|p2a: Magnezone
|-supereffective|p2a: Magnezone
|-damage|p2a: Magnezone|0 fnt
|faint|p2a: Magnezone
|
|
|switch|p2a: Landorus-Therian|Landorus-Therian, M|158\/319
|-ability|p2a: Landorus-Therian|Intimidate|[of] p1a: Magneton
|-unboost|p1a: Magneton|atk|1
|turn|14
|
|switch|p1a: Jirachi|Jirachi|404\/404
|move|p2a: Landorus-Therian|U-turn|p1a: Jirachi
|-damage|p1a: Jirachi|318\/404
|
|switch|p2a: Keldeo|Keldeo|323\/323
|
|turn|15
|
|move|p2a: Keldeo|Hydro Pump|p1a: Jirachi|[miss]
|-miss|p2a: Keldeo|p1a: Jirachi
|move|p1a: Jirachi|U-turn|p2a: Keldeo
|-resisted|p2a: Keldeo
|-damage|p2a: Keldeo|294\/323
|
|switch|p1a: Wobbuffet|Wobbuffet, F|528\/528
|
|turn|16
|
|move|p2a: Keldeo|Hydro Pump|p1a: Wobbuffet|[miss]
|-miss|p2a: Keldeo|p1a: Wobbuffet
|move|p1a: Wobbuffet|Mirror Coat|p2a: Keldeo
|-fail|p2a: Keldeo
|
|turn|17
|
|move|p2a: Keldeo|Hydro Pump|p1a: Wobbuffet
|-crit|p1a: Wobbuffet
|-damage|p1a: Wobbuffet|44\/528
|move|p1a: Wobbuffet|Mirror Coat|p2a: Keldeo
|-damage|p2a: Keldeo|0 fnt
|faint|p2a: Keldeo
|
|-heal|p1a: Wobbuffet|77\/528|[from] item: Leftovers
|
|switch|p2a: Gardevoir|Gardevoir-Mega, M|209\/277
|turn|18
|
|switch|p1a: Jirachi|Jirachi|318\/404
|move|p2a: Gardevoir|Hyper Voice|p1a: Jirachi
|-resisted|p1a: Jirachi
|-damage|p1a: Jirachi|231\/404
|
|turn|19
|
|move|p2a: Gardevoir|Focus Blast|p1a: Jirachi
|-damage|p1a: Jirachi|111\/404
|move|p1a: Jirachi|Healing Wish|p1a: Jirachi
|faint|p1a: Jirachi
|
|
|switch|p1a: Wobbuffet|Wobbuffet, F|77\/528
|-heal|p1a: Wobbuffet|528\/528|[from] move: Healing Wish
|turn|20
|
|switch|p1a: Magneton|Magneton|227\/242
|move|p2a: Gardevoir|Taunt|p1a: Magneton
|-start|p1a: Magneton|move: Taunt
|
|turn|21
|
|switch|p2a: Latias|Latias, F|164\/319
|move|p1a: Magneton|Flash Cannon|p2a: Latias
|-damage|p2a: Latias|64\/319
|
|turn|22
|
|move|p1a: Magneton|Flash Cannon|p2a: Latias
|-damage|p2a: Latias|0 fnt
|faint|p2a: Latias
|
|
|switch|p2a: Landorus-Therian|Landorus-Therian, M|158\/319
|-ability|p2a: Landorus-Therian|Intimidate|[of] p1a: Magneton
|-unboost|p1a: Magneton|atk|1
|turn|23
|
|move|p2a: Landorus-Therian|U-turn|p1a: Magneton
|-resisted|p1a: Magneton
|-damage|p1a: Magneton|177\/242
|c|âbat|gg
|-message|KratosSnake forfeited.
|
|win|bat
|raw|Ladder updating...
|raw|bat's rating: 1724 &rarr; <strong>1748<\/strong><br \/>(+24 for winning)
|raw|KratosSnake's rating: 1797 &rarr; <strong>1773<\/strong><br \/>(-24 for losing)
|leave|KratosSnake
|player|p2