|join|St.Kaz
|join|KratosSnake
|player|p1|St.Kaz|161
|player|p2|KratosSnake|159
|gametype|singles
|gen|6
|tier|OU
|rated
|clearpoke
|poke|p1|Scizor, M
|poke|p1|Kingdra, M
|poke|p1|Politoed, M
|poke|p1|Tornadus-Therian, M
|poke|p1|Amoonguss, M
|poke|p1|Seismitoad, M
|poke|p2|Charizard, F
|poke|p2|Tyranitar, F
|poke|p2|Excadrill, F
|poke|p2|Gothitelle, M
|poke|p2|Venusaur, M
|poke|p2|Keldeo
|rule|Swagger Clause: Swagger is banned
|rule|Baton Pass Clause: Limit one PokÃ©mon knowing Baton Pass
|rule|Sleep Clause Mod: Limit one foe put to sleep
|rule|Species Clause: Limit one of each PokÃ©mon
|rule|OHKO Clause: OHKO moves are banned
|rule|Moody Clause: Moody is banned
|rule|Evasion Moves Clause: Evasion moves are banned
|rule|Endless Battle Clause: Forcing endless battles is banned
|rule|HP Percentage Mod: HP is shown in percentages
|teampreview
|
|start
|switch|p1a: Boreas|Tornadus-Therian, M|299\/299
|switch|p2a: Charizard|Charizard, F|297\/297
|turn|1
|
|detailschange|p2a: Charizard|Charizard-Mega-Y, F
|message|Charizard has Mega Evolved into Mega Charizard!
|-weather|SunnyDay
|move|p1a: Boreas|U-turn|p2a: Charizard
|-resisted|p2a: Charizard
|-damage|p2a: Charizard|275\/297
|-damage|p1a: Boreas|270\/299|[from] item: Life Orb
|
|switch|p1a: Tarpaud|Politoed, M|384\/384
|-weather|RainDance
|move|p2a: Charizard|Flamethrower|p1a: Tarpaud
|-resisted|p1a: Tarpaud
|-damage|p1a: Tarpaud|342\/384
|
|-weather|RainDance|[upkeep]
|turn|2
|
|switch|p2a: Tyranitar|Tyranitar, F|403\/403
|-weather|Sandstorm
|switch|p1a: Crapustule|Seismitoad, M|351\/351
|
|-weather|Sandstorm|[upkeep]
|turn|3
|
|move|p1a: Crapustule|Stealth Rock|p2a: Tyranitar
|-sidestart|p2: KratosSnake|move: Stealth Rock
|move|p2a: Tyranitar|Stealth Rock|p1a: Crapustule
|-sidestart|p1: St.Kaz|move: Stealth Rock
|
|-weather|Sandstorm|[upkeep]
|turn|4
|
|switch|p2a: Venusaur|Venusaur, M|302\/302
|-damage|p2a: Venusaur|265\/302|[from] Stealth Rock
|move|p1a: Crapustule|Earthquake|p2a: Venusaur
|-damage|p2a: Venusaur|43\/302
|-damage|p1a: Crapustule|316\/351|[from] item: Life Orb
|
|-weather|Sandstorm|[upkeep]
|-damage|p2a: Venusaur|25\/302|[from] sandstorm
|turn|5
|
|switch|p2a: Excadrill|Excadrill, F|361\/361
|-damage|p2a: Excadrill|350\/361|[from] Stealth Rock
|switch|p1a: Gaulet|Amoonguss, M|432\/432
|-damage|p1a: Gaulet|378\/432|[from] Stealth Rock
|
|-weather|Sandstorm|[upkeep]
|-damage|p1a: Gaulet|351\/432|[from] sandstorm
|-heal|p1a: Gaulet|378\/432|[from] item: Black Sludge
|turn|6
|
|move|p2a: Excadrill|Rapid Spin|p1a: Gaulet
|-damage|p1a: Gaulet|338\/432
|-sideend|p2: KratosSnake|Stealth Rock|[from] move: Rapid Spin|[of] p2a: Excadrill
|-damage|p2a: Excadrill|314\/361|[from] item: Life Orb
|move|p1a: Gaulet|Spore|p2a: Excadrill
|-status|p2a: Excadrill|slp
|
|-weather|Sandstorm|[upkeep]
|-damage|p1a: Gaulet|311\/432|[from] sandstorm
|-heal|p1a: Gaulet|338\/432|[from] item: Black Sludge
|turn|7
|
|switch|p2a: Charizard|Charizard-Mega-Y, F|275\/297
|-weather|SunnyDay
|switch|p1a: Boreas|Tornadus-Therian, M|299\/299
|-damage|p1a: Boreas|225\/299|[from] Stealth Rock
|
|-weather|SunnyDay|[upkeep]
|turn|8
|
|move|p1a: Boreas|U-turn|p2a: Charizard
|-resisted|p2a: Charizard
|-damage|p2a: Charizard|253\/297
|-damage|p1a: Boreas|196\/299|[from] item: Life Orb
|
|switch|p1a: Tarpaud|Politoed, M|342\/384
|-damage|p1a: Tarpaud|294\/384|[from] Stealth Rock
|-weather|RainDance
|move|p2a: Charizard|Focus Blast|p1a: Tarpaud
|-damage|p1a: Tarpaud|122\/384
|
|-weather|RainDance|[upkeep]
|turn|9
|
|switch|p2a: Keldeo|Keldeo|323\/323
|switch|p1a: Boreas|Tornadus-Therian, M|295\/299
|-damage|p1a: Boreas|221\/299|[from] Stealth Rock
|
|-weather|RainDance|[upkeep]
|turn|10
|
|move|p2a: Keldeo|Hydro Pump|p1a: Boreas
|-damage|p1a: Boreas|0 fnt
|faint|p1a: Boreas
|
|-weather|RainDance|[upkeep]
|
|switch|p1a: Gaulet|Amoonguss, M|432\/432
|-damage|p1a: Gaulet|378\/432|[from] Stealth Rock
|turn|11
|
|switch|p2a: Charizard|Charizard-Mega-Y, F|253\/297
|-weather|SunnyDay
|move|p1a: Gaulet|Foul Play|p2a: Charizard
|-damage|p2a: Charizard|167\/297
|
|-weather|SunnyDay|[upkeep]
|-heal|p1a: Gaulet|405\/432|[from] item: Black Sludge
|turn|12
|
|switch|p1a: Tarpaud|Politoed, M|122\/384
|-damage|p1a: Tarpaud|74\/384|[from] Stealth Rock
|-weather|RainDance
|move|p2a: Charizard|Flamethrower|p1a: Tarpaud
|-resisted|p1a: Tarpaud
|-damage|p1a: Tarpaud|26\/384
|-status|p1a: Tarpaud|brn
|
|-weather|RainDance|[upkeep]
|-damage|p1a: Tarpaud|0 fnt|[from] brn
|faint|p1a: Tarpaud
|
|switch|p1a: Crapustule|Seismitoad, M|316\/351
|-damage|p1a: Crapustule|295\/351|[from] Stealth Rock
|turn|13
|
|switch|p2a: Keldeo|Keldeo|323\/323
|move|p1a: Crapustule|Stealth Rock|p2a: Keldeo
|-sidestart|p2: KratosSnake|move: Stealth Rock
|
|-weather|RainDance|[upkeep]
|turn|14
|
|switch|p1a: Gaulet|Amoonguss, M|432\/432
|-damage|p1a: Gaulet|378\/432|[from] Stealth Rock
|move|p2a: Keldeo|Scald|p1a: Gaulet
|-resisted|p1a: Gaulet
|-damage|p1a: Gaulet|289\/432
|
|-weather|RainDance|[upkeep]
|-heal|p1a: Gaulet|316\/432|[from] item: Black Sludge
|turn|15
|
|switch|p2a: Gothitelle|Gothitelle, M|301\/301
|-damage|p2a: Gothitelle|264\/301|[from] Stealth Rock
|switch|p1a: Hyporoi|Kingdra, M|297\/297
|-damage|p1a: Hyporoi|260\/297|[from] Stealth Rock
|
|-weather|RainDance|[upkeep]
|turn|16
|
|switch|p2a: Tyranitar|Tyranitar, F|403\/403
|-damage|p2a: Tyranitar|353\/403|[from] Stealth Rock
|-weather|Sandstorm
|move|p1a: Hyporoi|Hydro Pump|p2a: Tyranitar
|-supereffective|p2a: Tyranitar
|-damage|p2a: Tyranitar|149\/403
|
|-weather|Sandstorm|[upkeep]
|-damage|p1a: Hyporoi|242\/297|[from] sandstorm
|turn|17
|join|LT8M Thunder631
|
|move|p1a: Hyporoi|Scald|p2a: Tyranitar
|-supereffective|p2a: Tyranitar
|-damage|p2a: Tyranitar|0 fnt
|faint|p2a: Tyranitar
|
|-weather|Sandstorm|[upkeep]
|-damage|p1a: Hyporoi|224\/297|[from] sandstorm
|
|switch|p2a: Gothitelle|Gothitelle, M|264\/301
|-damage|p2a: Gothitelle|227\/301|[from] Stealth Rock
|turn|18
|
|move|p2a: Gothitelle|Psychic|p1a: Hyporoi
|-damage|p1a: Hyporoi|88\/297
|move|p1a: Hyporoi|Scald|p2a: Gothitelle
|-damage|p2a: Gothitelle|82\/301
|
|-weather|Sandstorm|[upkeep]
|-damage|p2a: Gothitelle|64\/301|[from] sandstorm
|-damage|p1a: Hyporoi|70\/297|[from] sandstorm
|turn|19
|
|move|p2a: Gothitelle|Psychic|p1a: Hyporoi
|-damage|p1a: Hyporoi|0 fnt
|faint|p1a: Hyporoi
|
|-weather|Sandstorm|[upkeep]
|-damage|p2a: Gothitelle|46\/301|[from] sandstorm
|
|switch|p1a: Cizayox|Scizor, M|343\/343
|-damage|p1a: Cizayox|301\/343|[from] Stealth Rock
|turn|20
|
|switch|p2a: Venusaur|Venusaur, M|25\/302
|-damage|p2a: Venusaur|0 fnt|[from] Stealth Rock
|faint|p2a: Venusaur
|detailschange|p1a: Cizayox|Scizor-Mega, M
|message|Scizor has Mega Evolved into Mega Scizor!
|move|p1a: Cizayox|Bug Bite|p2: Venusaur|[notarget]
|-notarget
|
|-weather|Sandstorm|[upkeep]
|
|switch|p2a: Keldeo|Keldeo|323\/323
|-damage|p2a: Keldeo|303\/323|[from] Stealth Rock
|turn|21
|
|switch|p1a: Gaulet|Amoonguss, M|432\/432
|-damage|p1a: Gaulet|378\/432|[from] Stealth Rock
|move|p2a: Keldeo|Scald|p1a: Gaulet
|-resisted|p1a: Gaulet
|-damage|p1a: Gaulet|318\/432
|
|-weather|Sandstorm|[upkeep]
|-damage|p2a: Keldeo|283\/323|[from] sandstorm
|-damage|p1a: Gaulet|291\/432|[from] sandstorm
|-heal|p1a: Gaulet|318\/432|[from] item: Black Sludge
|turn|22
|
|switch|p2a: Excadrill|Excadrill, F|314\/361 slp
|-damage|p2a: Excadrill|303\/361 slp|[from] Stealth Rock
|move|p1a: Gaulet|Giga Drain|p2a: Excadrill
|-damage|p2a: Excadrill|189\/361 slp
|-heal|p1a: Gaulet|375\/432|[from] drain|[of] p2a: Excadrill
|
|-weather|Sandstorm|[upkeep]
|-damage|p1a: Gaulet|348\/432|[from] sandstorm
|-heal|p1a: Gaulet|375\/432|[from] item: Black Sludge
|turn|23
|join|hardpuzzle
|
|cant|p2a: Excadrill|slp
|move|p1a: Gaulet|Giga Drain|p2a: Excadrill
|-damage|p2a: Excadrill|81\/361 slp
|-heal|p1a: Gaulet|429\/432|[from] drain|[of] p2a: Excadrill
|
|-weather|none
|-heal|p1a: Gaulet|432\/432|[from] item: Black Sludge
|turn|24
|
|-curestatus|p2a: Excadrill|slp
|move|p2a: Excadrill|Rapid Spin|p1a: Gaulet
|-damage|p1a: Gaulet|392\/432
|-sideend|p2: KratosSnake|Stealth Rock|[from] move: Rapid Spin|[of] p2a: Excadrill
|-damage|p2a: Excadrill|45\/361|[from] item: Life Orb
|move|p1a: Gaulet|Giga Drain|p2a: Excadrill
|-damage|p2a: Excadrill|0 fnt
|-heal|p1a: Gaulet|415\/432|[from] drain|[of] p2a: Excadrill
|faint|p2a: Excadrill
|
|-heal|p1a: Gaulet|432\/432|[from] item: Black Sludge
|
|switch|p2a: Charizard|Charizard-Mega-Y, F|167\/297
|-weather|SunnyDay
|turn|25
|
|move|p2a: Charizard|Flamethrower|p1a: Gaulet
|-supereffective|p1a: Gaulet
|-damage|p1a: Gaulet|0 fnt
|faint|p1a: Gaulet
|
|-weather|SunnyDay|[upkeep]
|leave|LT8M Thunder631
|c|âSt.Kaz|Biggest counter team
|
|switch|p1a: Crapustule|Seismitoad, M|295\/351
|-damage|p1a: Crapustule|274\/351|[from] Stealth Rock
|turn|26
|c| hardpuzzle|kaz in 14Âº place now
|-message|St.Kaz forfeited.
|
|win|KratosSnake
|raw|Ladder updating...
|leave|St.Kaz
|player|p1
|raw|St.Kaz's rating: 1941 &rarr; <strong>1918<\/strong><br \/>(-23 for losing)
|raw|KratosSnake's rating: 1904 &rarr; <strong>1926<\/strong><br \/>(+22 for winning)