|join|The Solid Snake
|join|TheBlueSunshine
|player|p1|The Solid Snake|159
|player|p2|TheBlueSunshine|167
|gametype|singles
|gen|6
|tier|OU
|rated
|clearpoke
|poke|p1|Thundurus, M
|poke|p1|Keldeo-Resolute
|poke|p1|Metagross, shiny
|poke|p1|Bisharp, F
|poke|p1|Dragonite, M
|poke|p1|Infernape, F
|poke|p2|Poliwrath, F
|poke|p2|Froslass, F
|poke|p2|Diancie
|poke|p2|Excadrill, F, shiny
|poke|p2|Dragonite, F
|poke|p2|Volcarona, F
|rule|Swagger Clause: Swagger is banned
|rule|Baton Pass Clause: Limit one PokÃ©mon knowing Baton Pass
|rule|Sleep Clause Mod: Limit one foe put to sleep
|rule|Species Clause: Limit one of each PokÃ©mon
|rule|OHKO Clause: OHKO moves are banned
|rule|Moody Clause: Moody is banned
|rule|Evasion Moves Clause: Evasion moves are banned
|rule|Endless Battle Clause: Forcing endless battles is banned
|rule|HP Percentage Mod: HP is shown in percentages
|teampreview
|
|start
|switch|p1a: Helios|Infernape, F|293\/293
|switch|p2a: Froslass|Froslass, F|282\/282
|turn|1
|
|move|p2a: Froslass|Taunt|p1a: Helios
|-start|p1a: Helios|move: Taunt
|move|p1a: Helios|Fire Blast|p2a: Froslass|[miss]
|-miss|p1a: Helios|p2a: Froslass
|
|turn|2
|
|move|p2a: Froslass|Spikes|p1a: Helios
|-sidestart|p1: The Solid Snake|Spikes
|move|p1a: Helios|Fire Blast|p2a: Froslass|[miss]
|-miss|p1a: Helios|p2a: Froslass
|
|turn|3
|
|move|p2a: Froslass|Spikes|p1a: Helios
|-sidestart|p1: The Solid Snake|Spikes
|move|p1a: Helios|Fire Blast|p2a: Froslass
|-supereffective|p2a: Froslass
|-enditem|p2a: Froslass|Focus Sash
|-damage|p2a: Froslass|1\/282
|-start|p1a: Helios|Disable|Fire Blast
|
|-end|p1a: Helios|move: Taunt
|turn|4
|
|switch|p1a: Arsenal Gear|Metagross, shiny|301\/301
|-damage|p1a: Arsenal Gear|251\/301|[from] Spikes
|move|p2a: Froslass|Taunt|p1a: Arsenal Gear
|-start|p1a: Arsenal Gear|move: Taunt
|
|turn|5
|
|switch|p2a: Volcarona|Volcarona, F|374\/374
|detailschange|p1a: Arsenal Gear|Metagross-Mega, shiny
|-mega|p1a: Arsenal Gear|Metagross|Metagrossite
|move|p1a: Arsenal Gear|Bullet Punch|p2a: Volcarona
|-resisted|p2a: Volcarona
|-damage|p2a: Volcarona|325\/374
|
|-heal|p2a: Volcarona|348\/374|[from] item: Leftovers
|turn|6
|
|switch|p1a: Poseidon|Keldeo-Resolute|323\/323
|-damage|p1a: Poseidon|270\/323|[from] Spikes
|move|p2a: Volcarona|Quiver Dance|p2a: Volcarona
|-boost|p2a: Volcarona|spa|1
|-boost|p2a: Volcarona|spd|1
|-boost|p2a: Volcarona|spe|1
|
|-heal|p2a: Volcarona|371\/374|[from] item: Leftovers
|turn|7
|
|move|p2a: Volcarona|Giga Drain|p1a: Poseidon
|-supereffective|p1a: Poseidon
|-damage|p1a: Poseidon|14\/323
|-heal|p2a: Volcarona|374\/374|[from] drain|[of] p1a: Poseidon
|move|p1a: Poseidon|Hydro Pump|p2a: Volcarona|[miss]
|-miss|p1a: Poseidon|p2a: Volcarona
|
|turn|8
|
|switch|p1a: Zeus|Thundurus, M|299\/299
|move|p2a: Volcarona|Fiery Dance|p1a: Zeus
|-damage|p1a: Zeus|46\/299
|
|turn|9
|
|move|p1a: Zeus|Thunder Wave|p2a: Volcarona
|-status|p2a: Volcarona|par
|move|p2a: Volcarona|Fiery Dance|p1a: Zeus
|-damage|p1a: Zeus|0 fnt
|-boost|p2a: Volcarona|spa|1
|faint|p1a: Zeus
|
|
|switch|p1a: Solid Snake|Dragonite, M|324\/324
|turn|10
|
|switch|p2a: Froslass|Froslass, F|1\/282
|move|p1a: Solid Snake|Outrage|p2a: Froslass
|-damage|p2a: Froslass|0 fnt
|faint|p2a: Froslass
|
|
|switch|p2a: Diancie|Diancie|242\/242
|turn|11
|
|detailschange|p2a: Diancie|Diancie-Mega
|-mega|p2a: Diancie|Diancie|Diancite
|move|p1a: Solid Snake|Outrage|p2a: Diancie
|-immune|p2a: Diancie|[msg]
|move|p2a: Diancie|Stealth Rock|p1a: Solid Snake
|-sidestart|p1: The Solid Snake|move: Stealth Rock
|
|turn|12
|
|switch|p1a: Poseidon|Keldeo-Resolute|14\/323
|-damage|p1a: Poseidon|0 fnt|[from] Spikes
|faint|p1a: Poseidon
|move|p2a: Diancie|Earth Power|p1: Poseidon|[notarget]
|-notarget
|
|
|switch|p1a: Arsenal Gear|Metagross-Mega, shiny|251\/301
|-damage|p1a: Arsenal Gear|201\/301|[from] Spikes
|-damage|p1a: Arsenal Gear|183\/301|[from] Stealth Rock
|turn|13
|
|switch|p2a: Volcarona|Volcarona, F|374\/374 par
|move|p1a: Arsenal Gear|Meteor Mash|p2a: Volcarona
|-crit|p2a: Volcarona
|-resisted|p2a: Volcarona
|-damage|p2a: Volcarona|184\/374 par
|-status|p1a: Arsenal Gear|brn
|
|-heal|p2a: Volcarona|207\/374 par|[from] item: Leftovers
|-damage|p1a: Arsenal Gear|146\/301 brn|[from] brn
|turn|14
|c|âThe Solid Snake|smh
|c|âTheBlueSunshine|i the original check of m meta and m gallade
|
|move|p1a: Arsenal Gear|Meteor Mash|p2a: Volcarona
|-resisted|p2a: Volcarona
|-damage|p2a: Volcarona|149\/374 par
|move|p2a: Volcarona|Roost|p2a: Volcarona
|-heal|p2a: Volcarona|336\/374 par
|
|-heal|p2a: Volcarona|359\/374 par|[from] item: Leftovers
|-damage|p1a: Arsenal Gear|109\/301 brn|[from] brn
|turn|15
|c|âTheBlueSunshine|xddd
|c|âTheBlueSunshine|is*
|-message|The Solid Snake forfeited.
|leave|The Solid Snake
|
|win|TheBlueSunshine
|raw|Ladder updating...
|player|p1
|raw|thesolidsnake's rating: 1692 &rarr; <strong>1672<\/strong><br \/>(-20 for losing)
|raw|TheBlueSunshine's rating: 1704 &rarr; <strong>1723<\/strong><br \/>(+19 for winning)
|leave|TheBlueSunshine
|player|p2
|join|TheBlueSunshine