|join|madhat555
|join|KratosSnake
|player|p1|madhat555|2
|player|p2|KratosSnake|159
|gametype|singles
|gen|6
|tier|OU
|rated
|clearpoke
|poke|p1|Metagross
|poke|p1|Sylveon, F
|poke|p1|Garchomp, F
|poke|p1|Greninja, F
|poke|p1|Talonflame, M
|poke|p1|Mandibuzz, F
|poke|p2|Bisharp, M
|poke|p2|Heatran, F
|poke|p2|Skarmory, M
|poke|p2|Amoonguss, F
|poke|p2|Gallade, M
|poke|p2|Clefable, F
|rule|Swagger Clause: Swagger is banned
|rule|Baton Pass Clause: Limit one PokÃ©mon knowing Baton Pass
|rule|Sleep Clause Mod: Limit one foe put to sleep
|rule|Species Clause: Limit one of each PokÃ©mon
|rule|OHKO Clause: OHKO moves are banned
|rule|Moody Clause: Moody is banned
|rule|Evasion Moves Clause: Evasion moves are banned
|rule|Endless Battle Clause: Forcing endless battles is banned
|rule|HP Percentage Mod: HP is shown in percentages
|teampreview
|
|start
|switch|p1a: Greninja|Greninja, F|285\/285
|switch|p2a: Scorpion|Heatran, F|324\/324
|-item|p2a: Scorpion|Air Balloon
|turn|1
|
|switch|p2a: Aeris Gainsborough|Amoonguss, F|432\/432
|move|p1a: Greninja|Surf|p2a: Aeris Gainsborough
|-start|p1a: Greninja|typechange|Water|[from] Protean
|-resisted|p2a: Aeris Gainsborough
|-damage|p2a: Aeris Gainsborough|331\/432
|-damage|p1a: Greninja|257\/285|[from] item: Life Orb
|
|-heal|p2a: Aeris Gainsborough|358\/432|[from] item: Black Sludge
|turn|2
|
|switch|p2a: Yoshimitsu|Bisharp, M|272\/272
|move|p1a: Greninja|Ice Beam|p2a: Yoshimitsu
|-start|p1a: Greninja|typechange|Ice|[from] Protean
|-resisted|p2a: Yoshimitsu
|-damage|p2a: Yoshimitsu|158\/272
|-damage|p1a: Greninja|229\/285|[from] item: Life Orb
|
|turn|3
|
|switch|p1a: Mandibuzz|Mandibuzz, F|424\/424
|move|p2a: Yoshimitsu|Sucker Punch|p1a: Mandibuzz
|-fail|p1a: Mandibuzz
|
|turn|4
|
|switch|p2a: Scorpion|Heatran, F|324\/324
|-item|p2a: Scorpion|Air Balloon
|move|p1a: Mandibuzz|Foul Play|p2a: Scorpion
|-damage|p2a: Scorpion|228\/324
|-enditem|p2a: Scorpion|Air Balloon
|
|turn|5
|
|move|p2a: Scorpion|Stealth Rock|p1a: Mandibuzz
|-sidestart|p1: madhat555|move: Stealth Rock
|move|p1a: Mandibuzz|Foul Play|p2a: Scorpion
|-damage|p2a: Scorpion|147\/324
|
|turn|6
|
|switch|p2a: Claire Redfield|Clefable, F|394\/394
|move|p1a: Mandibuzz|Defog|p2a: Claire Redfield
|-unboost|p2a: Claire Redfield|evasion|1
|-sideend|p1: madhat555|Stealth Rock|[from] move: Defog|[of] p1a: Mandibuzz
|
|turn|7
|
|switch|p1a: Metagross|Metagross|301\/301
|move|p2a: Claire Redfield|Flamethrower|p1a: Metagross
|-supereffective|p1a: Metagross
|-damage|p1a: Metagross|163\/301
|
|turn|8
|
|switch|p1a: Greninja|Greninja, F|229\/285
|switch|p2a: Metal Gear Rex|Skarmory, M|334\/334
|
|turn|9
|
|switch|p2a: Aeris Gainsborough|Amoonguss, F|432\/432
|move|p1a: Greninja|Ice Beam|p2a: Aeris Gainsborough
|-start|p1a: Greninja|typechange|Ice|[from] Protean
|-supereffective|p2a: Aeris Gainsborough
|-damage|p2a: Aeris Gainsborough|50\/432
|-damage|p1a: Greninja|201\/285|[from] item: Life Orb
|
|-heal|p2a: Aeris Gainsborough|77\/432|[from] item: Black Sludge
|turn|10
|
|switch|p2a: Claire Redfield|Clefable, F|394\/394
|move|p1a: Greninja|Surf|p2a: Claire Redfield
|-start|p1a: Greninja|typechange|Water|[from] Protean
|-damage|p2a: Claire Redfield|229\/394
|-damage|p1a: Greninja|173\/285|[from] item: Life Orb
|
|-heal|p2a: Claire Redfield|253\/394|[from] item: Leftovers
|turn|11
|
|switch|p2a: Yoshimitsu|Bisharp, M|158\/272
|move|p1a: Greninja|Gunk Shot|p2a: Yoshimitsu
|-start|p1a: Greninja|typechange|Poison|[from] Protean
|-immune|p2a: Yoshimitsu|[msg]
|
|turn|12
|
|move|p1a: Greninja|Surf|p2a: Yoshimitsu
|-start|p1a: Greninja|typechange|Water|[from] Protean
|-damage|p2a: Yoshimitsu|0 fnt
|-damage|p1a: Greninja|145\/285|[from] item: Life Orb
|faint|p2a: Yoshimitsu
|
|
|switch|p2a: Lu Bu|Gallade, M|277\/277
|turn|13
|
|switch|p1a: Mandibuzz|Mandibuzz, F|424\/424
|detailschange|p2a: Lu Bu|Gallade-Mega, M
|message|Gallade has Mega Evolved into Mega Gallade!
|move|p2a: Lu Bu|Knock Off|p1a: Mandibuzz
|-resisted|p1a: Mandibuzz
|-damage|p1a: Mandibuzz|377\/424
|-damage|p2a: Lu Bu|231\/277|[from] item: Rocky Helmet|[of] p1a: Mandibuzz
|-enditem|p1a: Mandibuzz|Rocky Helmet|[from] move: Knock Off|[of] p2a: Lu Bu
|
|turn|14
|
|switch|p2a: Claire Redfield|Clefable, F|253\/394
|move|p1a: Mandibuzz|Foul Play|p2a: Claire Redfield
|-resisted|p2a: Claire Redfield
|-damage|p2a: Claire Redfield|210\/394
|
|-heal|p2a: Claire Redfield|234\/394|[from] item: Leftovers
|turn|15
|
|switch|p1a: Metagross|Metagross|163\/301
|move|p2a: Claire Redfield|Soft-Boiled|p2a: Claire Redfield
|-heal|p2a: Claire Redfield|394\/394
|
|turn|16
|
|switch|p2a: Metal Gear Rex|Skarmory, M|334\/334
|detailschange|p1a: Metagross|Metagross-Mega
|message|Metagross has Mega Evolved into Mega Metagross!
|move|p1a: Metagross|Meteor Mash|p2a: Metal Gear Rex
|-resisted|p2a: Metal Gear Rex
|-damage|p2a: Metal Gear Rex|268\/334
|-damage|p1a: Metagross|113\/301|[from] item: Rocky Helmet|[of] p2a: Metal Gear Rex
|
|turn|17
|
|switch|p1a: Mandibuzz|Mandibuzz, F|377\/424
|move|p2a: Metal Gear Rex|Spikes|p1a: Mandibuzz
|-sidestart|p1: madhat555|Spikes
|
|turn|18
|
|switch|p2a: Claire Redfield|Clefable, F|394\/394
|move|p1a: Mandibuzz|Defog|p2a: Claire Redfield
|-unboost|p2a: Claire Redfield|evasion|1
|-sideend|p1: madhat555|Spikes|[from] move: Defog|[of] p1a: Mandibuzz
|
|turn|19
|
|switch|p1a: Talonflame|Talonflame, M|298\/298
|move|p2a: Claire Redfield|Moonblast|p1a: Talonflame
|-resisted|p1a: Talonflame
|-damage|p1a: Talonflame|227\/298
|
|turn|20
|
|switch|p2a: Scorpion|Heatran, F|147\/324
|move|p1a: Talonflame|U-turn|p2a: Scorpion
|-resisted|p2a: Scorpion
|-damage|p2a: Scorpion|122\/324
|
|switch|p1a: Greninja|Greninja, F|145\/285
|
|turn|21
|
|switch|p2a: Aeris Gainsborough|Amoonguss, F|221\/432
|move|p1a: Greninja|Surf|p2a: Aeris Gainsborough
|-start|p1a: Greninja|typechange|Water|[from] Protean
|-crit|p2a: Aeris Gainsborough
|-resisted|p2a: Aeris Gainsborough
|-damage|p2a: Aeris Gainsborough|85\/432
|-damage|p1a: Greninja|117\/285|[from] item: Life Orb
|
|-heal|p2a: Aeris Gainsborough|112\/432|[from] item: Black Sludge
|turn|22
|
|switch|p2a: Claire Redfield|Clefable, F|394\/394
|move|p1a: Greninja|Dark Pulse|p2a: Claire Redfield
|-start|p1a: Greninja|typechange|Dark|[from] Protean
|-resisted|p2a: Claire Redfield
|-damage|p2a: Claire Redfield|320\/394
|-damage|p1a: Greninja|89\/285|[from] item: Life Orb
|
|-heal|p2a: Claire Redfield|344\/394|[from] item: Leftovers
|turn|23
|
|switch|p2a: Aeris Gainsborough|Amoonguss, F|256\/432
|move|p1a: Greninja|Surf|p2a: Aeris Gainsborough
|-start|p1a: Greninja|typechange|Water|[from] Protean
|-resisted|p2a: Aeris Gainsborough
|-damage|p2a: Aeris Gainsborough|166\/432
|-damage|p1a: Greninja|61\/285|[from] item: Life Orb
|
|-heal|p2a: Aeris Gainsborough|193\/432|[from] item: Black Sludge
|turn|24
|
|switch|p2a: Claire Redfield|Clefable, F|344\/394
|move|p1a: Greninja|Gunk Shot|p2a: Claire Redfield|[miss]
|-start|p1a: Greninja|typechange|Poison|[from] Protean
|-miss|p1a: Greninja|p2a: Claire Redfield
|
|-heal|p2a: Claire Redfield|368\/394|[from] item: Leftovers
|turn|25
|
|switch|p1a: Sylveon|Sylveon, F|331\/331
|switch|p2a: Aeris Gainsborough|Amoonguss, F|337\/432
|
|-heal|p2a: Aeris Gainsborough|364\/432|[from] item: Black Sludge
|turn|26
|
|move|p1a: Sylveon|Wish|p1a: Sylveon
|move|p2a: Aeris Gainsborough|Spore|p1a: Sylveon
|-status|p1a: Sylveon|slp
|
|-heal|p2a: Aeris Gainsborough|391\/432|[from] item: Black Sludge
|turn|27
|
|switch|p1a: Metagross|Metagross-Mega|113\/301
|move|p2a: Aeris Gainsborough|Giga Drain|p1a: Metagross
|-resisted|p1a: Metagross
|-damage|p1a: Metagross|77\/301
|-heal|p2a: Aeris Gainsborough|409\/432|[from] drain|[of] p1a: Metagross
|
|-heal|p1a: Metagross|242\/301|[from] move: Wish|[wisher] Sylveon
|-heal|p2a: Aeris Gainsborough|432\/432|[from] item: Black Sludge
|turn|28
|
|switch|p2a: Metal Gear Rex|Skarmory, M|268\/334
|move|p1a: Metagross|Ice Punch|p2a: Metal Gear Rex
|-damage|p2a: Metal Gear Rex|189\/334
|-damage|p1a: Metagross|192\/301|[from] item: Rocky Helmet|[of] p2a: Metal Gear Rex
|
|turn|29
|
|switch|p1a: Talonflame|Talonflame, M|227\/298
|move|p2a: Metal Gear Rex|Roost|p2a: Metal Gear Rex
|-heal|p2a: Metal Gear Rex|334\/334
|
|turn|30
|
|move|p1a: Talonflame|U-turn|p2a: Metal Gear Rex
|-resisted|p2a: Metal Gear Rex
|-damage|p2a: Metal Gear Rex|319\/334
|-damage|p1a: Talonflame|178\/298|[from] item: Rocky Helmet|[of] p2a: Metal Gear Rex
|
|switch|p1a: Garchomp|Garchomp, F|358\/358
|move|p2a: Metal Gear Rex|Brave Bird|p1a: Garchomp
|-damage|p1a: Garchomp|246\/358
|-damage|p2a: Metal Gear Rex|278\/334|[from] ability: Rough Skin|[of] p1a: Garchomp
|-damage|p2a: Metal Gear Rex|241\/334|[from] recoil|[of] p1a: Garchomp
|
|turn|31
|
|switch|p1a: Sylveon|Sylveon, F|331\/331 slp
|switch|p2a: Claire Redfield|Clefable, F|368\/394
|
|-heal|p2a: Claire Redfield|392\/394|[from] item: Leftovers
|turn|32
|
|switch|p2a: Scorpion|Heatran, F|122\/324
|cant|p1a: Sylveon|slp
|
|turn|33
|
|move|p2a: Scorpion|Stealth Rock|p1a: Sylveon
|-sidestart|p1: madhat555|move: Stealth Rock
|-curestatus|p1a: Sylveon|slp
|move|p1a: Sylveon|Wish|p1a: Sylveon
|
|turn|34
|
|switch|p1a: Mandibuzz|Mandibuzz, F|377\/424
|-damage|p1a: Mandibuzz|271\/424|[from] Stealth Rock
|move|p2a: Scorpion|Fire Blast|p1a: Mandibuzz
|-damage|p1a: Mandibuzz|63\/424
|
|-heal|p1a: Mandibuzz|228\/424|[from] move: Wish|[wisher] Sylveon
|turn|35
|
|move|p2a: Scorpion|Taunt|p1a: Mandibuzz
|-start|p1a: Mandibuzz|move: Taunt
|cant|p1a: Mandibuzz|move: Taunt|Roost
|
|turn|36
|
|move|p2a: Scorpion|Fire Blast|p1a: Mandibuzz
|-damage|p1a: Mandibuzz|41\/424
|move|p1a: Mandibuzz|Foul Play|p2a: Scorpion
|-crit|p2a: Scorpion
|-damage|p2a: Scorpion|0 fnt
|faint|p2a: Scorpion
|
|
|switch|p2a: Claire Redfield|Clefable, F|392\/394
|turn|37
|
|move|p1a: Mandibuzz|Foul Play|p2a: Claire Redfield
|-crit|p2a: Claire Redfield
|-resisted|p2a: Claire Redfield
|-damage|p2a: Claire Redfield|329\/394
|move|p2a: Claire Redfield|Moonblast|p1a: Mandibuzz
|-supereffective|p1a: Mandibuzz
|-damage|p1a: Mandibuzz|0 fnt
|faint|p1a: Mandibuzz
|
|-heal|p2a: Claire Redfield|353\/394|[from] item: Leftovers
|
|switch|p1a: Greninja|Greninja, F|61\/285
|-damage|p1a: Greninja|26\/285|[from] Stealth Rock
|turn|38
|
|switch|p2a: Aeris Gainsborough|Amoonguss, F|432\/432
|move|p1a: Greninja|Gunk Shot|p2a: Aeris Gainsborough
|-start|p1a: Greninja|typechange|Poison|[from] Protean
|-damage|p2a: Aeris Gainsborough|259\/432
|-damage|p1a: Greninja|0 fnt|[from] item: Life Orb
|faint|p1a: Greninja
|
|-heal|p2a: Aeris Gainsborough|286\/432|[from] item: Black Sludge
|
|switch|p1a: Metagross|Metagross-Mega|192\/301
|-damage|p1a: Metagross|174\/301|[from] Stealth Rock
|turn|39
|
|switch|p2a: Metal Gear Rex|Skarmory, M|241\/334
|move|p1a: Metagross|Ice Punch|p2a: Metal Gear Rex
|-damage|p2a: Metal Gear Rex|170\/334
|-damage|p1a: Metagross|124\/301|[from] item: Rocky Helmet|[of] p2a: Metal Gear Rex
|
|turn|40
|
|move|p1a: Metagross|Ice Punch|p2a: Metal Gear Rex
|-crit|p2a: Metal Gear Rex
|-damage|p2a: Metal Gear Rex|49\/334
|-damage|p1a: Metagross|74\/301|[from] item: Rocky Helmet|[of] p2a: Metal Gear Rex
|move|p2a: Metal Gear Rex|Roost|p2a: Metal Gear Rex
|-heal|p2a: Metal Gear Rex|216\/334
|
|turn|41
|
|move|p1a: Metagross|Ice Punch|p2a: Metal Gear Rex
|-damage|p2a: Metal Gear Rex|147\/334
|-damage|p1a: Metagross|24\/301|[from] item: Rocky Helmet|[of] p2a: Metal Gear Rex
|move|p2a: Metal Gear Rex|Roost|p2a: Metal Gear Rex
|-heal|p2a: Metal Gear Rex|314\/334
|
|turn|42
|
|move|p1a: Metagross|Ice Punch|p2a: Metal Gear Rex
|-damage|p2a: Metal Gear Rex|240\/334
|-damage|p1a: Metagross|0 fnt|[from] item: Rocky Helmet|[of] p2a: Metal Gear Rex
|faint|p1a: Metagross
|move|p2a: Metal Gear Rex|Spikes|p1: Metagross
|-sidestart|p1: madhat555|Spikes
|
|
|switch|p1a: Sylveon|Sylveon, F|331\/331
|-damage|p1a: Sylveon|290\/331|[from] Stealth Rock
|-damage|p1a: Sylveon|249\/331|[from] Spikes
|turn|43
|
|move|p1a: Sylveon|Hyper Voice|p2a: Metal Gear Rex
|-resisted|p2a: Metal Gear Rex
|-damage|p2a: Metal Gear Rex|132\/334
|move|p2a: Metal Gear Rex|Whirlwind|p1a: Sylveon
|drag|p1a: Talonflame|Talonflame, M|178\/298
|-damage|p1a: Talonflame|29\/298|[from] Stealth Rock
|
|turn|44
|
|move|p1a: Talonflame|Flare Blitz|p2a: Metal Gear Rex
|-crit|p2a: Metal Gear Rex
|-supereffective|p2a: Metal Gear Rex
|-damage|p2a: Metal Gear Rex|0 fnt
|-damage|p1a: Talonflame|0 fnt|[from] item: Rocky Helmet|[of] p2a: Metal Gear Rex
|faint|p1a: Talonflame
|faint|p2a: Metal Gear Rex
|
|
|switch|p2a: Lu Bu|Gallade-Mega, M|231\/277
|switch|p1a: Sylveon|Sylveon, F|249\/331
|-damage|p1a: Sylveon|208\/331|[from] Spikes
|-damage|p1a: Sylveon|167\/331|[from] Stealth Rock
|turn|45
|
|move|p2a: Lu Bu|Zen Headbutt|p1a: Sylveon
|-damage|p1a: Sylveon|14\/331
|move|p1a: Sylveon|Wish|p1a: Sylveon
|
|-heal|p1a: Sylveon|34\/331|[from] item: Leftovers
|turn|46
|
|move|p1a: Sylveon|Protect|p1a: Sylveon
|-singleturn|p1a: Sylveon|Protect
|move|p2a: Lu Bu|Swords Dance|p2a: Lu Bu
|-boost|p2a: Lu Bu|atk|2
|
|-heal|p1a: Sylveon|199\/331|[from] move: Wish|[wisher] Sylveon
|-heal|p1a: Sylveon|219\/331|[from] item: Leftovers
|turn|47
|
|move|p2a: Lu Bu|Zen Headbutt|p1a: Sylveon
|-damage|p1a: Sylveon|0 fnt
|faint|p1a: Sylveon
|
|c|âKratosSnake|gg
|-message|madhat555 forfeited.
|
|win|KratosSnake
|raw|Ladder updating...
|leave|madhat555
|player|p1
|raw|madhat555's rating: 1606 &rarr; <strong>1589<\/strong><br \/>(-17 for losing)
|raw|KratosSnake's rating: 1660 &rarr; <strong>1676<\/strong><br \/>(+16 for winning)