|join|KratosSnake
|join|uCan'tSeeMe
|player|p1|KratosSnake|159
|player|p2|uCan'tSeeMe|211
|gametype|singles
|gen|6
|tier|OU
|rated
|clearpoke
|poke|p1|Charizard, F, shiny
|poke|p1|Ferrothorn, M
|poke|p1|Latios, M
|poke|p1|Tyranitar, M
|poke|p1|Landorus-Therian, M
|poke|p1|Keldeo-Resolute
|poke|p2|Greninja, F, shiny
|poke|p2|Gengar, M
|poke|p2|Thundurus, M
|poke|p2|Bisharp, M
|poke|p2|Mamoswine, F
|poke|p2|Venusaur, M
|rule|Swagger Clause: Swagger is banned
|rule|Baton Pass Clause: Limit one PokÃ©mon knowing Baton Pass
|rule|Sleep Clause Mod: Limit one foe put to sleep
|rule|Species Clause: Limit one of each PokÃ©mon
|rule|OHKO Clause: OHKO moves are banned
|rule|Moody Clause: Moody is banned
|rule|Evasion Moves Clause: Evasion moves are banned
|rule|Endless Battle Clause: Forcing endless battles is banned
|rule|HP Percentage Mod: HP is shown in percentages
|teampreview
|
|start
|switch|p1a: Charizard|Charizard, F, shiny|297\/297
|switch|p2a: Thundurus|Thundurus, M|299\/299
|turn|1
|
|switch|p1a: Tyranitar|Tyranitar, M|341\/341
|-weather|Sandstorm
|move|p2a: Thundurus|Volt Switch|p1a: Tyranitar
|-damage|p1a: Tyranitar|260\/341
|
|switch|p2a: Mamoswine|Mamoswine, F|361\/361
|
|-weather|Sandstorm|[upkeep]
|turn|2
|join|Feeeeeeer
|
|switch|p1a: Ferrothorn|Ferrothorn, M|352\/352
|move|p2a: Mamoswine|Stealth Rock|p1a: Ferrothorn
|-sidestart|p1: KratosSnake|move: Stealth Rock
|
|-weather|Sandstorm|[upkeep]
|turn|3
|
|switch|p2a: Greninja|Greninja, F, shiny|286\/286
|move|p1a: Ferrothorn|Leech Seed|p2a: Greninja
|-start|p2a: Greninja|move: Leech Seed
|
|-weather|Sandstorm|[upkeep]
|-damage|p2a: Greninja|269\/286|[from] sandstorm
|-damage|p2a: Greninja|234\/286|[from] Leech Seed|[of] p1a: Ferrothorn
|turn|4
|
|move|p1a: Ferrothorn|Protect|p1a: Ferrothorn
|-singleturn|p1a: Ferrothorn|Protect
|move|p2a: Greninja|Ice Beam|p1a: Ferrothorn
|-start|p2a: Greninja|typechange|Ice|[from] Protean
|-activate|p1a: Ferrothorn|Protect
|
|-weather|Sandstorm|[upkeep]
|-damage|p2a: Greninja|217\/286|[from] sandstorm
|-damage|p2a: Greninja|182\/286|[from] Leech Seed|[of] p1a: Ferrothorn
|turn|5
|
|switch|p1a: Latios|Latios, M|302\/302
|-damage|p1a: Latios|265\/302|[from] Stealth Rock
|move|p2a: Greninja|Hidden Power|p1a: Latios
|-start|p2a: Greninja|typechange|Fire|[from] Protean
|-resisted|p1a: Latios
|-damage|p1a: Latios|207\/302
|-damage|p2a: Greninja|154\/286|[from] item: Life Orb
|
|-weather|none
|-damage|p2a: Greninja|119\/286|[from] Leech Seed|[of] p1a: Latios
|-heal|p1a: Latios|242\/302|[silent]
|turn|6
|
|switch|p2a: Bisharp|Bisharp, M|291\/291
|switch|p1a: Ferrothorn|Ferrothorn, M|352\/352
|-damage|p1a: Ferrothorn|330\/352|[from] Stealth Rock
|
|-heal|p1a: Ferrothorn|352\/352|[from] item: Leftovers
|turn|7
|
|switch|p2a: Venusaur|Venusaur, M|364\/364
|move|p1a: Ferrothorn|Leech Seed|p2a: Venusaur
|-immune|p2a: Venusaur|[msg]
|
|turn|8
|
|switch|p1a: Latios|Latios, M|242\/302
|-damage|p1a: Latios|205\/302|[from] Stealth Rock
|detailschange|p2a: Venusaur|Venusaur-Mega, M
|message|Venusaur has Mega Evolved into Mega Venusaur!
|move|p2a: Venusaur|Hidden Power|p1a: Latios
|-resisted|p1a: Latios
|-damage|p1a: Latios|181\/302
|
|turn|9
|
|switch|p2a: Bisharp|Bisharp, M|291\/291
|move|p1a: Latios|Defog|p2a: Bisharp
|-unboost|p2a: Bisharp|evasion|1
|-boost|p2a: Bisharp|atk|2|[from] ability: Defiant
|-sideend|p1: KratosSnake|Stealth Rock|[from] move: Defog|[of] p1a: Latios
|
|turn|10
|
|switch|p1a: Ferrothorn|Ferrothorn, M|352\/352
|move|p2a: Bisharp|Knock Off|p1a: Ferrothorn
|-damage|p1a: Ferrothorn|90\/352
|-damage|p2a: Bisharp|255\/291|[from] ability: Iron Barbs|[of] p1a: Ferrothorn
|-enditem|p1a: Ferrothorn|Leftovers|[from] move: Knock Off|[of] p2a: Bisharp
|
|turn|11
|
|move|p2a: Bisharp|Knock Off|p1a: Ferrothorn
|-damage|p1a: Ferrothorn|0 fnt
|-damage|p2a: Bisharp|219\/291|[from] ability: Iron Barbs|[of] p1a: Ferrothorn
|faint|p1a: Ferrothorn
|
|
|switch|p1a: Keldeo-Resolute|Keldeo-Resolute|323\/323
|turn|12
|join|i came from leddit
|
|switch|p2a: Venusaur|Venusaur-Mega, M|364\/364
|move|p1a: Keldeo-Resolute|Secret Sword|p2a: Venusaur
|-resisted|p2a: Venusaur
|-damage|p2a: Venusaur|289\/364
|
|turn|13
|
|switch|p1a: Landorus-Therian|Landorus-Therian, M|382\/382
|-ability|p1a: Landorus-Therian|Intimidate|[of] p2a: Venusaur
|-unboost|p2a: Venusaur|atk|1
|move|p2a: Venusaur|Leech Seed|p1a: Landorus-Therian
|-start|p1a: Landorus-Therian|move: Leech Seed
|
|-damage|p1a: Landorus-Therian|335\/382|[from] Leech Seed|[of] p2a: Venusaur
|-heal|p2a: Venusaur|336\/364|[silent]
|turn|14
|
|move|p1a: Landorus-Therian|Stealth Rock|p2a: Venusaur
|-sidestart|p2: uCan'tSeeMe|move: Stealth Rock
|move|p2a: Venusaur|Giga Drain|p1a: Landorus-Therian
|-damage|p1a: Landorus-Therian|208\/382
|-heal|p2a: Venusaur|364\/364|[from] drain|[of] p1a: Landorus-Therian
|
|-heal|p1a: Landorus-Therian|231\/382|[from] item: Leftovers
|-damage|p1a: Landorus-Therian|184\/382|[from] Leech Seed|[of] p2a: Venusaur
|turn|15
|
|move|p1a: Landorus-Therian|U-turn|p2a: Venusaur
|-damage|p2a: Venusaur|318\/364
|
|switch|p1a: Charizard|Charizard, F, shiny|297\/297
|move|p2a: Venusaur|Leech Seed|p1a: Charizard|[miss]
|-miss|p2a: Venusaur|p1a: Charizard
|
|turn|16
|c| i came from leddit|whats the next
|c|âuCan'tSeeMe|whats the fucking next u nerd
|
|switch|p2a: Gengar|Gengar, M|262\/262
|-damage|p2a: Gengar|230\/262|[from] Stealth Rock
|detailschange|p1a: Charizard|Charizard-Mega-Y, F, shiny
|message|Charizard has Mega Evolved into Mega Charizard!
|-weather|SunnyDay
|move|p1a: Charizard|Flamethrower|p2a: Gengar
|-damage|p2a: Gengar|0 fnt
|faint|p2a: Gengar
|
|-weather|SunnyDay|[upkeep]
|
|switch|p2a: Thundurus|Thundurus, M|299\/299
|-damage|p2a: Thundurus|225\/299|[from] Stealth Rock
|turn|17
|
|switch|p1a: Landorus-Therian|Landorus-Therian, M|184\/382
|-ability|p1a: Landorus-Therian|Intimidate|[of] p2a: Thundurus
|-unboost|p2a: Thundurus|atk|1
|move|p2a: Thundurus|Volt Switch|p1a: Landorus-Therian
|-immune|p1a: Landorus-Therian|[msg]
|
|-weather|SunnyDay|[upkeep]
|-heal|p2a: Thundurus|243\/299|[from] item: Leftovers
|-heal|p1a: Landorus-Therian|207\/382|[from] item: Leftovers
|turn|18
|
|switch|p1a: Tyranitar|Tyranitar, M|260\/341
|-weather|Sandstorm
|move|p2a: Thundurus|Hidden Power|p1a: Tyranitar
|-damage|p1a: Tyranitar|211\/341
|
|-weather|Sandstorm|[upkeep]
|-damage|p2a: Thundurus|225\/299|[from] sandstorm
|-heal|p2a: Thundurus|243\/299|[from] item: Leftovers
|turn|19
|c| i came from leddit|amazing play!
|
|move|p1a: Tyranitar|Pursuit|p2a: Thundurus|[from]Pursuit
|-damage|p2a: Thundurus|59\/299
|switch|p2a: Venusaur|Venusaur-Mega, M|318\/364
|-damage|p2a: Venusaur|273\/364|[from] Stealth Rock
|
|-weather|Sandstorm|[upkeep]
|-damage|p2a: Venusaur|251\/364|[from] sandstorm
|turn|20
|c| i came from leddit|my venu.....
|c|âuCan'tSeeMe|...
|
|switch|p1a: Charizard|Charizard-Mega-Y, F, shiny|297\/297
|-weather|SunnyDay
|move|p2a: Venusaur|Leech Seed|p1a: Charizard|[miss]
|-miss|p2a: Venusaur|p1a: Charizard
|
|-weather|SunnyDay|[upkeep]
|turn|21
|c| i came from leddit|WHATS
|c| i came from leddit|THE
|c|âuCan'tSeeMe|whats the next
|c| i came from leddit|FUCKING
|c| i came from leddit|NEXT
|c| i came from leddit|fucking haxer........
|c|âuCan'tSeeMe|nerd
|c|âuCan'tSeeMe|pathetic scouter
|c|âuCan'tSeeMe|u won by constantly abusing hax to yur advantage
|c| i came from leddit|youre jealous
|c| i came from leddit|uCan'tMemeMe
|c|âuCan'tSeeMe|u don't have my venu
|raw|<div class="broadcast-red"><b>Moderated chat was set to +!<\/b><br \/>Only users of rank + and higher can talk.<\/div>
i came from leddit was promoted to Room Voice by uCan'tSeeMe.
|join|LT7X JustB1az3
|c|+i came from leddit|:^)
|c|âuCan'tSeeMe|>timestalling
|c|+i came from leddit|;-;
|c|âuCan'tSeeMe|pathetic scouter
|c|âuCan'tSeeMe|whats the next
|c|+i came from leddit|KratosSnake more like KratosMEME
|-message|KratosSnake lost due to inactivity.
|
|win|uCan'tSeeMe
|raw|Ladder updating...
|c|âuCan'tSeeMe|ez win
|raw|KratosSnake's rating: 1854 &rarr; <strong>1831<\/strong><br \/>(-23 for losing)
|raw|uCan&apos;tSeeMe's rating: 1787 &rarr; <strong>1811<\/strong><br \/>(+24 for winning)
|c|+i came from leddit|rekt
|c|âuCan'tSeeMe|rekt