|join|Nipere
|join|KratosSnake
|player|p1|Nipere|292
|player|p2|KratosSnake|159
|gametype|singles
|gen|6
|tier|OU
|clearpoke
|poke|p1|Lopunny, M
|poke|p1|Heatran, M
|poke|p1|Latios, M
|poke|p1|Rotom-Wash
|poke|p1|Talonflame, M
|poke|p1|Mew
|poke|p2|Bisharp, F
|poke|p2|Heatran, F
|poke|p2|Chansey, F
|poke|p2|Skarmory, M
|poke|p2|Amoonguss, F
|poke|p2|Gallade, M
|rule|Swagger Clause: Swagger is banned
|rule|Baton Pass Clause: Limit one PokÃ©mon knowing Baton Pass
|rule|Sleep Clause Mod: Limit one foe put to sleep
|rule|Species Clause: Limit one of each PokÃ©mon
|rule|OHKO Clause: OHKO moves are banned
|rule|Moody Clause: Moody is banned
|rule|Evasion Moves Clause: Evasion moves are banned
|rule|Endless Battle Clause: Forcing endless battles is banned
|rule|HP Percentage Mod: HP is shown in percentages
|teampreview
|join|REDxLOTUS
|join|testingh12
|join|disastrousfutility
|join|plese no
|
|start
|switch|p1a: Mew|Mew|404\/404
|switch|p2a: The Fury|Heatran, F|324\/324
|-item|p2a: The Fury|Air Balloon
|turn|1
|
|move|p2a: The Fury|Stealth Rock|p1a: Mew
|-sidestart|p1: Nipere|move: Stealth Rock
|move|p1a: Mew|Taunt|p2a: The Fury
|-start|p2a: The Fury|move: Taunt
|
|turn|2
|join|SYMicky Mike
|join|ywiqsa
|c|âNipere|o
|
|switch|p1a: Rotom-Wash|Rotom-Wash|303\/303
|-damage|p1a: Rotom-Wash|266\/303|[from] Stealth Rock
|move|p2a: The Fury|Fire Blast|p1a: Rotom-Wash
|-resisted|p1a: Rotom-Wash
|-damage|p1a: Rotom-Wash|174\/303
|
|-heal|p1a: Rotom-Wash|192\/303|[from] item: Leftovers
|turn|3
|join|julebrusernam
|
|switch|p2a: Naomi Hunter|Amoonguss, F|432\/432
|move|p1a: Rotom-Wash|Volt Switch|p2a: Naomi Hunter
|-resisted|p2a: Naomi Hunter
|-damage|p2a: Naomi Hunter|390\/432
|leave|julebrusernam
|
|switch|p1a: Latios|Latios, M|301\/301
|-damage|p1a: Latios|264\/301|[from] Stealth Rock
|
|-heal|p2a: Naomi Hunter|417\/432|[from] item: Black Sludge
|turn|4
|
|switch|p2a: Raiden|Bisharp, F|272\/272
|move|p1a: Latios|Trick|p2a: Raiden
|-activate|p1a: Latios|move: Trick|[of] p2a: Raiden
|-item|p2a: Raiden|Choice Scarf|[from] move: Trick
|-item|p1a: Latios|Leftovers|[from] move: Trick
|
|-heal|p1a: Latios|282\/301|[from] item: Leftovers
|turn|5
|
|move|p2a: Raiden|Pursuit|p1a: Latios|[from]Pursuit
|-supereffective|p1a: Latios
|-damage|p1a: Latios|0 fnt
|faint|p1a: Latios
|
|
|switch|p1a: I AM INSIDE|Lopunny, M|271\/271
|-damage|p1a: I AM INSIDE|238\/271|[from] Stealth Rock
|turn|6
|
|switch|p2a: Metal Gear RAY|Skarmory, M|334\/334
|detailschange|p1a: I AM INSIDE|Lopunny-Mega, M
|message|Lopunny has Mega Evolved into Mega Lopunny!
|move|p1a: I AM INSIDE|High Jump Kick|p2a: Metal Gear RAY
|-damage|p2a: Metal Gear RAY|199\/334
|-damage|p1a: I AM INSIDE|193\/271|[from] item: Rocky Helmet|[of] p2a: Metal Gear RAY
|
|turn|7
|
|switch|p1a: Rotom-Wash|Rotom-Wash|192\/303
|-damage|p1a: Rotom-Wash|155\/303|[from] Stealth Rock
|move|p2a: Metal Gear RAY|Roost|p2a: Metal Gear RAY
|-heal|p2a: Metal Gear RAY|334\/334
|
|-heal|p1a: Rotom-Wash|173\/303|[from] item: Leftovers
|turn|8
|
|switch|p2a: Naomi Hunter|Amoonguss, F|432\/432
|move|p1a: Rotom-Wash|Volt Switch|p2a: Naomi Hunter
|-crit|p2a: Naomi Hunter
|-resisted|p2a: Naomi Hunter
|-damage|p2a: Naomi Hunter|369\/432
|
|switch|p1a: Mew|Mew|404\/404
|-damage|p1a: Mew|354\/404|[from] Stealth Rock
|
|-heal|p1a: Mew|379\/404|[from] item: Leftovers
|-heal|p2a: Naomi Hunter|396\/432|[from] item: Black Sludge
|turn|9
|
|switch|p2a: Raiden|Bisharp, F|272\/272
|move|p1a: Mew|Taunt|p2a: Raiden
|-start|p2a: Raiden|move: Taunt
|
|-heal|p1a: Mew|404\/404|[from] item: Leftovers
|turn|10
|
|move|p2a: Raiden|Knock Off|p1a: Mew
|-supereffective|p1a: Mew
|-damage|p1a: Mew|48\/404
|-enditem|p1a: Mew|Leftovers|[from] move: Knock Off|[of] p2a: Raiden
|move|p1a: Mew|Roost|p1a: Mew
|-heal|p1a: Mew|250\/404
|
|turn|11
|
|move|p2a: Raiden|Knock Off|p1a: Mew
|-crit|p1a: Mew
|-supereffective|p1a: Mew
|-damage|p1a: Mew|0 fnt
|faint|p1a: Mew
|
|c|âNipere|fuck
|
|switch|p1a: I AM INSIDE|Lopunny-Mega, M|193\/271
|-damage|p1a: I AM INSIDE|177\/271|[from] Stealth Rock
|turn|12
|
|switch|p2a: Metal Gear RAY|Skarmory, M|334\/334
|move|p1a: I AM INSIDE|Substitute|p1a: I AM INSIDE
|-start|p1a: I AM INSIDE|Substitute
|-damage|p1a: I AM INSIDE|110\/271
|
|turn|13
|
|move|p1a: I AM INSIDE|High Jump Kick|p2a: Metal Gear RAY
|-damage|p2a: Metal Gear RAY|202\/334
|-damage|p1a: I AM INSIDE|65\/271|[from] item: Rocky Helmet|[of] p2a: Metal Gear RAY
|move|p2a: Metal Gear RAY|Whirlwind|p1a: I AM INSIDE
|drag|p1a: Heatran|Heatran, M|385\/385
|-damage|p1a: Heatran|337\/385|[from] Stealth Rock
|
|-heal|p1a: Heatran|361\/385|[from] item: Leftovers
|turn|14
|
|switch|p1a: I AM INSIDE|Lopunny-Mega, M|65\/271
|-damage|p1a: I AM INSIDE|49\/271|[from] Stealth Rock
|switch|p2a: The Fury|Heatran, F|324\/324
|-item|p2a: The Fury|Air Balloon
|
|turn|15
|join|Agilis
|
|switch|p2a: Metal Gear RAY|Skarmory, M|202\/334
|move|p1a: I AM INSIDE|Frustration|p2a: Metal Gear RAY
|-resisted|p2a: Metal Gear RAY
|-damage|p2a: Metal Gear RAY|148\/334
|-damage|p1a: I AM INSIDE|4\/271|[from] item: Rocky Helmet|[of] p2a: Metal Gear RAY
|
|turn|16
|
|move|p1a: I AM INSIDE|High Jump Kick|p2a: Metal Gear RAY
|-damage|p2a: Metal Gear RAY|10\/334
|-damage|p1a: I AM INSIDE|0 fnt|[from] item: Rocky Helmet|[of] p2a: Metal Gear RAY
|faint|p1a: I AM INSIDE
|move|p2a: Metal Gear RAY|Roost|p2a: Metal Gear RAY
|-heal|p2a: Metal Gear RAY|177\/334
|
|
|switch|p1a: Rotom-Wash|Rotom-Wash|173\/303
|-damage|p1a: Rotom-Wash|136\/303|[from] Stealth Rock
|turn|17
|
|switch|p2a: Naomi Hunter|Amoonguss, F|432\/432
|move|p1a: Rotom-Wash|Volt Switch|p2a: Naomi Hunter
|-resisted|p2a: Naomi Hunter
|-damage|p2a: Naomi Hunter|388\/432
|join|Lycon
|
|switch|p1a: Talonflame|Talonflame, M|297\/297
|-damage|p1a: Talonflame|149\/297|[from] Stealth Rock
|
|-heal|p2a: Naomi Hunter|415\/432|[from] item: Black Sludge
|turn|18
|join|sugarhigh
|leave|sugarhigh
|
|switch|p2a: The Fury|Heatran, F|324\/324
|-item|p2a: The Fury|Air Balloon
|move|p1a: Talonflame|Swords Dance|p1a: Talonflame
|-boost|p1a: Talonflame|atk|2
|
|turn|19
|c|âNipere|gr8 team  budd, cant break it
|
|move|p1a: Talonflame|Roost|p1a: Talonflame
|-heal|p1a: Talonflame|297\/297
|move|p2a: The Fury|Ancient Power|p1a: Talonflame
|-supereffective|p1a: Talonflame
|-damage|p1a: Talonflame|105\/297
|
|turn|20
|
|move|p1a: Talonflame|Brave Bird|p2a: The Fury
|-resisted|p2a: The Fury
|-damage|p2a: The Fury|146\/324
|-enditem|p2a: The Fury|Air Balloon
|-damage|p1a: Talonflame|46\/297|[from] recoil|[of] p2a: The Fury
|move|p2a: The Fury|Ancient Power|p1a: Talonflame
|-supereffective|p1a: Talonflame
|-damage|p1a: Talonflame|0 fnt
|faint|p1a: Talonflame
|
|join|Dildo Delivery
|
|switch|p1a: Rotom-Wash|Rotom-Wash|136\/303
|-damage|p1a: Rotom-Wash|99\/303|[from] Stealth Rock
|turn|21
|leave|Lycon
|c| REDxLOTUS|why didnt you use the team u beat me with
|c| REDxLOTUS|>_>
|c| Agilis|Is that a thing...
|
|move|p2a: The Fury|Taunt|p1a: Rotom-Wash
|-start|p1a: Rotom-Wash|move: Taunt
|move|p1a: Rotom-Wash|Volt Switch|p2a: The Fury
|-damage|p2a: The Fury|70\/324
|c| Agilis|Just for TFlame.
|c| REDxLOTUS|that latios shitted on me
|c|âNipere|gg, cant win.
|-message|Nipere forfeited.
|
|win|KratosSnake
|c| REDxLOTUS|i forgot about trick.
|leave|KratosSnake
|player|p2
|leave|Nipere
|player|p1
|leave|disastrousfutility
|leave|REDxLOTUS
|leave|Agilis