|join|KratosSnake
|join|thunder n blazes
|player|p1|KratosSnake|153
|player|p2|thunder n blazes|207
|gametype|singles
|gen|6
|tier|OU
|rated
|clearpoke
|poke|p1|Landorus-Therian, M
|poke|p1|Gothitelle, F
|poke|p1|Terrakion
|poke|p1|Greninja, F
|poke|p1|Manectric, F
|poke|p1|Garchomp, M
|poke|p2|Jirachi, shiny
|poke|p2|Heracross, M
|poke|p2|Thundurus, M, shiny
|poke|p2|Azumarill, M, shiny
|poke|p2|Gengar, M, shiny
|poke|p2|Garchomp, M, shiny
|rule|Swagger Clause: Swagger is banned
|rule|Baton Pass Clause: Limit one PokÃ©mon knowing Baton Pass
|rule|Sleep Clause Mod: Limit one foe put to sleep
|rule|Species Clause: Limit one of each PokÃ©mon
|rule|OHKO Clause: OHKO moves are banned
|rule|Moody Clause: Moody is banned
|rule|Evasion Moves Clause: Evasion moves are banned
|rule|Endless Battle Clause: Forcing endless battles is banned
|rule|HP Percentage Mod: HP is shown in percentages
|teampreview
|
|start
|switch|p1a: Garchomp|Garchomp, M|358\/358
|switch|p2a: Jirachi|Jirachi, shiny|341\/341
|turn|1
|
|move|p1a: Garchomp|Stealth Rock|p2a: Jirachi
|-sidestart|p2: thunder n blazes|move: Stealth Rock
|move|p2a: Jirachi|Stealth Rock|p1a: Garchomp
|-sidestart|p1: KratosSnake|move: Stealth Rock
|
|turn|2
|
|move|p1a: Garchomp|Earthquake|p2a: Jirachi
|-supereffective|p2a: Jirachi
|-enditem|p2a: Jirachi|Shuca Berry|[eat]
|-damage|p2a: Jirachi|148\/341
|move|p2a: Jirachi|Icy Wind|p1a: Garchomp
|-supereffective|p1a: Garchomp
|-damage|p1a: Garchomp|126\/358
|-unboost|p1a: Garchomp|spe|1
|
|turn|3
|
|switch|p1a: Manectric|Manectric, F|281\/281
|-damage|p1a: Manectric|246\/281|[from] Stealth Rock
|move|p2a: Jirachi|Icy Wind|p1a: Manectric
|-damage|p1a: Manectric|164\/281
|-unboost|p1a: Manectric|spe|1
|
|turn|4
|
|switch|p1a: Gothitelle|Gothitelle, F|287\/287
|-damage|p1a: Gothitelle|252\/287|[from] Stealth Rock
|move|p2a: Jirachi|Iron Head|p1a: Gothitelle
|-damage|p1a: Gothitelle|135\/287
|
|turn|5
|
|move|p1a: Gothitelle|Psychic|p2a: Jirachi
|-resisted|p2a: Jirachi
|-damage|p2a: Jirachi|114\/341
|-unboost|p2a: Jirachi|spd|1
|move|p2a: Jirachi|Iron Head|p1a: Gothitelle
|-damage|p1a: Gothitelle|27\/287
|
|turn|6
|
|move|p1a: Gothitelle|Psychic|p2a: Jirachi
|-resisted|p2a: Jirachi
|-damage|p2a: Jirachi|65\/341
|move|p2a: Jirachi|Icy Wind|p1a: Gothitelle
|-damage|p1a: Gothitelle|0 fnt
|faint|p1a: Gothitelle
|
|
|switch|p1a: Greninja|Greninja, F|286\/286
|-damage|p1a: Greninja|251\/286|[from] Stealth Rock
|turn|7
|
|move|p1a: Greninja|Ice Beam|p2a: Jirachi
|-start|p1a: Greninja|typechange|Ice|[from] Protean
|-resisted|p2a: Jirachi
|-damage|p2a: Jirachi|0 fnt
|-damage|p1a: Greninja|223\/286|[from] item: Life Orb
|faint|p2a: Jirachi
|
|
|switch|p2a: Azumarill|Azumarill, M, shiny|401\/401
|-damage|p2a: Azumarill|351\/401|[from] Stealth Rock
|turn|8
|
|move|p1a: Greninja|Grass Knot|p2a: Azumarill
|-start|p1a: Greninja|typechange|Grass|[from] Protean
|-supereffective|p2a: Azumarill
|-damage|p2a: Azumarill|169\/401
|-damage|p1a: Greninja|195\/286|[from] item: Life Orb
|move|p2a: Azumarill|Play Rough|p1a: Greninja
|-damage|p1a: Greninja|0 fnt
|faint|p1a: Greninja
|
|
|switch|p1a: Garchomp|Garchomp, M|126\/358
|-damage|p1a: Garchomp|104\/358|[from] Stealth Rock
|turn|9
|
|switch|p2a: Gengar|Gengar, M, shiny|262\/262
|-damage|p2a: Gengar|230\/262|[from] Stealth Rock
|move|p1a: Garchomp|Earthquake|p2a: Gengar
|-immune|p2a: Gengar|[msg]
|
|turn|10
|
|move|p2a: Gengar|Shadow Ball|p1a: Garchomp
|-damage|p1a: Garchomp|0 fnt
|-damage|p2a: Gengar|204\/262|[from] item: Life Orb
|faint|p1a: Garchomp
|
|
|switch|p1a: Terrakion|Terrakion|323\/323
|-damage|p1a: Terrakion|303\/323|[from] Stealth Rock
|turn|11
|
|move|p2a: Gengar|Focus Blast|p1a: Terrakion|[miss]
|-miss|p2a: Gengar|p1a: Terrakion
|move|p1a: Terrakion|Stone Edge|p2a: Gengar
|-crit|p2a: Gengar
|-damage|p2a: Gengar|0 fnt
|-damage|p1a: Terrakion|271\/323|[from] item: Life Orb
|faint|p2a: Gengar
|
|c|âthunder n blazes|ok
|
|switch|p2a: Thundurus|Thundurus, M, shiny|299\/299
|-damage|p2a: Thundurus|225\/299|[from] Stealth Rock
|turn|12
|
|move|p2a: Thundurus|Superpower|p1a: Terrakion
|-supereffective|p1a: Terrakion
|-damage|p1a: Terrakion|0 fnt
|-unboost|p2a: Thundurus|atk|1
|-unboost|p2a: Thundurus|def|1
|-damage|p2a: Thundurus|196\/299|[from] item: Life Orb
|faint|p1a: Terrakion
|
|
|switch|p1a: Manectric|Manectric, F|164\/281
|-damage|p1a: Manectric|129\/281|[from] Stealth Rock
|turn|13
|
|detailschange|p1a: Manectric|Manectric-Mega, F
|message|Manectric has Mega Evolved into Mega Manectric!
|-ability|p1a: Manectric|Intimidate|[of] p2a: Thundurus
|-unboost|p2a: Thundurus|atk|1
|-boost|p2a: Thundurus|atk|2|[from] ability: Defiant
|move|p2a: Thundurus|Superpower|p1a: Manectric
|-damage|p1a: Manectric|0 fnt
|-unboost|p2a: Thundurus|atk|1
|-unboost|p2a: Thundurus|def|1
|-damage|p2a: Thundurus|167\/299|[from] item: Life Orb
|faint|p1a: Manectric
|
|-message|KratosSnake forfeited.
|
|win|thunder n blazes
|raw|Ladder updating...
|leave|KratosSnake
|player|p1
|raw|KratosSnake's rating: 1741 &rarr; <strong>1718<\/strong><br \/>(-23 for losing)
|raw|thunder n blazes's rating: 1686 &rarr; <strong>1709<\/strong><br \/>(+23 for winning)