|join|KratosSnake
|join|Carillon
|player|p1|KratosSnake|159
|player|p2|Carillon|78
|gametype|singles
|gen|6
|tier|OU
|rated
|clearpoke
|poke|p1|Bisharp, M
|poke|p1|Heatran, M
|poke|p1|Venusaur, M
|poke|p1|Chansey, F, shiny
|poke|p1|Skarmory, F
|poke|p1|Ditto, shiny
|poke|p2|Cottonee, F
|poke|p2|Azelf
|poke|p2|Whimsicott, F
|poke|p2|Smeargle, F, shiny
|poke|p2|Espeon, M
|poke|p2|Gothitelle, M
|rule|Swagger Clause: Swagger is banned
|rule|Baton Pass Clause: Limit one PokÃ©mon knowing Baton Pass
|rule|Sleep Clause Mod: Limit one foe put to sleep
|rule|Species Clause: Limit one of each PokÃ©mon
|rule|OHKO Clause: OHKO moves are banned
|rule|Moody Clause: Moody is banned
|rule|Evasion Moves Clause: Evasion moves are banned
|rule|Endless Battle Clause: Forcing endless battles is banned
|rule|HP Percentage Mod: HP is shown in percentages
|teampreview
|
|start
|switch|p1a: sharp|Bisharp, M|272\/272
|switch|p2a: CHICHICHI LELELE|Cottonee, F|284\/284
|turn|1
|
|move|p2a: CHICHICHI LELELE|Taunt|p1a: sharp
|-start|p1a: sharp|move: Taunt
|move|p1a: sharp|Iron Head|p2a: CHICHICHI LELELE
|-supereffective|p2a: CHICHICHI LELELE
|-enditem|p2a: CHICHICHI LELELE|Focus Sash
|-damage|p2a: CHICHICHI LELELE|1\/284
|
|turn|2
|
|switch|p1a: Sunny|Heatran, M|324\/324
|-item|p1a: Sunny|Air Balloon
|move|p2a: CHICHICHI LELELE|Tailwind|p2a: CHICHICHI LELELE
|-sidestart|p2: Carillon|move: Tailwind
|
|turn|3
|
|move|p2a: CHICHICHI LELELE|Taunt|p1a: Sunny
|-start|p1a: Sunny|move: Taunt
|move|p1a: Sunny|Earth Power|p2a: CHICHICHI LELELE
|-resisted|p2a: CHICHICHI LELELE
|-damage|p2a: CHICHICHI LELELE|0 fnt
|faint|p2a: CHICHICHI LELELE
|
|
|switch|p2a: VIVA CHILE|Azelf|354\/354
|turn|4
|
|switch|p1a: sharp|Bisharp, M|272\/272
|move|p2a: VIVA CHILE|Light Screen|p2a: VIVA CHILE
|-sidestart|p2: Carillon|move: Light Screen
|
|turn|5
|
|move|p2a: VIVA CHILE|Reflect|p2a: VIVA CHILE
|-sidestart|p2: Carillon|Reflect
|move|p1a: sharp|Knock Off|p2a: VIVA CHILE
|-supereffective|p2a: VIVA CHILE
|-damage|p2a: VIVA CHILE|125\/354
|-enditem|p2a: VIVA CHILE|Light Clay|[from] move: Knock Off|[of] p1a: sharp
|
|-sideend|p2: Carillon|move: Tailwind
|turn|6
|
|move|p2a: VIVA CHILE|Stealth Rock|p1a: sharp
|-sidestart|p1: KratosSnake|move: Stealth Rock
|move|p1a: sharp|Knock Off|p2a: VIVA CHILE
|-supereffective|p2a: VIVA CHILE
|-damage|p2a: VIVA CHILE|0 fnt
|faint|p2a: VIVA CHILE
|
|
|switch|p2a: THE BP SAVIOR|Smeargle, F, shiny|251\/251
|turn|7
|
|move|p2a: THE BP SAVIOR|Geomancy|p2a: THE BP SAVIOR|[still]
|-prepare|p2a: THE BP SAVIOR|Geomancy|p2a: THE BP SAVIOR
|-enditem|p2a: THE BP SAVIOR|Power Herb
|-anim|p2a: THE BP SAVIOR|Geomancy|p2a: THE BP SAVIOR
|-boost|p2a: THE BP SAVIOR|spa|2
|-boost|p2a: THE BP SAVIOR|spd|2
|-boost|p2a: THE BP SAVIOR|spe|2
|move|p1a: sharp|Knock Off|p2a: THE BP SAVIOR
|-damage|p2a: THE BP SAVIOR|170\/251
|
|turn|8
|
|switch|p1a: Shapeshifter|Ditto, shiny|299\/299
|-damage|p1a: Shapeshifter|262\/299|[from] Stealth Rock
|-transform|p1a: Shapeshifter|p2a: THE BP SAVIOR
|move|p2a: THE BP SAVIOR|Spore|p1a: Shapeshifter
|-status|p1a: Shapeshifter|slp
|
|turn|9
|
|switch|p1a: Weed|Venusaur, M|364\/364
|-damage|p1a: Weed|319\/364|[from] Stealth Rock
|move|p2a: THE BP SAVIOR|Cotton Guard|p2a: THE BP SAVIOR
|-boost|p2a: THE BP SAVIOR|def|3
|
|turn|10
|
|switch|p1a: Yuna|Chansey, F, shiny|704\/704
|-damage|p1a: Yuna|616\/704|[from] Stealth Rock
|move|p2a: THE BP SAVIOR|Cotton Guard|p2a: THE BP SAVIOR
|-boost|p2a: THE BP SAVIOR|def|3
|
|turn|11
|
|move|p2a: THE BP SAVIOR|Baton Pass|p2a: THE BP SAVIOR
|
|switch|p2a: DON TROLEONE|Espeon, M|321\/321
|move|p1a: Yuna|Aromatherapy|p1a: Yuna
|-cureteam|p1a: Yuna|[from] move: Aromatherapy
|
|-sideend|p2: Carillon|move: Light Screen
|turn|12
|
|move|p2a: DON TROLEONE|Substitute|p2a: DON TROLEONE
|-start|p2a: DON TROLEONE|Substitute
|-damage|p2a: DON TROLEONE|241\/321
|move|p1a: Yuna|Seismic Toss|p2a: DON TROLEONE
|-end|p2a: DON TROLEONE|Substitute
|
|-heal|p2a: DON TROLEONE|261\/321|[from] item: Leftovers
|-sideend|p2: Carillon|Reflect
|turn|13
|
|move|p2a: DON TROLEONE|Stored Power|p1a: Yuna
|-damage|p1a: Yuna|133\/704
|move|p1a: Yuna|Seismic Toss|p2a: DON TROLEONE
|-damage|p2a: DON TROLEONE|161\/321
|
|-heal|p2a: DON TROLEONE|181\/321|[from] item: Leftovers
|turn|14
|
|move|p2a: DON TROLEONE|Morning Sun|p2a: DON TROLEONE
|-heal|p2a: DON TROLEONE|321\/321
|move|p1a: Yuna|Seismic Toss|p2a: DON TROLEONE
|-damage|p2a: DON TROLEONE|221\/321
|
|-heal|p2a: DON TROLEONE|241\/321|[from] item: Leftovers
|turn|15
|
|move|p2a: DON TROLEONE|Stored Power|p1a: Yuna
|-damage|p1a: Yuna|0 fnt
|faint|p1a: Yuna
|
|-heal|p2a: DON TROLEONE|261\/321|[from] item: Leftovers
|
|switch|p1a: Shapeshifter|Ditto, shiny|262\/299
|-damage|p1a: Shapeshifter|225\/299|[from] Stealth Rock
|-transform|p1a: Shapeshifter|p2a: DON TROLEONE
|turn|16
|
|move|p1a: Shapeshifter|Stored Power|p2a: DON TROLEONE
|-resisted|p2a: DON TROLEONE
|-damage|p2a: DON TROLEONE|61\/321
|move|p2a: DON TROLEONE|Stored Power|p1a: Shapeshifter
|-resisted|p1a: Shapeshifter
|-damage|p1a: Shapeshifter|29\/299
|
|-heal|p2a: DON TROLEONE|81\/321|[from] item: Leftovers
|turn|17
|
|move|p1a: Shapeshifter|Stored Power|p2a: DON TROLEONE
|-resisted|p2a: DON TROLEONE
|-damage|p2a: DON TROLEONE|0 fnt
|faint|p2a: DON TROLEONE
|
|c|âKratosSnake|ditto i love u
|
|switch|p2a: FAIRY SOLIDARITY|Whimsicott, F|324\/324
|turn|18
|
|move|p2a: FAIRY SOLIDARITY|Tailwind|p2a: FAIRY SOLIDARITY
|-sidestart|p2: Carillon|move: Tailwind
|move|p1a: Shapeshifter|Stored Power|p2a: FAIRY SOLIDARITY
|-enditem|p2a: FAIRY SOLIDARITY|Focus Sash
|-damage|p2a: FAIRY SOLIDARITY|1\/324
|
|turn|19
|
|move|p2a: FAIRY SOLIDARITY|Memento|p1a: Shapeshifter
|-unboost|p1a: Shapeshifter|atk|2
|-unboost|p1a: Shapeshifter|spa|2
|faint|p2a: FAIRY SOLIDARITY
|move|p1a: Shapeshifter|Stored Power|p2: FAIRY SOLIDARITY|[notarget]
|-notarget
|
|
|switch|p2a: THE BP SAVIOR|Smeargle, F, shiny|170\/251
|turn|20
|
|move|p1a: Shapeshifter|Stored Power|p2a: THE BP SAVIOR
|-crit|p2a: THE BP SAVIOR
|-damage|p2a: THE BP SAVIOR|0 fnt
|faint|p2a: THE BP SAVIOR
|
|-message|Carillon forfeited.
|
|win|KratosSnake
|raw|Ladder updating...
|leave|Carillon
|player|p2
|raw|KratosSnake's rating: 1914 &rarr; <strong>1929<\/strong><br \/>(+15 for winning)
|raw|Carillon's rating: 1832 &rarr; <strong>1817<\/strong><br \/>(-15 for losing)