|join|KratosSnake
|join|Lind_U.
|player|p1|KratosSnake|153
|player|p2|Lind_U.|163
|gametype|singles
|gen|6
|tier|OU
|rated
|clearpoke
|poke|p1|Landorus-Therian, M
|poke|p1|Gothitelle, F
|poke|p1|Terrakion
|poke|p1|Greninja, F
|poke|p1|Manectric, M
|poke|p1|Garchomp, M
|poke|p2|Venusaur, F
|poke|p2|Klefki, F, shiny
|poke|p2|Rotom-Wash, shiny
|poke|p2|Victini
|poke|p2|Conkeldurr, M, shiny
|poke|p2|Landorus-Therian, M, shiny
|rule|Swagger Clause: Swagger is banned
|rule|Baton Pass Clause: Limit one PokÃ©mon knowing Baton Pass
|rule|Sleep Clause Mod: Limit one foe put to sleep
|rule|Species Clause: Limit one of each PokÃ©mon
|rule|OHKO Clause: OHKO moves are banned
|rule|Moody Clause: Moody is banned
|rule|Evasion Moves Clause: Evasion moves are banned
|rule|Endless Battle Clause: Forcing endless battles is banned
|rule|HP Percentage Mod: HP is shown in percentages
|teampreview
|
|start
|switch|p1a: Garchomp|Garchomp, M|358\/358
|switch|p2a: Takemikazuchi|Rotom-Wash, shiny|304\/304
|turn|1
|
|move|p1a: Garchomp|Stealth Rock|p2a: Takemikazuchi
|-sidestart|p2: Lind_U.|move: Stealth Rock
|move|p2a: Takemikazuchi|Will-O-Wisp|p1a: Garchomp
|-status|p1a: Garchomp|brn
|
|-damage|p1a: Garchomp|314\/358 brn|[from] brn
|turn|2
|
|move|p1a: Garchomp|Swords Dance|p1a: Garchomp
|-boost|p1a: Garchomp|atk|2
|move|p2a: Takemikazuchi|Hydro Pump|p1a: Garchomp
|-damage|p1a: Garchomp|169\/358 brn
|
|-damage|p1a: Garchomp|125\/358 brn|[from] brn
|turn|3
|
|switch|p2a: Tsukuyomi|Klefki, F, shiny|318\/318
|-damage|p2a: Tsukuyomi|299\/318|[from] Stealth Rock
|move|p1a: Garchomp|Dragon Claw|p2a: Tsukuyomi
|-immune|p2a: Tsukuyomi|[msg]
|
|-damage|p1a: Garchomp|81\/358 brn|[from] brn
|turn|4
|
|move|p2a: Tsukuyomi|Reflect|p2a: Tsukuyomi
|-sidestart|p2: Lind_U.|Reflect
|move|p1a: Garchomp|Dragon Claw|p2a: Tsukuyomi
|-immune|p2a: Tsukuyomi|[msg]
|
|-damage|p1a: Garchomp|37\/358 brn|[from] brn
|turn|5
|
|move|p2a: Tsukuyomi|Spikes|p1a: Garchomp
|-sidestart|p1: KratosSnake|Spikes
|move|p1a: Garchomp|Earthquake|p2a: Tsukuyomi
|-supereffective|p2a: Tsukuyomi
|-damage|p2a: Tsukuyomi|112\/318
|
|-damage|p1a: Garchomp|0 fnt|[from] brn
|faint|p1a: Garchomp
|
|switch|p1a: Manectric|Manectric, M|281\/281
|-damage|p1a: Manectric|246\/281|[from] Spikes
|turn|6
|
|detailschange|p1a: Manectric|Manectric-Mega, M
|message|Manectric has Mega Evolved into Mega Manectric!
|-ability|p1a: Manectric|Intimidate|[of] p2a: Tsukuyomi
|-unboost|p2a: Tsukuyomi|atk|1
|move|p2a: Tsukuyomi|Light Screen|p2a: Tsukuyomi
|-sidestart|p2: Lind_U.|move: Light Screen
|move|p1a: Manectric|Flamethrower|p2a: Tsukuyomi
|-supereffective|p2a: Tsukuyomi
|-damage|p2a: Tsukuyomi|32\/318
|
|turn|7
|
|switch|p2a: Takemikazuchi|Rotom-Wash, shiny|304\/304
|-damage|p2a: Takemikazuchi|266\/304|[from] Stealth Rock
|move|p1a: Manectric|Flamethrower|p2a: Takemikazuchi
|-resisted|p2a: Takemikazuchi
|-damage|p2a: Takemikazuchi|239\/304
|
|-heal|p2a: Takemikazuchi|258\/304|[from] item: Leftovers
|turn|8
|
|move|p1a: Manectric|Volt Switch|p2a: Takemikazuchi
|-damage|p2a: Takemikazuchi|200\/304
|
|switch|p1a: Gothitelle|Gothitelle, F|287\/287
|-damage|p1a: Gothitelle|252\/287|[from] Spikes
|move|p2a: Takemikazuchi|Volt Switch|p1a: Gothitelle
|-damage|p1a: Gothitelle|165\/287
|
|switch|p2a: Amaterasu|Victini|341\/341
|-damage|p2a: Amaterasu|256\/341|[from] Stealth Rock
|
|-heal|p2a: Amaterasu|277\/341|[from] item: Leftovers
|turn|9
|
|switch|p1a: Landorus-Therian|Landorus-Therian, M|319\/319
|-ability|p1a: Landorus-Therian|Intimidate|[of] p2a: Amaterasu
|-unboost|p2a: Amaterasu|atk|1
|move|p2a: Amaterasu|Taunt|p1a: Landorus-Therian
|-start|p1a: Landorus-Therian|move: Taunt
|
|-heal|p2a: Amaterasu|298\/341|[from] item: Leftovers
|turn|10
|
|switch|p2a: Tengoku|Landorus-Therian, M, shiny|382\/382
|-damage|p2a: Tengoku|335\/382|[from] Stealth Rock
|-ability|p2a: Tengoku|Intimidate|[of] p1a: Landorus-Therian
|-unboost|p1a: Landorus-Therian|atk|1
|move|p1a: Landorus-Therian|U-turn|p2a: Tengoku
|-resisted|p2a: Tengoku
|-damage|p2a: Tengoku|323\/382
|
|switch|p1a: Terrakion|Terrakion|323\/323
|-damage|p1a: Terrakion|283\/323|[from] Spikes
|
|-heal|p2a: Tengoku|346\/382|[from] item: Leftovers
|turn|11
|
|switch|p1a: Landorus-Therian|Landorus-Therian, M|319\/319
|-ability|p1a: Landorus-Therian|Intimidate|[of] p2a: Tengoku
|-unboost|p2a: Tengoku|atk|1
|move|p2a: Tengoku|Earthquake|p1a: Landorus-Therian
|-immune|p1a: Landorus-Therian|[msg]
|
|-heal|p2a: Tengoku|369\/382|[from] item: Leftovers
|-sideend|p2: Lind_U.|Reflect
|turn|12
|
|move|p1a: Landorus-Therian|U-turn|p2a: Tengoku
|-resisted|p2a: Tengoku
|-damage|p2a: Tengoku|330\/382
|
|switch|p1a: Greninja|Greninja, F|286\/286
|-damage|p1a: Greninja|251\/286|[from] Spikes
|move|p2a: Tengoku|Knock Off|p1a: Greninja
|-crit|p1a: Greninja
|-resisted|p1a: Greninja
|-damage|p1a: Greninja|133\/286
|-enditem|p1a: Greninja|Life Orb|[from] move: Knock Off|[of] p2a: Tengoku
|
|-heal|p2a: Tengoku|353\/382|[from] item: Leftovers
|turn|13
|
|move|p1a: Greninja|Spikes|p2a: Tengoku
|-start|p1a: Greninja|typechange|Ground|[from] Protean
|-sidestart|p2: Lind_U.|Spikes
|move|p2a: Tengoku|Stealth Rock|p1a: Greninja
|-sidestart|p1: KratosSnake|move: Stealth Rock
|
|-heal|p2a: Tengoku|376\/382|[from] item: Leftovers
|-sideend|p2: Lind_U.|move: Light Screen
|turn|14
|
|switch|p2a: Takemikazuchi|Rotom-Wash, shiny|200\/304
|-damage|p2a: Takemikazuchi|162\/304|[from] Stealth Rock
|move|p1a: Greninja|Grass Knot|p2a: Takemikazuchi
|-start|p1a: Greninja|typechange|Grass|[from] Protean
|-supereffective|p2a: Takemikazuchi
|-damage|p2a: Takemikazuchi|100\/304
|
|-heal|p2a: Takemikazuchi|119\/304|[from] item: Leftovers
|turn|15
|
|switch|p1a: Manectric|Manectric-Mega, M|246\/281
|-damage|p1a: Manectric|211\/281|[from] Stealth Rock
|-damage|p1a: Manectric|176\/281|[from] Spikes
|-ability|p1a: Manectric|Intimidate|[of] p2a: Takemikazuchi
|-unboost|p2a: Takemikazuchi|atk|1
|move|p2a: Takemikazuchi|Pain Split|p1a: Manectric
|-sethp|p1a: Manectric|147\/281|p2a: Takemikazuchi|147\/304|[from] move: Pain Split
|
|-heal|p2a: Takemikazuchi|166\/304|[from] item: Leftovers
|turn|16
|
|move|p1a: Manectric|Thunderbolt|p2a: Takemikazuchi
|-damage|p2a: Takemikazuchi|13\/304
|move|p2a: Takemikazuchi|Volt Switch|p1a: Manectric
|-resisted|p1a: Manectric
|-damage|p1a: Manectric|95\/281
|
|switch|p2a: Freyja|Venusaur, F|359\/359
|-damage|p2a: Freyja|315\/359|[from] Spikes
|-damage|p2a: Freyja|271\/359|[from] Stealth Rock
|
|turn|17
|
|detailschange|p2a: Freyja|Venusaur-Mega, F
|message|Venusaur has Mega Evolved into Mega Venusaur!
|move|p1a: Manectric|Volt Switch|p2a: Freyja
|-resisted|p2a: Freyja
|-damage|p2a: Freyja|220\/359
|
|switch|p1a: Gothitelle|Gothitelle, F|165\/287
|-damage|p1a: Gothitelle|130\/287|[from] Stealth Rock
|-damage|p1a: Gothitelle|95\/287|[from] Spikes
|move|p2a: Freyja|Giga Drain|p1a: Gothitelle
|-crit|p1a: Gothitelle
|-damage|p1a: Gothitelle|0 fnt
|-heal|p2a: Freyja|268\/359|[from] drain|[of] p1a: Gothitelle
|faint|p1a: Gothitelle
|
|-message|KratosSnake forfeited.
|
|win|Lind_U.
|raw|Ladder updating...
|leave|KratosSnake
|player|p1
|raw|KratosSnake's rating: 1723 &rarr; <strong>1702<\/strong><br \/>(-21 for losing)
|raw|Lind_U.'s rating: 1715 &rarr; <strong>1735<\/strong><br \/>(+20 for winning)