|join|SunnyR
|join|KratosSnake
|player|p1|SunnyR|266
|player|p2|KratosSnake|159
|gametype|singles
|gen|6
|tier|OU
|rated
|clearpoke
|poke|p1|Celebi
|poke|p1|Tyranitar, F
|poke|p1|Kyurem-Black
|poke|p1|Scizor, M
|poke|p1|Keldeo-Resolute
|poke|p1|Landorus-Therian, M
|poke|p2|Breloom, M
|poke|p2|Gothitelle, M
|poke|p2|Gyarados, F, shiny
|poke|p2|Landorus, M
|poke|p2|Thundurus, M
|poke|p2|Tyranitar, F
|rule|Swagger Clause: Swagger is banned
|rule|Baton Pass Clause: Limit one PokÃ©mon knowing Baton Pass
|rule|Sleep Clause Mod: Limit one foe put to sleep
|rule|Species Clause: Limit one of each PokÃ©mon
|rule|OHKO Clause: OHKO moves are banned
|rule|Moody Clause: Moody is banned
|rule|Evasion Moves Clause: Evasion moves are banned
|rule|Endless Battle Clause: Forcing endless battles is banned
|rule|HP Percentage Mod: HP is shown in percentages
|teampreview
|join|LT8A jake5
|
|start
|switch|p1a: Landorus-Therian|Landorus-Therian, M|369\/369
|switch|p2a: Breloom|Breloom, M|261\/261
|-ability|p1a: Landorus-Therian|Intimidate|[of] p2a: Breloom
|-unboost|p2a: Breloom|atk|1
|turn|1
|
|switch|p2a: Landorus|Landorus, M|319\/319
|switch|p1a: Celebi|Celebi|404\/404
|
|turn|2
|
|move|p2a: Landorus|Stealth Rock|p1a: Celebi
|-sidestart|p1: SunnyR|move: Stealth Rock
|move|p1a: Celebi|Baton Pass|p1a: Celebi
|
|switch|p1a: Scizor|Scizor, M|343\/343
|-damage|p1a: Scizor|301\/343|[from] Stealth Rock
|
|turn|3
|c| LT8A jake5|wut
|
|detailschange|p1a: Scizor|Scizor-Mega, M
|message|Scizor has Mega Evolved into Mega Scizor!
|move|p2a: Landorus|Psychic|p1a: Scizor
|-resisted|p1a: Scizor
|-damage|p1a: Scizor|228\/343
|move|p1a: Scizor|Defog|p2a: Landorus
|-unboost|p2a: Landorus|evasion|1
|-sideend|p1: SunnyR|Stealth Rock|[from] move: Defog|[of] p1a: Scizor
|
|turn|4
|c| LT8A jake5|you'll probs switch back to celebi though lol
|c| LT8A jake5|nor not
|c| LT8A jake5|*or not
|c| LT8A jake5|don't temme thats spdef zor too -.-
|
|switch|p1a: Celebi|Celebi|404\/404
|move|p2a: Landorus|Stealth Rock|p1a: Celebi
|-sidestart|p1: SunnyR|move: Stealth Rock
|
|turn|5
|c|âSunnyR|yes
|
|move|p2a: Landorus|Sludge Wave|p1a: Celebi
|-supereffective|p1a: Celebi
|-damage|p1a: Celebi|131\/404
|move|p1a: Celebi|Baton Pass|p1a: Celebi
|c| LT8A jake5|zzzzzzzz
|c| LT8A jake5|damage
|
|switch|p1a: Keldeo-Resolute|Keldeo-Resolute|323\/323
|-damage|p1a: Keldeo-Resolute|303\/323|[from] Stealth Rock
|
|turn|6
|c|âSunnyR|:x
|c| LT8A jake5|lol he got nothing for keldeo
|c| LT8A jake5|ironic
|c| LT8A jake5|since its litearlyl everwhere
|c|âSunnyR|yeah
|c|âSunnyR|just scald away I guess
|
|switch|p2a: Gothitelle|Gothitelle, M|301\/301
|move|p1a: Keldeo-Resolute|Scald|p2a: Gothitelle
|-damage|p2a: Gothitelle|91\/301
|
|turn|7
|c| LT8A jake5|ikr
|c| LT8A jake5|hmm
|
|move|p2a: Gothitelle|Psychic|p1a: Keldeo-Resolute
|-supereffective|p1a: Keldeo-Resolute
|-damage|p1a: Keldeo-Resolute|7\/323
|move|p1a: Keldeo-Resolute|Scald|p2a: Gothitelle
|-damage|p2a: Gothitelle|0 fnt
|faint|p2a: Gothitelle
|
|c|âSunnyR|;-;
|c| LT8A jake5|the live is real
|c|âSunnyR|wat
|c| LT8A jake5|i guess goth is his only check
|c|âSunnyR|scarf gothielle
|c|âSunnyR|halp
|c| LT8A jake5|thats standard nowadays
|c|âSunnyR|eh fair enough
|
|switch|p2a: Breloom|Breloom, M|261\/261
|turn|8
|
|move|p2a: Breloom|Mach Punch|p1a: Keldeo-Resolute
|-crit|p1a: Keldeo-Resolute
|-damage|p1a: Keldeo-Resolute|0 fnt
|faint|p1a: Keldeo-Resolute
|
|
|switch|p1a: Celebi|Celebi|131\/404
|-damage|p1a: Celebi|81\/404|[from] Stealth Rock
|turn|9
|
|switch|p2a: Tyranitar|Tyranitar, F|342\/342
|-weather|Sandstorm
|move|p1a: Celebi|Recover|p1a: Celebi
|-heal|p1a: Celebi|283\/404
|
|-weather|Sandstorm|[upkeep]
|-damage|p1a: Celebi|258\/404|[from] sandstorm
|-heal|p1a: Celebi|283\/404|[from] item: Leftovers
|turn|10
|
|move|p2a: Tyranitar|Crunch|p1a: Celebi
|-supereffective|p1a: Celebi
|-damage|p1a: Celebi|0 fnt
|faint|p1a: Celebi
|
|-weather|Sandstorm|[upkeep]
|c|âSunnyR|;-;
|
|switch|p1a: Landorus-Therian|Landorus-Therian, M|369\/369
|-damage|p1a: Landorus-Therian|323\/369|[from] Stealth Rock
|-ability|p1a: Landorus-Therian|Intimidate|[of] p2a: Tyranitar
|-unboost|p2a: Tyranitar|atk|1
|turn|11
|
|switch|p2a: Breloom|Breloom, M|261\/261
|move|p1a: Landorus-Therian|Stone Edge|p2a: Breloom|[miss]
|-miss|p1a: Landorus-Therian|p2a: Breloom
|
|-weather|Sandstorm|[upkeep]
|-damage|p2a: Breloom|245\/261|[from] sandstorm
|-heal|p1a: Landorus-Therian|346\/369|[from] item: Leftovers
|turn|12
|c|âSunnyR|lol
|
|move|p2a: Breloom|Spore|p1a: Landorus-Therian
|-status|p1a: Landorus-Therian|slp
|cant|p1a: Landorus-Therian|slp
|
|-weather|Sandstorm|[upkeep]
|-damage|p2a: Breloom|229\/261|[from] sandstorm
|-heal|p1a: Landorus-Therian|369\/369 slp|[from] item: Leftovers
|turn|13
|
|move|p2a: Breloom|Bullet Seed|p1a: Landorus-Therian
|-crit|p1a: Landorus-Therian
|-damage|p1a: Landorus-Therian|293\/369 slp
|-damage|p1a: Landorus-Therian|233\/369 slp
|-hitcount|p1a: Landorus-Therian|2
|cant|p1a: Landorus-Therian|slp
|
|-weather|none
|-heal|p1a: Landorus-Therian|256\/369 slp|[from] item: Leftovers
|turn|14
|
|move|p2a: Breloom|Bullet Seed|p1a: Landorus-Therian
|-damage|p1a: Landorus-Therian|196\/369 slp
|-damage|p1a: Landorus-Therian|138\/369 slp
|-hitcount|p1a: Landorus-Therian|2
|-curestatus|p1a: Landorus-Therian|slp
|move|p1a: Landorus-Therian|Stealth Rock|p2a: Breloom
|-sidestart|p2: KratosSnake|move: Stealth Rock
|
|-heal|p1a: Landorus-Therian|161\/369|[from] item: Leftovers
|turn|15
|
|move|p2a: Breloom|Spore|p1a: Landorus-Therian
|-status|p1a: Landorus-Therian|slp
|cant|p1a: Landorus-Therian|slp
|
|-heal|p1a: Landorus-Therian|184\/369 slp|[from] item: Leftovers
|turn|16
|
|move|p2a: Breloom|Rock Tomb|p1a: Landorus-Therian
|-damage|p1a: Landorus-Therian|99\/369 slp
|-unboost|p1a: Landorus-Therian|spe|1
|cant|p1a: Landorus-Therian|slp
|
|-heal|p1a: Landorus-Therian|122\/369 slp|[from] item: Leftovers
|turn|17
|
|switch|p1a: Scizor|Scizor-Mega, M|228\/343
|-damage|p1a: Scizor|186\/343|[from] Stealth Rock
|move|p2a: Breloom|Bullet Seed|p1a: Scizor
|-resisted|p1a: Scizor
|-damage|p1a: Scizor|174\/343
|-resisted|p1a: Scizor
|-damage|p1a: Scizor|163\/343
|-hitcount|p1a: Scizor|2
|
|turn|18
|
|switch|p2a: Gyarados|Gyarados, F, shiny|331\/331
|-damage|p2a: Gyarados|249\/331|[from] Stealth Rock
|-ability|p2a: Gyarados|Intimidate|[of] p1a: Scizor
|-unboost|p1a: Scizor|atk|1
|move|p1a: Scizor|Roost|p1a: Scizor
|-heal|p1a: Scizor|335\/343
|
|turn|19
|
|move|p2a: Gyarados|Dragon Dance|p2a: Gyarados
|-boost|p2a: Gyarados|atk|1
|-boost|p2a: Gyarados|spe|1
|move|p1a: Scizor|U-turn|p2a: Gyarados
|-crit|p2a: Gyarados
|-resisted|p2a: Gyarados
|-damage|p2a: Gyarados|132\/331
|
|switch|p1a: Landorus-Therian|Landorus-Therian, M|122\/369 slp
|-damage|p1a: Landorus-Therian|76\/369 slp|[from] Stealth Rock
|-ability|p1a: Landorus-Therian|Intimidate|[of] p2a: Gyarados
|-unboost|p2a: Gyarados|atk|1
|
|-heal|p1a: Landorus-Therian|99\/369 slp|[from] item: Leftovers
|turn|20
|c| LT8A jake5|hmmmmmmm
|
|switch|p1a: Scizor|Scizor-Mega, M|335\/343
|-damage|p1a: Scizor|293\/343|[from] Stealth Rock
|detailschange|p2a: Gyarados|Gyarados-Mega, F, shiny
|message|Gyarados has Mega Evolved into Mega Gyarados!
|-ability|p2a: Gyarados|Mold Breaker
|move|p2a: Gyarados|Dragon Dance|p2a: Gyarados
|-boost|p2a: Gyarados|atk|1
|-boost|p2a: Gyarados|spe|1
|
|turn|21
|
|move|p2a: Gyarados|Waterfall|p1a: Scizor
|-damage|p1a: Scizor|118\/343
|move|p1a: Scizor|U-turn|p2a: Gyarados
|-supereffective|p2a: Gyarados
|-damage|p2a: Gyarados|0 fnt
|faint|p2a: Gyarados
|c| LT8A jake5|i doubt it'llo hko
|c| LT8A jake5|since your probs phy def
|c| LT8A jake5|called it
|c|âSunnyR|yea
|c| LT8A jake5|if he got the flinch
|c|âSunnyR|:x
|c| LT8A jake5|you might've got swept
|c| LT8A jake5|although i guess k
|
|switch|p1a: Landorus-Therian|Landorus-Therian, M|99\/369 slp
|-damage|p1a: Landorus-Therian|53\/369 slp|[from] Stealth Rock
|
|-heal|p1a: Landorus-Therian|76\/369 slp|[from] item: Leftovers
|c| LT8A jake5|k-b can take an eq
|c| LT8A jake5|or maybe not
|
|switch|p2a: Landorus|Landorus, M|319\/319
|-damage|p2a: Landorus|280\/319|[from] Stealth Rock
|turn|22
|
|move|p2a: Landorus|Psychic|p1a: Landorus-Therian
|-damage|p1a: Landorus-Therian|0 fnt
|faint|p1a: Landorus-Therian
|
|
|switch|p1a: Kyurem-Black|Kyurem-Black|453\/453
|-damage|p1a: Kyurem-Black|340\/453|[from] Stealth Rock
|-ability|p1a: Kyurem-Black|Teravolt
|turn|23
|c| LT8A jake5|you've got like 5 bulky mons
|c| LT8A jake5|and one offensive mon lol
|c|âSunnyR|eh experimental
|c|âSunnyR|:x
|
|move|p2a: Landorus|Earth Power|p1a: Kyurem-Black
|-damage|p1a: Kyurem-Black|200\/453
|move|p1a: Kyurem-Black|Ice Beam|p2a: Landorus
|-supereffective|p2a: Landorus
|-damage|p2a: Landorus|0 fnt
|faint|p2a: Landorus
|
|c| LT8A jake5|eating it up
|
|switch|p2a: Breloom|Breloom, M|229\/261
|-damage|p2a: Breloom|213\/261|[from] Stealth Rock
|turn|24
|c| LT8A jake5|that liteally did nothing
|
|move|p2a: Breloom|Mach Punch|p1a: Kyurem-Black
|-supereffective|p1a: Kyurem-Black
|-damage|p1a: Kyurem-Black|0 fnt
|faint|p1a: Kyurem-Black
|
|c|âSunnyR|I still lose tho
|
|switch|p1a: Scizor|Scizor-Mega, M|118\/343
|-damage|p1a: Scizor|76\/343|[from] Stealth Rock
|turn|25
|c| LT8A jake5|hmm yeah probs
|
|move|p1a: Scizor|Bullet Punch|p2a: Breloom
|-damage|p2a: Breloom|87\/261
|move|p2a: Breloom|Spore|p1a: Scizor
|-status|p1a: Scizor|slp
|
|turn|26
|c| LT8A jake5|since your zor is weakned
|c|âSunnyR|yea
|
|move|p2a: Breloom|Mach Punch|p1a: Scizor
|-damage|p1a: Scizor|9\/343 slp
|cant|p1a: Scizor|slp
|
|turn|27
|
|move|p2a: Breloom|Mach Punch|p1a: Scizor
|-crit|p1a: Scizor
|-damage|p1a: Scizor|0 fnt
|faint|p1a: Scizor
|
|
|switch|p1a: Tyranitar|Tyranitar, F|341\/341
|-damage|p1a: Tyranitar|299\/341|[from] Stealth Rock
|-weather|Sandstorm
|turn|28
|
|move|p1a: Tyranitar|Ice Beam|p2a: Breloom
|-supereffective|p2a: Breloom
|-damage|p2a: Breloom|0 fnt
|faint|p2a: Breloom
|
|-weather|Sandstorm|[upkeep]
|c|âSunnyR|wat
|c|âSunnyR|:\/
|
|switch|p2a: Thundurus|Thundurus, M|299\/299
|-damage|p2a: Thundurus|225\/299|[from] Stealth Rock
|turn|29
|c| LT8A jake5|wut
|c| LT8A jake5|why didn't he mach you
|
|move|p2a: Thundurus|Thunder Wave|p1a: Tyranitar
|-status|p1a: Tyranitar|par
|cant|p1a: Tyranitar|par
|
|-weather|Sandstorm|[upkeep]
|-damage|p2a: Thundurus|207\/299|[from] sandstorm
|-heal|p2a: Thundurus|225\/299|[from] item: Leftovers
|turn|30
|c|âSunnyR|yea
|c| LT8A jake5|reveal da superpower
|c|âSunnyR|exactly
|c| LT8A jake5|hax
|
|move|p2a: Thundurus|Thunderbolt|p1a: Tyranitar
|-damage|p1a: Tyranitar|193\/341 par
|cant|p1a: Tyranitar|par
|
|-weather|Sandstorm|[upkeep]
|-damage|p2a: Thundurus|207\/299|[from] sandstorm
|-heal|p2a: Thundurus|225\/299|[from] item: Leftovers
|turn|31
|c|âSunnyR|weird play bro
|c|âSunnyR|weird play
|
|move|p2a: Thundurus|Thunderbolt|p1a: Tyranitar
|-damage|p1a: Tyranitar|97\/341 par
|move|p1a: Tyranitar|Ice Beam|p2a: Thundurus
|-supereffective|p2a: Thundurus
|-damage|p2a: Thundurus|37\/299
|
|-weather|Sandstorm|[upkeep]
|-damage|p2a: Thundurus|19\/299|[from] sandstorm
|-heal|p2a: Thundurus|37\/299|[from] item: Leftovers
|turn|32
|c|âSunnyR|but to each his own
|
|move|p2a: Thundurus|Thunderbolt|p1a: Tyranitar
|-damage|p1a: Tyranitar|0 fnt
|faint|p1a: Tyranitar
|
|win|KratosSnake
|raw|Ladder updating...
|c|âSunnyR|gg
|raw|SunnyR's rating: 1842 &rarr; <strong>1824<\/strong><br \/>(-18 for losing)
|raw|KratosSnake's rating: 1862 &rarr; <strong>1881<\/strong><br \/>(+19 for winning)