|join|KratosSnake
|join|Dukekk
|player|p1|KratosSnake|159
|player|p2|Dukekk|209
|gametype|singles
|gen|6
|tier|OU
|rated
|clearpoke
|poke|p1|Greninja, M, shiny
|poke|p1|Heatran, F
|poke|p1|Landorus-Therian, M
|poke|p1|Venusaur, M
|poke|p1|Raikou
|poke|p1|Mew
|poke|p2|Venusaur, M
|poke|p2|Rotom-Wash
|poke|p2|Gothitelle, F
|poke|p2|Tyranitar, F
|poke|p2|Excadrill, M
|poke|p2|Sylveon, M
|rule|Swagger Clause: Swagger is banned
|rule|Baton Pass Clause: Limit one PokÃ©mon knowing Baton Pass
|rule|Sleep Clause Mod: Limit one foe put to sleep
|rule|Species Clause: Limit one of each PokÃ©mon
|rule|OHKO Clause: OHKO moves are banned
|rule|Moody Clause: Moody is banned
|rule|Evasion Moves Clause: Evasion moves are banned
|rule|Endless Battle Clause: Forcing endless battles is banned
|rule|HP Percentage Mod: HP is shown in percentages
|teampreview
|
|start
|switch|p1a: Venusaur|Venusaur, M|364\/364
|switch|p2a: Rotom-Wash|Rotom-Wash|304\/304
|turn|1
|
|detailschange|p1a: Venusaur|Venusaur-Mega, M
|message|Venusaur has Mega Evolved into Mega Venusaur!
|move|p2a: Rotom-Wash|Volt Switch|p1a: Venusaur
|-resisted|p1a: Venusaur
|-damage|p1a: Venusaur|328\/364
|
|switch|p2a: Venusaur|Venusaur, M|364\/364
|move|p1a: Venusaur|Giga Drain|p2a: Venusaur
|-resisted|p2a: Venusaur
|-damage|p2a: Venusaur|341\/364
|-heal|p1a: Venusaur|340\/364|[from] drain|[of] p2a: Venusaur
|
|turn|2
|
|switch|p1a: Heatran|Heatran, F|385\/385
|detailschange|p2a: Venusaur|Venusaur-Mega, M
|message|Venusaur has Mega Evolved into Mega Venusaur!
|move|p2a: Venusaur|Sludge Bomb|p1a: Heatran
|-immune|p1a: Heatran|[msg]
|
|turn|3
|
|switch|p2a: Tyranitar|Tyranitar, F|404\/404
|-weather|Sandstorm
|move|p1a: Heatran|Toxic|p2a: Tyranitar
|-status|p2a: Tyranitar|tox
|
|-weather|Sandstorm|[upkeep]
|-damage|p2a: Tyranitar|379\/404 tox|[from] psn
|turn|4
|
|move|p1a: Heatran|Stealth Rock|p2a: Tyranitar
|-sidestart|p2: Dukekk|move: Stealth Rock
|move|p2a: Tyranitar|Stealth Rock|p1a: Heatran
|-sidestart|p1: KratosSnake|move: Stealth Rock
|
|-weather|Sandstorm|[upkeep]
|-damage|p2a: Tyranitar|329\/404 tox|[from] psn
|turn|5
|
|switch|p1a: Venusaur|Venusaur-Mega, M|340\/364
|-damage|p1a: Venusaur|295\/364|[from] Stealth Rock
|switch|p2a: Rotom-Wash|Rotom-Wash|304\/304
|-damage|p2a: Rotom-Wash|266\/304|[from] Stealth Rock
|
|-weather|Sandstorm|[upkeep]
|-damage|p2a: Rotom-Wash|247\/304|[from] sandstorm
|-damage|p1a: Venusaur|273\/364|[from] sandstorm
|-heal|p2a: Rotom-Wash|266\/304|[from] item: Leftovers
|turn|6
|
|move|p2a: Rotom-Wash|Volt Switch|p1a: Venusaur
|-resisted|p1a: Venusaur
|-damage|p1a: Venusaur|240\/364
|
|switch|p2a: Gothitelle|Gothitelle, F|301\/301
|-damage|p2a: Gothitelle|264\/301|[from] Stealth Rock
|move|p1a: Venusaur|Synthesis|p1a: Venusaur
|-heal|p1a: Venusaur|331\/364
|
|-weather|Sandstorm|[upkeep]
|-damage|p2a: Gothitelle|246\/301|[from] sandstorm
|-damage|p1a: Venusaur|309\/364|[from] sandstorm
|turn|7
|
|move|p2a: Gothitelle|Psychic|p1a: Venusaur
|-crit|p1a: Venusaur
|-supereffective|p1a: Venusaur
|-damage|p1a: Venusaur|0 fnt
|faint|p1a: Venusaur
|
|-weather|Sandstorm|[upkeep]
|-damage|p2a: Gothitelle|228\/301|[from] sandstorm
|
|switch|p1a: Greninja|Greninja, M, shiny|285\/285
|-damage|p1a: Greninja|250\/285|[from] Stealth Rock
|turn|8
|
|switch|p2a: Sylveon|Sylveon, M|394\/394
|-damage|p2a: Sylveon|345\/394|[from] Stealth Rock
|move|p1a: Greninja|Hydro Pump|p2a: Sylveon
|-start|p1a: Greninja|typechange|Water|[from] Protean
|-damage|p2a: Sylveon|216\/394
|-damage|p1a: Greninja|222\/285|[from] item: Life Orb
|
|-weather|Sandstorm|[upkeep]
|-damage|p1a: Greninja|205\/285|[from] sandstorm
|-damage|p2a: Sylveon|192\/394|[from] sandstorm
|-heal|p2a: Sylveon|216\/394|[from] item: Leftovers
|turn|9
|
|switch|p1a: Mew|Mew|404\/404
|-damage|p1a: Mew|354\/404|[from] Stealth Rock
|move|p2a: Sylveon|Wish|p2a: Sylveon
|
|-weather|Sandstorm|[upkeep]
|-damage|p1a: Mew|329\/404|[from] sandstorm
|-damage|p2a: Sylveon|192\/394|[from] sandstorm
|-heal|p1a: Mew|354\/404|[from] item: Leftovers
|-heal|p2a: Sylveon|216\/394|[from] item: Leftovers
|turn|10
|
|move|p2a: Sylveon|Protect|p2a: Sylveon
|-singleturn|p2a: Sylveon|Protect
|move|p1a: Mew|Taunt|p2a: Sylveon
|-activate|p2a: Sylveon|Protect
|
|-weather|none
|-heal|p2a: Sylveon|394\/394|[from] move: Wish|[wisher] Sylveon
|-heal|p1a: Mew|379\/404|[from] item: Leftovers
|turn|11
|
|switch|p2a: Tyranitar|Tyranitar, F|329\/404 tox
|-damage|p2a: Tyranitar|279\/404 tox|[from] Stealth Rock
|-weather|Sandstorm
|move|p1a: Mew|Knock Off|p2a: Tyranitar
|-resisted|p2a: Tyranitar
|-damage|p2a: Tyranitar|243\/404 tox
|-enditem|p2a: Tyranitar|Smooth Rock|[from] move: Knock Off|[of] p1a: Mew
|
|-weather|Sandstorm|[upkeep]
|-damage|p1a: Mew|354\/404|[from] sandstorm
|-heal|p1a: Mew|379\/404|[from] item: Leftovers
|-damage|p2a: Tyranitar|218\/404 tox|[from] psn
|turn|12
|
|move|p2a: Tyranitar|Pursuit|p1a: Mew|[from]Pursuit
|-supereffective|p1a: Mew
|-damage|p1a: Mew|163\/404
|switch|p1a: Landorus-Therian|Landorus-Therian, M|330\/330
|-damage|p1a: Landorus-Therian|289\/330|[from] Stealth Rock
|-ability|p1a: Landorus-Therian|Intimidate|[of] p2a: Tyranitar
|-unboost|p2a: Tyranitar|atk|1
|
|-weather|Sandstorm|[upkeep]
|-damage|p2a: Tyranitar|168\/404 tox|[from] psn
|turn|13
|
|switch|p2a: Rotom-Wash|Rotom-Wash|266\/304
|-damage|p2a: Rotom-Wash|228\/304|[from] Stealth Rock
|move|p1a: Landorus-Therian|U-turn|p2a: Rotom-Wash
|-damage|p2a: Rotom-Wash|160\/304
|
|switch|p1a: Greninja|Greninja, M, shiny|205\/285
|-damage|p1a: Greninja|170\/285|[from] Stealth Rock
|
|-weather|Sandstorm|[upkeep]
|-damage|p1a: Greninja|153\/285|[from] sandstorm
|-damage|p2a: Rotom-Wash|141\/304|[from] sandstorm
|-heal|p2a: Rotom-Wash|160\/304|[from] item: Leftovers
|turn|14
|
|switch|p2a: Sylveon|Sylveon, M|394\/394
|-damage|p2a: Sylveon|345\/394|[from] Stealth Rock
|move|p1a: Greninja|Dark Pulse|p2a: Sylveon
|-start|p1a: Greninja|typechange|Dark|[from] Protean
|-crit|p2a: Sylveon
|-resisted|p2a: Sylveon
|-damage|p2a: Sylveon|271\/394
|-damage|p1a: Greninja|125\/285|[from] item: Life Orb
|
|-weather|Sandstorm|[upkeep]
|-damage|p1a: Greninja|108\/285|[from] sandstorm
|-damage|p2a: Sylveon|247\/394|[from] sandstorm
|-heal|p2a: Sylveon|271\/394|[from] item: Leftovers
|turn|15
|
|switch|p1a: Mew|Mew|163\/404
|-damage|p1a: Mew|113\/404|[from] Stealth Rock
|move|p2a: Sylveon|Wish|p2a: Sylveon
|
|-weather|Sandstorm|[upkeep]
|-damage|p1a: Mew|88\/404|[from] sandstorm
|-damage|p2a: Sylveon|247\/394|[from] sandstorm
|-heal|p1a: Mew|113\/404|[from] item: Leftovers
|-heal|p2a: Sylveon|271\/394|[from] item: Leftovers
|turn|16
|
|switch|p2a: Gothitelle|Gothitelle, F|228\/301
|-damage|p2a: Gothitelle|191\/301|[from] Stealth Rock
|move|p1a: Mew|Soft-Boiled|p1a: Mew
|-heal|p1a: Mew|315\/404
|
|-weather|Sandstorm|[upkeep]
|-damage|p2a: Gothitelle|173\/301|[from] sandstorm
|-damage|p1a: Mew|290\/404|[from] sandstorm
|-heal|p2a: Gothitelle|301\/301|[from] move: Wish|[wisher] Sylveon
|-heal|p1a: Mew|315\/404|[from] item: Leftovers
|turn|17
|
|move|p2a: Gothitelle|Trick|p1a: Mew
|-activate|p2a: Gothitelle|move: Trick|[of] p1a: Mew
|-item|p1a: Mew|Choice Scarf|[from] move: Trick
|-item|p2a: Gothitelle|Leftovers|[from] move: Trick
|move|p1a: Mew|Knock Off|p2a: Gothitelle
|-supereffective|p2a: Gothitelle
|-damage|p2a: Gothitelle|145\/301
|-enditem|p2a: Gothitelle|Leftovers|[from] move: Knock Off|[of] p1a: Mew
|
|-weather|Sandstorm|[upkeep]
|-damage|p1a: Mew|290\/404|[from] sandstorm
|-damage|p2a: Gothitelle|127\/301|[from] sandstorm
|turn|18
|
|switch|p2a: Venusaur|Venusaur-Mega, M|341\/364
|-damage|p2a: Venusaur|296\/364|[from] Stealth Rock
|move|p1a: Mew|Knock Off|p2a: Venusaur
|-damage|p2a: Venusaur|262\/364
|
|-weather|none
|turn|19
|
|switch|p1a: Heatran|Heatran, F|385\/385
|-damage|p1a: Heatran|337\/385|[from] Stealth Rock
|move|p2a: Venusaur|Leech Seed|p1a: Heatran
|-start|p1a: Heatran|move: Leech Seed
|
|-heal|p1a: Heatran|361\/385|[from] item: Leftovers
|-damage|p1a: Heatran|313\/385|[from] Leech Seed|[of] p2a: Venusaur
|-heal|p2a: Venusaur|310\/364|[silent]
|turn|20
|
|switch|p2a: Rotom-Wash|Rotom-Wash|160\/304
|-damage|p2a: Rotom-Wash|122\/304|[from] Stealth Rock
|move|p1a: Heatran|Toxic|p2a: Rotom-Wash
|-status|p2a: Rotom-Wash|tox
|
|-heal|p2a: Rotom-Wash|141\/304 tox|[from] item: Leftovers
|-heal|p1a: Heatran|337\/385|[from] item: Leftovers
|-damage|p1a: Heatran|289\/385|[from] Leech Seed|[of] p2a: Rotom-Wash
|-heal|p2a: Rotom-Wash|189\/304 tox|[silent]
|-damage|p2a: Rotom-Wash|170\/304 tox|[from] psn
|turn|21
|
|switch|p1a: Mew|Mew|290\/404
|-damage|p1a: Mew|240\/404|[from] Stealth Rock
|move|p2a: Rotom-Wash|Volt Switch|p1a: Mew
|-damage|p1a: Mew|150\/404
|
|switch|p2a: Sylveon|Sylveon, M|271\/394
|-damage|p2a: Sylveon|222\/394|[from] Stealth Rock
|
|-heal|p2a: Sylveon|246\/394|[from] item: Leftovers
|turn|22
|
|move|p1a: Mew|Taunt|p2a: Sylveon
|-start|p2a: Sylveon|move: Taunt
|cant|p2a: Sylveon|move: Taunt|Heal Bell
|
|-heal|p2a: Sylveon|270\/394|[from] item: Leftovers
|turn|23
|
|switch|p1a: Raikou|Raikou|321\/321
|-damage|p1a: Raikou|281\/321|[from] Stealth Rock
|-ability|p1a: Raikou|Pressure
|move|p2a: Sylveon|Hyper Voice|p1a: Raikou
|-damage|p1a: Raikou|182\/321
|
|-heal|p2a: Sylveon|294\/394|[from] item: Leftovers
|turn|24
|
|move|p1a: Raikou|Volt Switch|p2a: Sylveon
|-damage|p2a: Sylveon|219\/394
|
|switch|p1a: Heatran|Heatran, F|289\/385
|-damage|p1a: Heatran|241\/385|[from] Stealth Rock
|move|p2a: Sylveon|Hyper Voice|p1a: Heatran
|-resisted|p1a: Heatran
|-damage|p1a: Heatran|216\/385
|
|-heal|p1a: Heatran|240\/385|[from] item: Leftovers
|-heal|p2a: Sylveon|243\/394|[from] item: Leftovers
|-end|p2a: Sylveon|move: Taunt
|turn|25
|
|move|p1a: Heatran|Toxic|p2a: Sylveon
|-status|p2a: Sylveon|tox
|move|p2a: Sylveon|Wish|p2a: Sylveon
|
|-heal|p1a: Heatran|264\/385|[from] item: Leftovers
|-heal|p2a: Sylveon|267\/394 tox|[from] item: Leftovers
|-damage|p2a: Sylveon|243\/394 tox|[from] psn
|turn|26
|
|move|p1a: Heatran|Toxic|p2a: Sylveon
|-fail|p2a: Sylveon|tox
|move|p2a: Sylveon|Heal Bell|p2a: Sylveon
|-cureteam|p2a: Sylveon|[from] move: HealBell
|
|-heal|p2a: Sylveon|394\/394|[from] move: Wish|[wisher] Sylveon
|-heal|p1a: Heatran|288\/385|[from] item: Leftovers
|turn|27
|
|switch|p2a: Gothitelle|Gothitelle, F|127\/301
|-damage|p2a: Gothitelle|90\/301|[from] Stealth Rock
|move|p1a: Heatran|Toxic|p2a: Gothitelle
|-status|p2a: Gothitelle|tox
|
|-heal|p1a: Heatran|312\/385|[from] item: Leftovers
|-damage|p2a: Gothitelle|72\/301 tox|[from] psn
|turn|28
|
|move|p1a: Heatran|Protect|p1a: Heatran
|-singleturn|p1a: Heatran|Protect
|move|p2a: Gothitelle|Trick|p1a: Heatran
|-activate|p1a: Heatran|Protect
|
|-heal|p1a: Heatran|336\/385|[from] item: Leftovers
|-damage|p2a: Gothitelle|36\/301 tox|[from] psn
|turn|29
|
|move|p1a: Heatran|Protect|p1a: Heatran
|-singleturn|p1a: Heatran|Protect
|move|p2a: Gothitelle|Trick|p1a: Heatran
|-activate|p1a: Heatran|Protect
|
|-heal|p1a: Heatran|360\/385|[from] item: Leftovers
|-damage|p2a: Gothitelle|0 fnt|[from] psn
|faint|p2a: Gothitelle
|
|switch|p2a: Rotom-Wash|Rotom-Wash|170\/304
|-damage|p2a: Rotom-Wash|132\/304|[from] Stealth Rock
|turn|30
|
|switch|p1a: Mew|Mew|150\/404
|-damage|p1a: Mew|100\/404|[from] Stealth Rock
|move|p2a: Rotom-Wash|Volt Switch|p1a: Mew
|-damage|p1a: Mew|16\/404
|
|switch|p2a: Excadrill|Excadrill, M|424\/424
|-damage|p2a: Excadrill|411\/424|[from] Stealth Rock
|-item|p2a: Excadrill|Air Balloon
|
|turn|31
|
|switch|p2a: Tyranitar|Tyranitar, F|168\/404
|-damage|p2a: Tyranitar|118\/404|[from] Stealth Rock
|-weather|Sandstorm
|move|p1a: Mew|Will-O-Wisp|p2a: Tyranitar
|-status|p2a: Tyranitar|brn
|
|-weather|Sandstorm|[upkeep]
|-damage|p1a: Mew|0 fnt|[from] sandstorm
|-damage|p2a: Tyranitar|68\/404 brn|[from] brn
|faint|p1a: Mew
|
|switch|p1a: Landorus-Therian|Landorus-Therian, M|289\/330
|-damage|p1a: Landorus-Therian|248\/330|[from] Stealth Rock
|-ability|p1a: Landorus-Therian|Intimidate|[of] p2a: Tyranitar
|-unboost|p2a: Tyranitar|atk|1
|turn|32
|
|move|p1a: Landorus-Therian|U-turn|p2a: Tyranitar
|-supereffective|p2a: Tyranitar
|-damage|p2a: Tyranitar|0 fnt
|faint|p2a: Tyranitar
|
|switch|p1a: Heatran|Heatran, F|360\/385
|-damage|p1a: Heatran|312\/385|[from] Stealth Rock
|
|-weather|Sandstorm|[upkeep]
|-heal|p1a: Heatran|336\/385|[from] item: Leftovers
|
|switch|p2a: Excadrill|Excadrill, M|411\/424
|-damage|p2a: Excadrill|398\/424|[from] Stealth Rock
|-item|p2a: Excadrill|Air Balloon
|turn|33
|
|move|p1a: Heatran|Protect|p1a: Heatran
|-singleturn|p1a: Heatran|Protect
|move|p2a: Excadrill|Earthquake|p1a: Heatran
|-activate|p1a: Heatran|Protect
|
|-weather|Sandstorm|[upkeep]
|-heal|p1a: Heatran|360\/385|[from] item: Leftovers
|turn|34
|
|switch|p1a: Landorus-Therian|Landorus-Therian, M|248\/330
|-damage|p1a: Landorus-Therian|207\/330|[from] Stealth Rock
|-ability|p1a: Landorus-Therian|Intimidate|[of] p2a: Excadrill
|-unboost|p2a: Excadrill|atk|1
|move|p2a: Excadrill|Swords Dance|p2a: Excadrill
|-boost|p2a: Excadrill|atk|2
|
|-weather|Sandstorm|[upkeep]
|turn|35
|
|switch|p1a: Greninja|Greninja, M, shiny|108\/285
|-damage|p1a: Greninja|73\/285|[from] Stealth Rock
|move|p2a: Excadrill|Iron Head|p1a: Greninja
|-resisted|p1a: Greninja
|-damage|p1a: Greninja|0 fnt
|faint|p1a: Greninja
|
|-weather|none
|
|switch|p1a: Landorus-Therian|Landorus-Therian, M|207\/330
|-damage|p1a: Landorus-Therian|166\/330|[from] Stealth Rock
|-ability|p1a: Landorus-Therian|Intimidate|[of] p2a: Excadrill
|-unboost|p2a: Excadrill|atk|1
|turn|36
|
|move|p1a: Landorus-Therian|U-turn|p2a: Excadrill
|-resisted|p2a: Excadrill
|-damage|p2a: Excadrill|322\/424
|-enditem|p2a: Excadrill|Air Balloon
|
|switch|p1a: Raikou|Raikou|182\/321
|-damage|p1a: Raikou|142\/321|[from] Stealth Rock
|-ability|p1a: Raikou|Pressure
|move|p2a: Excadrill|Earthquake|p1a: Raikou
|-supereffective|p1a: Raikou
|-damage|p1a: Raikou|0 fnt
|faint|p1a: Raikou
|
|
|switch|p1a: Landorus-Therian|Landorus-Therian, M|166\/330
|-damage|p1a: Landorus-Therian|125\/330|[from] Stealth Rock
|-ability|p1a: Landorus-Therian|Intimidate|[of] p2a: Excadrill
|-unboost|p2a: Excadrill|atk|1
|turn|37
|
|switch|p2a: Rotom-Wash|Rotom-Wash|132\/304
|-damage|p2a: Rotom-Wash|94\/304|[from] Stealth Rock
|move|p1a: Landorus-Therian|Stone Edge|p2a: Rotom-Wash
|-damage|p2a: Rotom-Wash|0 fnt
|faint|p2a: Rotom-Wash
|
|
|switch|p2a: Excadrill|Excadrill, M|322\/424
|-damage|p2a: Excadrill|309\/424|[from] Stealth Rock
|turn|38
|
|move|p1a: Landorus-Therian|Stone Edge|p2a: Excadrill
|-resisted|p2a: Excadrill
|-damage|p2a: Excadrill|256\/424
|move|p2a: Excadrill|Rock Slide|p1a: Landorus-Therian
|-damage|p1a: Landorus-Therian|7\/330
|
|turn|39
|
|move|p1a: Landorus-Therian|Stone Edge|p2a: Excadrill
|-resisted|p2a: Excadrill
|-damage|p2a: Excadrill|202\/424
|move|p2a: Excadrill|Rock Slide|p1a: Landorus-Therian
|-damage|p1a: Landorus-Therian|0 fnt
|faint|p1a: Landorus-Therian
|
|-message|KratosSnake forfeited.
|
|win|Dukekk
|raw|Ladder updating...
|leave|KratosSnake
|player|p1
|raw|KratosSnake's rating: 1921 &rarr; <strong>1894<\/strong><br \/>(-27 for losing)
|raw|Dukekk's rating: 1788 &rarr; <strong>1815<\/strong><br \/>(+27 for winning)