|join|KratosSnake
|join|LT8D Cicada
|player|p1|KratosSnake|159
|player|p2|LT8D Cicada|32
|gametype|singles
|gen|6
|tier|OU
|rated
|clearpoke
|poke|p1|Hippowdon, M
|poke|p1|Excadrill, F
|poke|p1|Ferrothorn, F
|poke|p1|Garchomp, F
|poke|p1|Greninja, F
|poke|p1|Gothitelle, F
|poke|p2|Landorus-Therian, M
|poke|p2|Heatran, M
|poke|p2|Rotom-Wash
|poke|p2|Latios, M
|poke|p2|Heracross, M
|poke|p2|Clefable, F
|rule|Swagger Clause: Swagger is banned
|rule|Baton Pass Clause: Limit one PokÃ©mon knowing Baton Pass
|rule|Sleep Clause Mod: Limit one foe put to sleep
|rule|Species Clause: Limit one of each PokÃ©mon
|rule|OHKO Clause: OHKO moves are banned
|rule|Moody Clause: Moody is banned
|rule|Evasion Moves Clause: Evasion moves are banned
|rule|Endless Battle Clause: Forcing endless battles is banned
|rule|HP Percentage Mod: HP is shown in percentages
|teampreview
|
|start
|switch|p1a: Greninja|Greninja, F|285\/285
|switch|p2a: Hanleth|Rotom-Wash|303\/303
|turn|1
|
|move|p1a: Greninja|Hidden Power|p2a: Hanleth
|-start|p1a: Greninja|typechange|Grass|[from] Protean
|-supereffective|p2a: Hanleth
|-damage|p2a: Hanleth|82\/303
|-damage|p1a: Greninja|257\/285|[from] item: Life Orb
|move|p2a: Hanleth|Volt Switch|p1a: Greninja
|-resisted|p1a: Greninja
|-damage|p1a: Greninja|195\/285
|
|switch|p2a: Landorus-Therian|Landorus-Therian, M|327\/327
|-ability|p2a: Landorus-Therian|Intimidate|[of] p1a: Greninja
|-unboost|p1a: Greninja|atk|1
|
|turn|2
|
|switch|p1a: Ferrothorn|Ferrothorn, F|352\/352
|move|p2a: Landorus-Therian|U-turn|p1a: Ferrothorn
|-damage|p1a: Ferrothorn|290\/352
|-damage|p2a: Landorus-Therian|287\/327|[from] ability: Iron Barbs|[of] p1a: Ferrothorn
|
|switch|p2a: Heatran|Heatran, M|386\/386
|
|-heal|p1a: Ferrothorn|312\/352|[from] item: Leftovers
|turn|3
|
|switch|p1a: Hippowdon|Hippowdon, M|420\/420
|-weather|Sandstorm
|move|p2a: Heatran|Stealth Rock|p1a: Hippowdon
|-sidestart|p1: KratosSnake|move: Stealth Rock
|
|-weather|Sandstorm|[upkeep]
|turn|4
|
|switch|p2a: Hanleth|Rotom-Wash|82\/303
|move|p1a: Hippowdon|Stealth Rock|p2a: Hanleth
|-sidestart|p2: LT8D Cicada|move: Stealth Rock
|
|-weather|Sandstorm|[upkeep]
|-damage|p2a: Hanleth|64\/303|[from] sandstorm
|-heal|p2a: Hanleth|82\/303|[from] item: Leftovers
|turn|5
|
|switch|p1a: Greninja|Greninja, F|195\/285
|-damage|p1a: Greninja|160\/285|[from] Stealth Rock
|move|p2a: Hanleth|Pain Split|p1a: Greninja
|-sethp|p1a: Greninja|121\/285|p2a: Hanleth|121\/303|[from] move: Pain Split
|
|-weather|Sandstorm|[upkeep]
|-damage|p1a: Greninja|104\/285|[from] sandstorm
|-damage|p2a: Hanleth|103\/303|[from] sandstorm
|-heal|p2a: Hanleth|121\/303|[from] item: Leftovers
|turn|6
|
|switch|p2a: Landorus-Therian|Landorus-Therian, M|287\/327
|-damage|p2a: Landorus-Therian|247\/327|[from] Stealth Rock
|-ability|p2a: Landorus-Therian|Intimidate|[of] p1a: Greninja
|-unboost|p1a: Greninja|atk|1
|move|p1a: Greninja|Dark Pulse|p2a: Landorus-Therian
|-start|p1a: Greninja|typechange|Dark|[from] Protean
|-damage|p2a: Landorus-Therian|59\/327
|-damage|p1a: Greninja|76\/285|[from] item: Life Orb
|
|-weather|Sandstorm|[upkeep]
|-damage|p1a: Greninja|59\/285|[from] sandstorm
|turn|7
|
|switch|p1a: Ferrothorn|Ferrothorn, F|312\/352
|-damage|p1a: Ferrothorn|290\/352|[from] Stealth Rock
|move|p2a: Landorus-Therian|U-turn|p1a: Ferrothorn
|-damage|p1a: Ferrothorn|234\/352
|-damage|p2a: Landorus-Therian|19\/327|[from] ability: Iron Barbs|[of] p1a: Ferrothorn
|
|switch|p2a: Nahr Alma|Heracross, M|309\/309
|-damage|p2a: Nahr Alma|271\/309|[from] Stealth Rock
|
|-weather|Sandstorm|[upkeep]
|-damage|p2a: Nahr Alma|252\/309|[from] sandstorm
|-heal|p1a: Ferrothorn|256\/352|[from] item: Leftovers
|turn|8
|
|switch|p1a: Greninja|Greninja, F|59\/285
|-damage|p1a: Greninja|24\/285|[from] Stealth Rock
|detailschange|p2a: Nahr Alma|Heracross-Mega, M
|message|Heracross has Mega Evolved into Mega Heracross!
|move|p2a: Nahr Alma|Close Combat|p1a: Greninja
|-supereffective|p1a: Greninja
|-damage|p1a: Greninja|0 fnt
|-unboost|p2a: Nahr Alma|def|1
|-unboost|p2a: Nahr Alma|spd|1
|faint|p1a: Greninja
|
|-weather|Sandstorm|[upkeep]
|-damage|p2a: Nahr Alma|233\/309|[from] sandstorm
|
|switch|p1a: Garchomp|Garchomp, F|357\/357
|-damage|p1a: Garchomp|335\/357|[from] Stealth Rock
|turn|9
|
|switch|p2a: Landorus-Therian|Landorus-Therian, M|19\/327
|-damage|p2a: Landorus-Therian|0 fnt|[from] Stealth Rock
|faint|p2a: Landorus-Therian
|detailschange|p1a: Garchomp|Garchomp-Mega, F
|message|Garchomp has Mega Evolved into Mega Garchomp!
|move|p1a: Garchomp|Stone Edge|p2: Landorus-Therian|[notarget]
|-notarget
|
|-weather|Sandstorm|[upkeep]
|
|switch|p2a: Velka|Latios, M|302\/302
|-damage|p2a: Velka|265\/302|[from] Stealth Rock
|turn|10
|
|switch|p1a: Ferrothorn|Ferrothorn, F|256\/352
|-damage|p1a: Ferrothorn|234\/352|[from] Stealth Rock
|move|p2a: Velka|Defog|p1a: Ferrothorn
|-unboost|p1a: Ferrothorn|evasion|1
|-sideend|p1: KratosSnake|Stealth Rock|[from] move: Defog|[of] p1a: Ferrothorn
|-sideend|p2: LT8D Cicada|Stealth Rock|[from] move: Defog|[of] p2a: Velka
|
|-weather|none
|-heal|p1a: Ferrothorn|256\/352|[from] item: Leftovers
|turn|11
|
|switch|p2a: Nahr Alma|Heracross-Mega, M|233\/309
|move|p1a: Ferrothorn|Leech Seed|p2a: Nahr Alma
|-start|p2a: Nahr Alma|move: Leech Seed
|
|-heal|p1a: Ferrothorn|278\/352|[from] item: Leftovers
|-damage|p2a: Nahr Alma|195\/309|[from] Leech Seed|[of] p1a: Ferrothorn
|-heal|p1a: Ferrothorn|316\/352|[silent]
|turn|12
|
|switch|p1a: Hippowdon|Hippowdon, M|420\/420
|-weather|Sandstorm
|move|p2a: Nahr Alma|Swords Dance|p2a: Nahr Alma
|-boost|p2a: Nahr Alma|atk|2
|
|-weather|Sandstorm|[upkeep]
|-damage|p2a: Nahr Alma|176\/309|[from] sandstorm
|-damage|p2a: Nahr Alma|138\/309|[from] Leech Seed|[of] p1a: Hippowdon
|turn|13
|
|switch|p1a: Gothitelle|Gothitelle, F|296\/296
|move|p2a: Nahr Alma|Pin Missile|p1a: Gothitelle
|-supereffective|p1a: Gothitelle
|-damage|p1a: Gothitelle|6\/296
|-supereffective|p1a: Gothitelle
|-damage|p1a: Gothitelle|0 fnt
|-hitcount|p1a: Gothitelle|2
|faint|p1a: Gothitelle
|
|-weather|Sandstorm|[upkeep]
|-damage|p2a: Nahr Alma|119\/309|[from] sandstorm
|
|switch|p1a: Excadrill|Excadrill, F|361\/361
|turn|14
|
|switch|p2a: Hanleth|Rotom-Wash|121\/303
|move|p1a: Excadrill|Iron Head|p2a: Hanleth
|-resisted|p2a: Hanleth
|-damage|p2a: Hanleth|81\/303
|-damage|p1a: Excadrill|325\/361|[from] item: Life Orb
|
|-weather|Sandstorm|[upkeep]
|-damage|p2a: Hanleth|63\/303|[from] sandstorm
|-heal|p2a: Hanleth|81\/303|[from] item: Leftovers
|turn|15
|
|switch|p2a: Heatran|Heatran, M|386\/386
|move|p1a: Excadrill|Return|p2a: Heatran
|-resisted|p2a: Heatran
|-damage|p2a: Heatran|303\/386
|-damage|p1a: Excadrill|289\/361|[from] item: Life Orb
|
|-weather|Sandstorm|[upkeep]
|-heal|p2a: Heatran|327\/386|[from] item: Leftovers
|turn|16
|
|switch|p2a: Hanleth|Rotom-Wash|81\/303
|move|p1a: Excadrill|Earthquake|p2a: Hanleth
|-immune|p2a: Hanleth|[msg]
|
|-weather|Sandstorm|[upkeep]
|-damage|p2a: Hanleth|63\/303|[from] sandstorm
|-heal|p2a: Hanleth|81\/303|[from] item: Leftovers
|turn|17
|
|switch|p2a: Heatran|Heatran, M|327\/386
|move|p1a: Excadrill|Return|p2a: Heatran
|-resisted|p2a: Heatran
|-damage|p2a: Heatran|249\/386
|-damage|p1a: Excadrill|253\/361|[from] item: Life Orb
|
|-weather|Sandstorm|[upkeep]
|-heal|p2a: Heatran|273\/386|[from] item: Leftovers
|turn|18
|
|move|p1a: Excadrill|Earthquake|p2a: Heatran
|-supereffective|p2a: Heatran
|-damage|p2a: Heatran|0 fnt
|-damage|p1a: Excadrill|217\/361|[from] item: Life Orb
|faint|p2a: Heatran
|
|-weather|Sandstorm|[upkeep]
|
|switch|p2a: Velka|Latios, M|265\/302
|turn|19
|
|switch|p1a: Ferrothorn|Ferrothorn, F|316\/352
|move|p2a: Velka|Hidden Power|p1a: Ferrothorn
|-supereffective|p1a: Ferrothorn
|-damage|p1a: Ferrothorn|181\/352
|-damage|p2a: Velka|235\/302|[from] item: Life Orb
|
|-weather|none
|-heal|p1a: Ferrothorn|203\/352|[from] item: Leftovers
|turn|20
|
|move|p2a: Velka|Hidden Power|p1a: Ferrothorn
|-supereffective|p1a: Ferrothorn
|-damage|p1a: Ferrothorn|60\/352
|-damage|p2a: Velka|205\/302|[from] item: Life Orb
|move|p1a: Ferrothorn|Gyro Ball|p2a: Velka
|-crit|p2a: Velka
|-damage|p2a: Velka|0 fnt
|faint|p2a: Velka
|
|-heal|p1a: Ferrothorn|82\/352|[from] item: Leftovers
|
|switch|p2a: Nahr Alma|Heracross-Mega, M|119\/309
|turn|21
|
|move|p2a: Nahr Alma|Pin Missile|p1a: Ferrothorn
|-damage|p1a: Ferrothorn|40\/352
|-damage|p1a: Ferrothorn|0 fnt
|-hitcount|p1a: Ferrothorn|2
|faint|p1a: Ferrothorn
|
|
|switch|p1a: Hippowdon|Hippowdon, M|420\/420
|-weather|Sandstorm
|turn|22
|
|switch|p2a: Hanleth|Rotom-Wash|81\/303
|move|p1a: Hippowdon|Stealth Rock|p2a: Hanleth
|-sidestart|p2: LT8D Cicada|move: Stealth Rock
|
|-weather|Sandstorm|[upkeep]
|-damage|p2a: Hanleth|63\/303|[from] sandstorm
|-heal|p2a: Hanleth|81\/303|[from] item: Leftovers
|turn|23
|
|switch|p1a: Excadrill|Excadrill, F|217\/361
|move|p2a: Hanleth|Pain Split|p1a: Excadrill
|-sethp|p1a: Excadrill|149\/361|p2a: Hanleth|149\/303|[from] move: Pain Split
|
|-weather|Sandstorm|[upkeep]
|-damage|p2a: Hanleth|131\/303|[from] sandstorm
|-heal|p2a: Hanleth|149\/303|[from] item: Leftovers
|turn|24
|
|move|p1a: Excadrill|Return|p2a: Hanleth
|-damage|p2a: Hanleth|27\/303
|-damage|p1a: Excadrill|113\/361|[from] item: Life Orb
|move|p2a: Hanleth|Hydro Pump|p1a: Excadrill
|-supereffective|p1a: Excadrill
|-damage|p1a: Excadrill|0 fnt
|faint|p1a: Excadrill
|
|-weather|Sandstorm|[upkeep]
|-damage|p2a: Hanleth|9\/303|[from] sandstorm
|-heal|p2a: Hanleth|27\/303|[from] item: Leftovers
|
|switch|p1a: Garchomp|Garchomp-Mega, F|335\/357
|turn|25
|
|move|p1a: Garchomp|Stone Edge|p2a: Hanleth
|-damage|p2a: Hanleth|0 fnt
|faint|p2a: Hanleth
|
|-weather|Sandstorm|[upkeep]
|
|switch|p2a: Clefable|Clefable, F|394\/394
|turn|26
|
|move|p1a: Garchomp|Earthquake|p2a: Clefable
|-damage|p2a: Clefable|165\/394
|move|p2a: Clefable|Soft-Boiled|p2a: Clefable
|-heal|p2a: Clefable|362\/394
|
|-weather|Sandstorm|[upkeep]
|-heal|p2a: Clefable|386\/394|[from] item: Leftovers
|turn|27
|
|move|p1a: Garchomp|Swords Dance|p1a: Garchomp
|-boost|p1a: Garchomp|atk|2
|move|p2a: Clefable|Soft-Boiled|p2a: Clefable
|-heal|p2a: Clefable|394\/394
|
|-weather|Sandstorm|[upkeep]
|turn|28
|
|switch|p2a: Nahr Alma|Heracross-Mega, M|119\/309
|-damage|p2a: Nahr Alma|81\/309|[from] Stealth Rock
|move|p1a: Garchomp|Earthquake|p2a: Nahr Alma
|-resisted|p2a: Nahr Alma
|-damage|p2a: Nahr Alma|0 fnt
|faint|p2a: Nahr Alma
|
|-weather|Sandstorm|[upkeep]
|
|switch|p2a: Clefable|Clefable, F|394\/394
|turn|29
|
|move|p1a: Garchomp|Earthquake|p2a: Clefable
|-damage|p2a: Clefable|0 fnt
|faint|p2a: Clefable
|
|win|KratosSnake
|raw|Ladder updating...
|raw|KratosSnake's rating: 1769 &rarr; <strong>1789<\/strong><br \/>(+20 for winning)
|raw|LT8D Cicada's rating: 1762 &rarr; <strong>1742<\/strong><br \/>(-20 for losing)
|c|âLT8D Cicada|wp
|c|âKratosSnake|gg
|leave|LT8D Cicada
|player|p2