|join|darkjak
|join|In Your Window
|player|p1|darkjak|darkjak.gif
|player|p2|In Your Window|38
|gametype|singles
|gen|6
|tier|OU
|rated
|clearpoke
|poke|p1|Infernape, M
|poke|p1|Bisharp, M
|poke|p1|Metagross
|poke|p1|Thundurus, M
|poke|p1|Dragonite, F
|poke|p1|Keldeo-Resolute
|poke|p2|Gliscor, M
|poke|p2|Infernape, F
|poke|p2|Diancie
|poke|p2|Ferrothorn, M
|poke|p2|Rotom-Wash
|poke|p2|Latios, M
|rule|Swagger Clause: Swagger is banned
|rule|Baton Pass Clause: Limit one PokÃ©mon knowing Baton Pass
|rule|Sleep Clause Mod: Limit one foe put to sleep
|rule|Species Clause: Limit one of each PokÃ©mon
|rule|OHKO Clause: OHKO moves are banned
|rule|Moody Clause: Moody is banned
|rule|Evasion Moves Clause: Evasion moves are banned
|rule|Endless Battle Clause: Forcing endless battles is banned
|rule|HP Percentage Mod: HP is shown in percentages
|teampreview
|
|start
|switch|p1a: Infernape|Infernape, M|293\/293
|switch|p2a: Diancie|Diancie|241\/241
|turn|1
|
|switch|p1a: Metagross|Metagross|301\/301
|switch|p2a: Rotom-Wash|Rotom-Wash|303\/303
|
|turn|2
|
|switch|p1a: Infernape|Infernape, M|293\/293
|move|p2a: Rotom-Wash|Hydro Pump|p1a: Infernape|[miss]
|-miss|p2a: Rotom-Wash|p1a: Infernape
|
|turn|3
|
|move|p1a: Infernape|Stealth Rock|p2a: Rotom-Wash
|-sidestart|p2: In Your Window|move: Stealth Rock
|move|p2a: Rotom-Wash|Volt Switch|p1a: Infernape
|-damage|p1a: Infernape|178\/293
|
|switch|p2a: Latios|Latios, M|301\/301
|-damage|p2a: Latios|264\/301|[from] Stealth Rock
|
|turn|4
|
|switch|p2a: Gliscor|Gliscor, M|352\/352
|-damage|p2a: Gliscor|308\/352|[from] Stealth Rock
|switch|p1a: Metagross|Metagross|301\/301
|
|-status|p2a: Gliscor|tox|[from] item: Toxic Orb
|turn|5
|
|switch|p1a: Thundurus|Thundurus, M|299\/299
|switch|p2a: Ferrothorn|Ferrothorn, M|352\/352
|-damage|p2a: Ferrothorn|330\/352|[from] Stealth Rock
|
|turn|6
|
|switch|p1a: Infernape|Infernape, M|178\/293
|move|p2a: Ferrothorn|Stealth Rock|p1a: Infernape
|-sidestart|p1: darkjak|move: Stealth Rock
|
|turn|7
|
|switch|p1a: Keldeo-Resolute|Keldeo-Resolute|323\/323
|-damage|p1a: Keldeo-Resolute|303\/323|[from] Stealth Rock
|switch|p2a: Rotom-Wash|Rotom-Wash|303\/303
|-damage|p2a: Rotom-Wash|266\/303|[from] Stealth Rock
|
|-heal|p2a: Rotom-Wash|284\/303|[from] item: Leftovers
|turn|8
|
|move|p1a: Keldeo-Resolute|Secret Sword|p2a: Rotom-Wash
|-damage|p2a: Rotom-Wash|110\/303
|move|p2a: Rotom-Wash|Volt Switch|p1a: Keldeo-Resolute
|-supereffective|p1a: Keldeo-Resolute
|-damage|p1a: Keldeo-Resolute|121\/323
|
|switch|p2a: Latios|Latios, M|264\/301
|-damage|p2a: Latios|227\/301|[from] Stealth Rock
|
|turn|9
|
|switch|p2a: Gliscor|Gliscor, M|308\/352 tox
|-damage|p2a: Gliscor|264\/352 tox|[from] Stealth Rock
|switch|p1a: Infernape|Infernape, M|178\/293
|-damage|p1a: Infernape|142\/293|[from] Stealth Rock
|
|-heal|p2a: Gliscor|308\/352 tox|[from] ability: Poison Heal
|turn|10
|
|move|p2a: Gliscor|Protect|p2a: Gliscor
|-singleturn|p2a: Gliscor|Protect
|move|p1a: Infernape|Fire Blast|p2a: Gliscor
|-activate|p2a: Gliscor|Protect
|
|-heal|p2a: Gliscor|352\/352 tox|[from] ability: Poison Heal
|turn|11
|
|move|p1a: Infernape|Endeavor|p2a: Gliscor
|-damage|p2a: Gliscor|142\/352 tox
|move|p2a: Gliscor|Earthquake|p1a: Infernape
|-supereffective|p1a: Infernape
|-damage|p1a: Infernape|0 fnt
|faint|p1a: Infernape
|
|-heal|p2a: Gliscor|186\/352 tox|[from] ability: Poison Heal
|
|switch|p1a: Thundurus|Thundurus, M|299\/299
|-damage|p1a: Thundurus|225\/299|[from] Stealth Rock
|turn|12
|
|switch|p2a: Ferrothorn|Ferrothorn, M|330\/352
|-damage|p2a: Ferrothorn|308\/352|[from] Stealth Rock
|move|p1a: Thundurus|Hidden Power|p2a: Ferrothorn
|-damage|p2a: Ferrothorn|248\/352
|-damage|p1a: Thundurus|196\/299|[from] item: Life Orb
|
|turn|13
|
|move|p1a: Thundurus|Superpower|p2a: Ferrothorn
|-supereffective|p2a: Ferrothorn
|-damage|p2a: Ferrothorn|32\/352
|-damage|p1a: Thundurus|159\/299|[from] ability: Iron Barbs|[of] p2a: Ferrothorn
|-damage|p1a: Thundurus|110\/299|[from] item: Rocky Helmet|[of] p2a: Ferrothorn
|-unboost|p1a: Thundurus|atk|1
|-unboost|p1a: Thundurus|def|1
|-damage|p1a: Thundurus|81\/299|[from] item: Life Orb
|move|p2a: Ferrothorn|Leech Seed|p1a: Thundurus|[miss]
|-miss|p2a: Ferrothorn|p1a: Thundurus
|
|turn|14
|
|move|p1a: Thundurus|Thunderbolt|p2a: Ferrothorn
|-resisted|p2a: Ferrothorn
|-damage|p2a: Ferrothorn|0 fnt
|-damage|p1a: Thundurus|52\/299|[from] item: Life Orb
|faint|p2a: Ferrothorn
|
|
|switch|p2a: Diancie|Diancie|241\/241
|-damage|p2a: Diancie|211\/241|[from] Stealth Rock
|turn|15
|
|detailschange|p2a: Diancie|Diancie-Mega
|message|Diancie has Mega Evolved into Mega Diancie!
|move|p1a: Thundurus|Thunderbolt|p2a: Diancie
|-damage|p2a: Diancie|39\/241
|-damage|p1a: Thundurus|23\/299|[from] item: Life Orb
|move|p2a: Diancie|Moonblast|p1a: Thundurus
|-damage|p1a: Thundurus|0 fnt
|faint|p1a: Thundurus
|
|
|switch|p1a: Bisharp|Bisharp, M|272\/272
|-damage|p1a: Bisharp|255\/272|[from] Stealth Rock
|turn|16
|
|switch|p2a: Infernape|Infernape, F|355\/355
|-damage|p2a: Infernape|311\/355|[from] Stealth Rock
|move|p1a: Bisharp|Sucker Punch|p2a: Infernape
|-fail|p2a: Infernape
|
|-heal|p2a: Infernape|333\/355|[from] item: Leftovers
|turn|17
|
|switch|p1a: Dragonite|Dragonite, F|324\/324
|-damage|p1a: Dragonite|243\/324|[from] Stealth Rock
|move|p2a: Infernape|Will-O-Wisp|p1a: Dragonite
|-status|p1a: Dragonite|brn
|
|-heal|p2a: Infernape|355\/355|[from] item: Leftovers
|-damage|p1a: Dragonite|203\/324 brn|[from] brn
|turn|18
|
|switch|p1a: Keldeo-Resolute|Keldeo-Resolute|121\/323
|-damage|p1a: Keldeo-Resolute|101\/323|[from] Stealth Rock
|move|p2a: Infernape|Taunt|p1a: Keldeo-Resolute
|-start|p1a: Keldeo-Resolute|move: Taunt
|
|turn|19
|
|switch|p2a: Latios|Latios, M|227\/301
|-damage|p2a: Latios|190\/301|[from] Stealth Rock
|move|p1a: Keldeo-Resolute|Hydro Pump|p2a: Latios
|-resisted|p2a: Latios
|-damage|p2a: Latios|46\/301
|
|turn|20
|
|switch|p1a: Metagross|Metagross|301\/301
|-damage|p1a: Metagross|283\/301|[from] Stealth Rock
|move|p2a: Latios|Roost|p2a: Latios
|-heal|p2a: Latios|197\/301
|
|turn|21
|
|detailschange|p1a: Metagross|Metagross-Mega
|message|Metagross has Mega Evolved into Mega Metagross!
|move|p2a: Latios|Defog|p1a: Metagross
|-unboost|p1a: Metagross|evasion|1
|-sideend|p1: darkjak|Stealth Rock|[from] move: Defog|[of] p1a: Metagross
|-sideend|p2: In Your Window|Stealth Rock|[from] move: Defog|[of] p2a: Latios
|move|p1a: Metagross|Meteor Mash|p2a: Latios
|-damage|p2a: Latios|0 fnt
|faint|p2a: Latios
|
|
|switch|p2a: Gliscor|Gliscor, M|186\/352 tox
|turn|22
|
|move|p2a: Gliscor|Protect|p2a: Gliscor
|-singleturn|p2a: Gliscor|Protect
|move|p1a: Metagross|Meteor Mash|p2a: Gliscor
|-activate|p2a: Gliscor|Protect
|
|-heal|p2a: Gliscor|230\/352 tox|[from] ability: Poison Heal
|turn|23
|
|move|p1a: Metagross|Meteor Mash|p2a: Gliscor
|-damage|p2a: Gliscor|74\/352 tox
|move|p2a: Gliscor|Earthquake|p1a: Metagross
|-supereffective|p1a: Metagross
|-damage|p1a: Metagross|119\/301
|
|-heal|p2a: Gliscor|118\/352 tox|[from] ability: Poison Heal
|turn|24
|raw|<div class="chat"><font color=#4249F8> <\/font><button class="astext" name="parseCommand" value="\/user darkjak"><b><font color="#320580">darkjak:<\/font><\/b><\/button> Your a good player<\/div>
|
|switch|p1a: Keldeo-Resolute|Keldeo-Resolute|101\/323
|move|p2a: Gliscor|Protect|p2a: Gliscor
|-fail|p2a: Gliscor
|
|-heal|p2a: Gliscor|162\/352 tox|[from] ability: Poison Heal
|turn|25
|
|switch|p2a: Rotom-Wash|Rotom-Wash|110\/303
|move|p1a: Keldeo-Resolute|Surf|p2a: Rotom-Wash
|-resisted|p2a: Rotom-Wash
|-damage|p2a: Rotom-Wash|0 fnt
|faint|p2a: Rotom-Wash
|
|
|switch|p2a: Diancie|Diancie-Mega|39\/241
|turn|26
|
|switch|p1a: Dragonite|Dragonite, F|203\/324 brn
|move|p2a: Diancie|Earth Power|p1a: Dragonite
|-immune|p1a: Dragonite|[msg]
|
|-damage|p1a: Dragonite|163\/324 brn|[from] brn
|turn|27
|
|switch|p2a: Infernape|Infernape, F|355\/355
|move|p1a: Dragonite|Extreme Speed|p2a: Infernape
|-damage|p2a: Infernape|278\/355
|
|-heal|p2a: Infernape|300\/355|[from] item: Leftovers
|-damage|p1a: Dragonite|123\/324 brn|[from] brn
|turn|28
|
|move|p1a: Dragonite|Extreme Speed|p2a: Infernape
|-damage|p2a: Infernape|220\/355
|move|p2a: Infernape|Close Combat|p1a: Dragonite
|-resisted|p1a: Dragonite
|-damage|p1a: Dragonite|45\/324 brn
|-unboost|p2a: Infernape|def|1
|-unboost|p2a: Infernape|spd|1
|
|-heal|p2a: Infernape|242\/355|[from] item: Leftovers
|-damage|p1a: Dragonite|5\/324 brn|[from] brn
|turn|29
|
|move|p1a: Dragonite|Extreme Speed|p2a: Infernape
|-damage|p2a: Infernape|112\/355
|move|p2a: Infernape|Slack Off|p2a: Infernape
|-heal|p2a: Infernape|290\/355
|
|-heal|p2a: Infernape|312\/355|[from] item: Leftovers
|-damage|p1a: Dragonite|0 fnt|[from] brn
|faint|p1a: Dragonite
|
|switch|p1a: Keldeo-Resolute|Keldeo-Resolute|101\/323
|turn|30
|
|switch|p2a: Gliscor|Gliscor, M|162\/352 tox
|move|p1a: Keldeo-Resolute|Surf|p2a: Gliscor
|-supereffective|p2a: Gliscor
|-damage|p2a: Gliscor|0 fnt
|faint|p2a: Gliscor
|
|
|switch|p2a: Diancie|Diancie-Mega|39\/241
|turn|31
|
|move|p2a: Diancie|Earth Power|p1a: Keldeo-Resolute
|-damage|p1a: Keldeo-Resolute|0 fnt
|faint|p1a: Keldeo-Resolute
|
|
|switch|p1a: Metagross|Metagross-Mega|119\/301
|turn|32
|
|move|p1a: Metagross|Earthquake|p2a: Diancie
|-supereffective|p2a: Diancie
|-damage|p2a: Diancie|0 fnt
|faint|p2a: Diancie
|
|
|switch|p2a: Infernape|Infernape, F|312\/355
|turn|33
|
|move|p1a: Metagross|Zen Headbutt|p2a: Infernape
|-supereffective|p2a: Infernape
|-damage|p2a: Infernape|0 fnt
|faint|p2a: Infernape
|
|win|darkjak
|raw|Ladder updating...
|raw|darkjak's rating: 1098 &rarr; <strong>1127<\/strong><br \/>(+29 for winning)
|raw|In Your Window's rating: 1154 &rarr; <strong>1125<\/strong><br \/>(-29 for losing)
|c|âIn Your Window|gg
|raw|<div class="chat"><font color=#4249F8> <\/font><button class="astext" name="parseCommand" value="\/user darkjak"><b><font color="#320580">darkjak:<\/font><\/b><\/button> gg<\/div>