|join|Void123
|join|In Your Window
|player|p1|Void123|214
|player|p2|In Your Window|170
|gametype|singles
|gen|6
|tier|ORAS OU
|rated
|rule|Sleep Clause Mod: Limit one foe put to sleep
|rule|Species Clause: Limit one of each PokÃ©mon
|rule|OHKO Clause: OHKO moves are banned
|rule|Moody Clause: Moody is banned
|rule|Evasion Moves Clause: Evasion moves are banned
|rule|Endless Battle Clause: Forcing endless battles is banned
|rule|HP Percentage Mod: HP is shown in percentages
|clearpoke
|poke|p1|Latias, F
|poke|p1|Keldeo
|poke|p1|Mamoswine, F
|poke|p1|Azumarill, F
|poke|p1|Landorus-Therian, M
|poke|p1|Talonflame, F
|poke|p2|Sableye, M
|poke|p2|Landorus-Therian, M
|poke|p2|Ferrothorn, F
|poke|p2|Latios, M
|poke|p2|Azumarill, F
|poke|p2|Magnezone
|rule|Swagger Clause: Swagger is banned
|rule|Baton Pass Clause: Limit one PokÃ©mon knowing Baton Pass
|teampreview
|
|start
|switch|p1a: Talonflame|Talonflame, F|297\/297
|switch|p2a: Sableye|Sableye, M|303\/303
|turn|1
|
|switch|p2a: Landorus-Therian|Landorus-Therian, M|323\/323
|-ability|p2a: Landorus-Therian|Intimidate|[of] p1a: Talonflame
|-unboost|p1a: Talonflame|atk|1
|move|p1a: Talonflame|Swords Dance|p1a: Talonflame
|-boost|p1a: Talonflame|atk|2
|
|turn|2
|
|switch|p1a: Landorus-Therian|Landorus-Therian, M|382\/382
|-ability|p1a: Landorus-Therian|Intimidate|[of] p2a: Landorus-Therian
|-unboost|p2a: Landorus-Therian|atk|1
|move|p2a: Landorus-Therian|Stone Edge|p1a: Landorus-Therian
|-crit|p1a: Landorus-Therian
|-damage|p1a: Landorus-Therian|218\/382
|
|-heal|p1a: Landorus-Therian|241\/382|[from] item: Leftovers
|turn|3
|
|switch|p2a: Azumarill|Azumarill, F|403\/403
|move|p1a: Landorus-Therian|Stealth Rock|p2a: Azumarill
|-sidestart|p2: In Your Window|move: Stealth Rock
|
|-heal|p1a: Landorus-Therian|264\/382|[from] item: Leftovers
|turn|4
|
|move|p1a: Landorus-Therian|Earthquake|p2a: Azumarill
|-damage|p2a: Azumarill|204\/403
|move|p2a: Azumarill|Knock Off|p1a: Landorus-Therian
|-damage|p1a: Landorus-Therian|103\/382
|-enditem|p1a: Landorus-Therian|Leftovers|[from] move: Knock Off|[of] p2a: Azumarill
|
|turn|5
|
|switch|p1a: Latias|Latias, F|301\/301
|switch|p2a: Ferrothorn|Ferrothorn, F|351\/351
|-damage|p2a: Ferrothorn|330\/351|[from] Stealth Rock
|
|-heal|p2a: Ferrothorn|351\/351|[from] item: Leftovers
|turn|6
|
|switch|p1a: Talonflame|Talonflame, F|297\/297
|move|p2a: Ferrothorn|Stealth Rock|p1a: Talonflame
|-sidestart|p1: Void123|move: Stealth Rock
|
|turn|7
|
|switch|p2a: Landorus-Therian|Landorus-Therian, M|323\/323
|-damage|p2a: Landorus-Therian|283\/323|[from] Stealth Rock
|-ability|p2a: Landorus-Therian|Intimidate|[of] p1a: Talonflame
|-unboost|p1a: Talonflame|atk|1
|move|p1a: Talonflame|Flare Blitz|p2a: Landorus-Therian
|-damage|p2a: Landorus-Therian|168\/323
|-damage|p1a: Talonflame|259\/297|[from] recoil|[of] p2a: Landorus-Therian
|
|turn|8
|
|move|p2a: Landorus-Therian|U-turn|p1a: Talonflame
|-resisted|p1a: Talonflame
|-damage|p1a: Talonflame|229\/297
|
|switch|p2a: Sableye|Sableye, M|303\/303
|-damage|p2a: Sableye|266\/303|[from] Stealth Rock
|move|p1a: Talonflame|Swords Dance|p1a: Talonflame
|-boost|p1a: Talonflame|atk|2
|
|turn|9
|
|detailschange|p2a: Sableye|Sableye-Mega, M
|message|Sableye has Mega Evolved into Mega Sableye!
|move|p1a: Talonflame|Brave Bird|p2a: Sableye
|-damage|p2a: Sableye|56\/303
|-damage|p1a: Talonflame|160\/297|[from] recoil|[of] p2a: Sableye
|move|p2a: Sableye|Shadow Ball|p1a: Talonflame
|-damage|p1a: Talonflame|34\/297
|-unboost|p1a: Talonflame|spd|1
|
|turn|10
|
|move|p1a: Talonflame|Brave Bird|p2a: Sableye
|-damage|p2a: Sableye|0 fnt
|-damage|p1a: Talonflame|16\/297|[from] recoil|[of] p2a: Sableye
|faint|p2a: Sableye
|
|
|switch|p2a: Azumarill|Azumarill, F|204\/403
|-damage|p2a: Azumarill|154\/403|[from] Stealth Rock
|turn|11
|
|move|p1a: Talonflame|Brave Bird|p2a: Azumarill
|-damage|p2a: Azumarill|0 fnt
|-damage|p1a: Talonflame|0 fnt|[from] recoil|[of] p2a: Azumarill
|faint|p2a: Azumarill
|faint|p1a: Talonflame
|
|
|switch|p2a: Latios|Latios, M|309\/309
|-damage|p2a: Latios|271\/309|[from] Stealth Rock
|switch|p1a: Landorus-Therian|Landorus-Therian, M|103\/382
|-damage|p1a: Landorus-Therian|56\/382|[from] Stealth Rock
|-ability|p1a: Landorus-Therian|Intimidate|[of] p2a: Latios
|-unboost|p2a: Latios|atk|1
|turn|12
|
|move|p2a: Latios|Psyshock|p1a: Landorus-Therian
|-damage|p1a: Landorus-Therian|0 fnt
|-damage|p2a: Latios|241\/309|[from] item: Life Orb
|faint|p1a: Landorus-Therian
|
|
|switch|p1a: Azumarill|Azumarill, F|358\/358
|-damage|p1a: Azumarill|314\/358|[from] Stealth Rock
|turn|13
|
|switch|p2a: Ferrothorn|Ferrothorn, F|351\/351
|-damage|p2a: Ferrothorn|330\/351|[from] Stealth Rock
|move|p1a: Azumarill|Belly Drum|p1a: Azumarill
|-damage|p1a: Azumarill|135\/358
|-setboost|p1a: Azumarill|atk|6|[from] move: Belly Drum
|-enditem|p1a: Azumarill|Sitrus Berry|[eat]
|-heal|p1a: Azumarill|224\/358|[from] item: Sitrus Berry
|
|-heal|p2a: Ferrothorn|351\/351|[from] item: Leftovers
|turn|14
|
|move|p1a: Azumarill|Play Rough|p2a: Ferrothorn
|-resisted|p2a: Ferrothorn
|-damage|p2a: Ferrothorn|112\/351
|-damage|p1a: Azumarill|180\/358|[from] ability: Iron Barbs|[of] p2a: Ferrothorn
|move|p2a: Ferrothorn|Gyro Ball|p1a: Azumarill
|-damage|p1a: Azumarill|38\/358
|
|-heal|p2a: Ferrothorn|133\/351|[from] item: Leftovers
|turn|15
|
|move|p1a: Azumarill|Waterfall|p2a: Ferrothorn
|-resisted|p2a: Ferrothorn
|-damage|p2a: Ferrothorn|0 fnt
|-damage|p1a: Azumarill|0 fnt|[from] ability: Iron Barbs|[of] p2a: Ferrothorn
|faint|p1a: Azumarill
|faint|p2a: Ferrothorn
|
|
|switch|p1a: Keldeo|Keldeo|323\/323
|-damage|p1a: Keldeo|303\/323|[from] Stealth Rock
|switch|p2a: Magnezone|Magnezone|321\/321
|-damage|p2a: Magnezone|301\/321|[from] Stealth Rock
|turn|16
|
|switch|p1a: Mamoswine|Mamoswine, F|362\/362
|-damage|p1a: Mamoswine|317\/362|[from] Stealth Rock
|switch|p2a: Latios|Latios, M|241\/309
|-damage|p2a: Latios|203\/309|[from] Stealth Rock
|
|turn|17
|
|switch|p2a: Magnezone|Magnezone|301\/321
|-damage|p2a: Magnezone|281\/321|[from] Stealth Rock
|move|p1a: Mamoswine|Ice Shard|p2a: Magnezone
|-resisted|p2a: Magnezone
|-damage|p2a: Magnezone|238\/321
|-damage|p1a: Mamoswine|281\/362|[from] item: Life Orb
|
|turn|18
|
|switch|p2a: Landorus-Therian|Landorus-Therian, M|168\/323
|-damage|p2a: Landorus-Therian|128\/323|[from] Stealth Rock
|-ability|p2a: Landorus-Therian|Intimidate|[of] p1a: Mamoswine
|-unboost|p1a: Mamoswine|atk|1
|move|p1a: Mamoswine|Earthquake|p2a: Landorus-Therian
|-immune|p2a: Landorus-Therian|[msg]
|
|turn|19
|
|move|p2a: Landorus-Therian|Superpower|p1a: Mamoswine
|-supereffective|p1a: Mamoswine
|-damage|p1a: Mamoswine|0 fnt
|-unboost|p2a: Landorus-Therian|atk|1
|-unboost|p2a: Landorus-Therian|def|1
|faint|p1a: Mamoswine
|
|
|switch|p1a: Latias|Latias, F|301\/301
|-damage|p1a: Latias|264\/301|[from] Stealth Rock
|turn|20
|
|switch|p2a: Magnezone|Magnezone|238\/321
|-damage|p2a: Magnezone|218\/321|[from] Stealth Rock
|detailschange|p1a: Latias|Latias-Mega, F
|message|Latias has Mega Evolved into Mega Latias!
|move|p1a: Latias|Calm Mind|p1a: Latias
|-boost|p1a: Latias|spa|1
|-boost|p1a: Latias|spd|1
|
|turn|21
|
|move|p1a: Latias|Dragon Pulse|p2a: Magnezone
|-resisted|p2a: Magnezone
|-damage|p2a: Magnezone|98\/321
|move|p2a: Magnezone|Flash Cannon|p1a: Latias
|-crit|p1a: Latias
|-damage|p1a: Latias|20\/301
|
|turn|22
|
|move|p1a: Latias|Dragon Pulse|p2a: Magnezone
|-resisted|p2a: Magnezone
|-damage|p2a: Magnezone|0 fnt
|faint|p2a: Magnezone
|
|
|switch|p2a: Landorus-Therian|Landorus-Therian, M|128\/323
|-damage|p2a: Landorus-Therian|88\/323|[from] Stealth Rock
|-ability|p2a: Landorus-Therian|Intimidate|[of] p1a: Latias
|-unboost|p1a: Latias|atk|1
|turn|23
|
|move|p2a: Landorus-Therian|U-turn|p1a: Latias
|-supereffective|p1a: Latias
|-damage|p1a: Latias|0 fnt
|faint|p1a: Latias
|
|switch|p2a: Latios|Latios, M|203\/309
|-damage|p2a: Latios|165\/309|[from] Stealth Rock
|
|
|switch|p1a: Keldeo|Keldeo|303\/323
|-damage|p1a: Keldeo|283\/323|[from] Stealth Rock
|turn|24
|
|move|p2a: Latios|Psyshock|p1a: Keldeo
|-supereffective|p1a: Keldeo
|-damage|p1a: Keldeo|0 fnt
|-damage|p2a: Latios|135\/309|[from] item: Life Orb
|faint|p1a: Keldeo
|
|win|In Your Window
|raw|Ladder updating...
|leave|Void123
|player|p1
|raw|Void123's rating: 1546 &rarr; <strong>1520<\/strong><br \/>(-26 for losing)
|raw|In Your Window's rating: 1443 &rarr; <strong>1469<\/strong><br \/>(+26 for winning)