|join|In Your Window
|join|Im Texas Tough
|player|p1|In Your Window|169
|player|p2|Im Texas Tough|1
|gametype|singles
|gen|6
|tier|ORAS OU
|rated
|rule|Sleep Clause Mod: Limit one foe put to sleep
|rule|Species Clause: Limit one of each PokÃ©mon
|rule|OHKO Clause: OHKO moves are banned
|rule|Moody Clause: Moody is banned
|rule|Evasion Moves Clause: Evasion moves are banned
|rule|Endless Battle Clause: Forcing endless battles is banned
|rule|HP Percentage Mod: HP is shown in percentages
|clearpoke
|poke|p1|Sharpedo, F
|poke|p1|Skarmory, F
|poke|p1|Landorus, M
|poke|p1|Heatran, M
|poke|p1|Conkeldurr, M
|poke|p1|Garchomp, M
|poke|p2|Bisharp, M
|poke|p2|Conkeldurr, F
|poke|p2|Aggron, F
|poke|p2|Espeon, M
|poke|p2|Rotom-Wash
|poke|p2|Zygarde
|rule|Swagger Clause: Swagger is banned
|rule|Baton Pass Clause: Limit one PokÃ©mon knowing Baton Pass
|teampreview
|
|start
|switch|p1a: Garchomp|Garchomp, M|357\/357
|switch|p2a: Conkeldurr|Conkeldurr, F|404\/404
|turn|1
|
|switch|p1a: Skarmory|Skarmory, F|333\/333
|move|p2a: Conkeldurr|Ice Punch|p1a: Skarmory
|-damage|p1a: Skarmory|272\/333
|-status|p1a: Skarmory|frz
|
|turn|2
|
|cant|p1a: Skarmory|frz
|move|p2a: Conkeldurr|Knock Off|p1a: Skarmory
|-damage|p1a: Skarmory|192\/333 frz
|-enditem|p1a: Skarmory|Shed Shell|[from] move: Knock Off|[of] p2a: Conkeldurr
|
|turn|3
|join|LaughingFoxxORAS
|
|switch|p2a: Rotom-Wash|Rotom-Wash|241\/241
|cant|p1a: Skarmory|frz
|
|turn|4
|
|switch|p1a: Garchomp|Garchomp, M|357\/357
|move|p2a: Rotom-Wash|Hydro Pump|p1a: Garchomp
|-damage|p1a: Garchomp|155\/357
|
|turn|5
|c| LaughingFoxxORAS|In your window snatching your peopel up
|
|switch|p1a: Conkeldurr|Conkeldurr, M|357\/357
|move|p2a: Rotom-Wash|Hydro Pump|p1a: Conkeldurr
|-damage|p1a: Conkeldurr|237\/357
|
|turn|6
|
|switch|p2a: Conkeldurr|Conkeldurr, F|404\/404
|move|p1a: Conkeldurr|Drain Punch|p2a: Conkeldurr
|-crit|p2a: Conkeldurr
|-damage|p2a: Conkeldurr|152\/404
|-heal|p1a: Conkeldurr|357\/357|[from] drain|[of] p2a: Conkeldurr
|
|turn|7
|
|move|p2a: Conkeldurr|Drain Punch|p1a: Conkeldurr
|-damage|p1a: Conkeldurr|194\/357
|-heal|p2a: Conkeldurr|234\/404|[from] drain|[of] p1a: Conkeldurr
|move|p1a: Conkeldurr|Drain Punch|p2a: Conkeldurr
|-damage|p2a: Conkeldurr|83\/404
|-heal|p1a: Conkeldurr|270\/357|[from] drain|[of] p2a: Conkeldurr
|
|turn|8
|c| LaughingFoxxORAS|Ewww O-o
|
|switch|p2a: Espeon|Espeon, M|272\/272
|move|p1a: Conkeldurr|Mach Punch|p2a: Espeon
|-resisted|p2a: Espeon
|-damage|p2a: Espeon|209\/272
|
|-heal|p2a: Espeon|226\/272|[from] item: Leftovers
|turn|9
|
|switch|p1a: Heatran|Heatran, M|385\/385
|move|p2a: Espeon|Psyshock|p1a: Heatran
|-resisted|p1a: Heatran
|-damage|p1a: Heatran|319\/385
|
|-heal|p2a: Espeon|243\/272|[from] item: Leftovers
|-heal|p1a: Heatran|343\/385|[from] item: Leftovers
|turn|10
|
|switch|p2a: Zygarde|Zygarde|358\/358
|-ability|p2a: Zygarde|Aura Break
|move|p1a: Heatran|Lava Plume|p2a: Zygarde
|-resisted|p2a: Zygarde
|-damage|p2a: Zygarde|291\/358
|
|-heal|p1a: Heatran|367\/385|[from] item: Leftovers
|turn|11
|
|switch|p2a: Rotom-Wash|Rotom-Wash|241\/241
|switch|p1a: Skarmory|Skarmory, F|192\/333 frz
|
|turn|12
|
|switch|p1a: Conkeldurr|Conkeldurr, M|270\/357
|move|p2a: Rotom-Wash|Volt Switch|p1a: Conkeldurr
|-damage|p1a: Conkeldurr|189\/357
|
|switch|p2a: Espeon|Espeon, M|243\/272
|
|-heal|p2a: Espeon|260\/272|[from] item: Leftovers
|turn|13
|
|switch|p1a: Sharpedo|Sharpedo, F|281\/281
|move|p2a: Espeon|Psyshock|p1a: Sharpedo
|-immune|p1a: Sharpedo|[msg]
|
|-heal|p2a: Espeon|272\/272|[from] item: Leftovers
|turn|14
|
|switch|p2a: Conkeldurr|Conkeldurr, F|83\/404
|move|p1a: Sharpedo|Protect|p1a: Sharpedo
|-fail|p1a: Sharpedo
|
|-boost|p1a: Sharpedo|spe|1|[from] ability: Speed Boost
|turn|15
|
|move|p1a: Sharpedo|Protect|p1a: Sharpedo
|-singleturn|p1a: Sharpedo|Protect
|move|p2a: Conkeldurr|Mach Punch|p1a: Sharpedo
|-activate|p1a: Sharpedo|Protect
|
|-boost|p1a: Sharpedo|spe|1|[from] ability: Speed Boost
|turn|16
|
|detailschange|p1a: Sharpedo|Sharpedo-Mega, F
|message|Sharpedo has Mega Evolved into Mega Sharpedo!
|move|p2a: Conkeldurr|Mach Punch|p1a: Sharpedo
|-supereffective|p1a: Sharpedo
|-damage|p1a: Sharpedo|51\/281
|move|p1a: Sharpedo|Waterfall|p2a: Conkeldurr
|-damage|p2a: Conkeldurr|0 fnt
|faint|p2a: Conkeldurr
|
|
|switch|p2a: Zygarde|Zygarde|291\/358
|-ability|p2a: Zygarde|Aura Break
|turn|17
|
|switch|p1a: Skarmory|Skarmory, F|192\/333 frz
|move|p2a: Zygarde|Extreme Speed|p1a: Skarmory
|-resisted|p1a: Skarmory
|-damage|p1a: Skarmory|167\/333 frz
|
|turn|18
|
|switch|p2a: Espeon|Espeon, M|272\/272
|switch|p1a: Conkeldurr|Conkeldurr, M|189\/357
|
|turn|19
|
|switch|p1a: Heatran|Heatran, M|367\/385
|move|p2a: Espeon|Dazzling Gleam|p1a: Heatran
|-resisted|p1a: Heatran
|-damage|p1a: Heatran|350\/385
|
|-heal|p1a: Heatran|374\/385|[from] item: Leftovers
|turn|20
|
|switch|p2a: Rotom-Wash|Rotom-Wash|241\/241
|move|p1a: Heatran|Lava Plume|p2a: Rotom-Wash
|-resisted|p2a: Rotom-Wash
|-damage|p2a: Rotom-Wash|182\/241
|
|-heal|p1a: Heatran|385\/385|[from] item: Leftovers
|turn|21
|
|move|p1a: Heatran|Protect|p1a: Heatran
|-singleturn|p1a: Heatran|Protect
|move|p2a: Rotom-Wash|Volt Switch|p1a: Heatran
|-activate|p1a: Heatran|Protect
|
|turn|22
|
|switch|p2a: Aggron|Aggron, F|334\/334
|switch|p1a: Landorus|Landorus, M|319\/319
|
|turn|23
|
|switch|p2a: Rotom-Wash|Rotom-Wash|182\/241
|move|p1a: Landorus|Earth Power|p2a: Rotom-Wash
|-immune|p2a: Rotom-Wash|[msg]
|
|turn|24
|
|switch|p1a: Skarmory|Skarmory, F|167\/333 frz
|move|p2a: Rotom-Wash|Hydro Pump|p1a: Skarmory|[miss]
|-miss|p2a: Rotom-Wash|p1a: Skarmory
|
|turn|25
|
|move|p2a: Rotom-Wash|Hydro Pump|p1a: Skarmory|[miss]
|-miss|p2a: Rotom-Wash|p1a: Skarmory
|cant|p1a: Skarmory|frz
|
|turn|26
|
|move|p2a: Rotom-Wash|Hydro Pump|p1a: Skarmory|[miss]
|-miss|p2a: Rotom-Wash|p1a: Skarmory
|cant|p1a: Skarmory|frz
|
|turn|27
|
|move|p2a: Rotom-Wash|Hydro Pump|p1a: Skarmory
|-damage|p1a: Skarmory|0 fnt
|faint|p1a: Skarmory
|
|c| LaughingFoxxORAS|lol
|
|switch|p1a: Conkeldurr|Conkeldurr, M|189\/357
|turn|28
|
|switch|p2a: Zygarde|Zygarde|291\/358
|-ability|p2a: Zygarde|Aura Break
|move|p1a: Conkeldurr|Drain Punch|p2a: Zygarde
|-damage|p2a: Zygarde|161\/358
|-heal|p1a: Conkeldurr|254\/357|[from] drain|[of] p2a: Zygarde
|
|turn|29
|
|move|p2a: Zygarde|Outrage|p1a: Conkeldurr
|-crit|p1a: Conkeldurr
|-damage|p1a: Conkeldurr|0 fnt
|faint|p1a: Conkeldurr
|
|
|switch|p1a: Garchomp|Garchomp, M|155\/357
|turn|30
|
|move|p1a: Garchomp|Dragon Claw|p2a: Zygarde
|-supereffective|p2a: Zygarde
|-damage|p2a: Zygarde|0 fnt
|faint|p2a: Zygarde
|
|
|switch|p2a: Bisharp|Bisharp, M|272\/272
|turn|31
|
|move|p2a: Bisharp|Sucker Punch|p1a: Garchomp
|-fail|p1a: Garchomp
|move|p1a: Garchomp|Stealth Rock|p2a: Bisharp
|-sidestart|p2: Im Texas Tough|move: Stealth Rock
|
|turn|32
|
|switch|p1a: Sharpedo|Sharpedo-Mega, F|51\/281
|move|p2a: Bisharp|Sucker Punch|p1a: Sharpedo
|-fail|p1a: Sharpedo
|
|turn|33
|
|move|p2a: Bisharp|Sucker Punch|p1a: Sharpedo
|-resisted|p1a: Sharpedo
|-damage|p1a: Sharpedo|0 fnt
|-damage|p2a: Bisharp|245\/272|[from] item: Life Orb
|faint|p1a: Sharpedo
|
|
|switch|p1a: Landorus|Landorus, M|319\/319
|turn|34
|
|move|p2a: Bisharp|Sucker Punch|p1a: Landorus
|-damage|p1a: Landorus|123\/319
|-damage|p2a: Bisharp|218\/272|[from] item: Life Orb
|move|p1a: Landorus|Earth Power|p2a: Bisharp
|-supereffective|p2a: Bisharp
|-damage|p2a: Bisharp|0 fnt
|faint|p2a: Bisharp
|
|
|switch|p2a: Espeon|Espeon, M|272\/272
|-damage|p2a: Espeon|238\/272|[from] Stealth Rock
|turn|35
|
|switch|p1a: Heatran|Heatran, M|385\/385
|move|p2a: Espeon|Psyshock|p1a: Heatran
|-resisted|p1a: Heatran
|-damage|p1a: Heatran|313\/385
|
|-heal|p2a: Espeon|255\/272|[from] item: Leftovers
|-heal|p1a: Heatran|337\/385|[from] item: Leftovers
|turn|36
|
|move|p2a: Espeon|Calm Mind|p2a: Espeon
|-boost|p2a: Espeon|spa|1
|-boost|p2a: Espeon|spd|1
|move|p1a: Heatran|Toxic|p2a: Espeon
|move|p2a: Espeon|Toxic|p1a: Heatran|[from]Magic Bounce
|-fail|p1a: Heatran
|
|-heal|p2a: Espeon|272\/272|[from] item: Leftovers
|-heal|p1a: Heatran|361\/385|[from] item: Leftovers
|turn|37
|
|move|p2a: Espeon|Calm Mind|p2a: Espeon
|-boost|p2a: Espeon|spa|1
|-boost|p2a: Espeon|spd|1
|move|p1a: Heatran|Lava Plume|p2a: Espeon
|-crit|p2a: Espeon
|-damage|p2a: Espeon|95\/272
|-status|p2a: Espeon|brn
|
|-heal|p2a: Espeon|112\/272 brn|[from] item: Leftovers
|-heal|p1a: Heatran|385\/385|[from] item: Leftovers
|-damage|p2a: Espeon|78\/272 brn|[from] brn
|turn|38
|
|move|p2a: Espeon|Psyshock|p1a: Heatran
|-resisted|p1a: Heatran
|-damage|p1a: Heatran|249\/385
|move|p1a: Heatran|Lava Plume|p2a: Espeon
|-damage|p2a: Espeon|14\/272 brn
|
|-heal|p2a: Espeon|31\/272 brn|[from] item: Leftovers
|-heal|p1a: Heatran|273\/385|[from] item: Leftovers
|-damage|p2a: Espeon|0 fnt|[from] brn
|faint|p2a: Espeon
|
|switch|p2a: Aggron|Aggron, F|334\/334
|-damage|p2a: Aggron|314\/334|[from] Stealth Rock
|turn|39
|
|switch|p1a: Landorus|Landorus, M|123\/319
|detailschange|p2a: Aggron|Aggron-Mega, F
|message|Aggron has Mega Evolved into Mega Aggron!
|move|p2a: Aggron|Stealth Rock|p1a: Landorus
|-sidestart|p1: In Your Window|move: Stealth Rock
|
|turn|40
|
|move|p1a: Landorus|Psychic|p2a: Aggron
|-resisted|p2a: Aggron
|-damage|p2a: Aggron|246\/334
|move|p2a: Aggron|Heavy Slam|p1a: Landorus
|-damage|p1a: Landorus|0 fnt
|faint|p1a: Landorus
|
|
|switch|p1a: Heatran|Heatran, M|273\/385
|-damage|p1a: Heatran|225\/385|[from] Stealth Rock
|turn|41
|
|move|p1a: Heatran|Protect|p1a: Heatran
|-singleturn|p1a: Heatran|Protect
|move|p2a: Aggron|Roar|p1a: Heatran
|drag|p1a: Garchomp|Garchomp, M|155\/357
|-damage|p1a: Garchomp|133\/357|[from] Stealth Rock
|
|turn|42
|
|move|p1a: Garchomp|Fire Blast|p2a: Aggron
|-supereffective|p2a: Aggron
|-damage|p2a: Aggron|156\/334
|move|p2a: Aggron|Heavy Slam|p1a: Garchomp
|-damage|p1a: Garchomp|0 fnt
|-damage|p2a: Aggron|115\/334|[from] ability: Rough Skin|[of] p1a: Garchomp
|faint|p1a: Garchomp
|
|
|switch|p1a: Heatran|Heatran, M|225\/385
|-damage|p1a: Heatran|177\/385|[from] Stealth Rock
|turn|43
|
|switch|p2a: Rotom-Wash|Rotom-Wash|182\/241
|-damage|p2a: Rotom-Wash|152\/241|[from] Stealth Rock
|move|p1a: Heatran|Protect|p1a: Heatran
|-fail|p1a: Heatran
|
|-heal|p1a: Heatran|201\/385|[from] item: Leftovers
|turn|44
|
|move|p1a: Heatran|Protect|p1a: Heatran
|-singleturn|p1a: Heatran|Protect
|move|p2a: Rotom-Wash|Volt Switch|p1a: Heatran
|-activate|p1a: Heatran|Protect
|
|-heal|p1a: Heatran|225\/385|[from] item: Leftovers
|turn|45
|
|move|p2a: Rotom-Wash|Volt Switch|p1a: Heatran
|-damage|p1a: Heatran|143\/385
|
|switch|p2a: Aggron|Aggron-Mega, F|115\/334
|-damage|p2a: Aggron|95\/334|[from] Stealth Rock
|move|p1a: Heatran|Lava Plume|p2a: Aggron
|-supereffective|p2a: Aggron
|-damage|p2a: Aggron|0 fnt
|faint|p2a: Aggron
|
|-heal|p1a: Heatran|167\/385|[from] item: Leftovers
|
|switch|p2a: Rotom-Wash|Rotom-Wash|152\/241
|-damage|p2a: Rotom-Wash|122\/241|[from] Stealth Rock
|turn|46
|
|move|p1a: Heatran|Protect|p1a: Heatran
|-singleturn|p1a: Heatran|Protect
|move|p2a: Rotom-Wash|Thunderbolt|p1a: Heatran
|-activate|p1a: Heatran|Protect
|
|-heal|p1a: Heatran|191\/385|[from] item: Leftovers
|turn|47
|
|move|p2a: Rotom-Wash|Thunderbolt|p1a: Heatran
|-damage|p1a: Heatran|83\/385
|move|p1a: Heatran|Toxic|p2a: Rotom-Wash
|-status|p2a: Rotom-Wash|tox
|
|-heal|p1a: Heatran|107\/385|[from] item: Leftovers
|-damage|p2a: Rotom-Wash|107\/241 tox|[from] psn
|turn|48
|
|move|p1a: Heatran|Protect|p1a: Heatran
|-singleturn|p1a: Heatran|Protect
|move|p2a: Rotom-Wash|Thunderbolt|p1a: Heatran
|-activate|p1a: Heatran|Protect
|
|-heal|p1a: Heatran|131\/385|[from] item: Leftovers
|-damage|p2a: Rotom-Wash|77\/241 tox|[from] psn
|turn|49
|
|move|p1a: Heatran|Protect|p1a: Heatran
|-fail|p1a: Heatran
|move|p2a: Rotom-Wash|Thunderbolt|p1a: Heatran
|-damage|p1a: Heatran|26\/385
|
|-heal|p1a: Heatran|50\/385|[from] item: Leftovers
|-damage|p2a: Rotom-Wash|32\/241 tox|[from] psn
|turn|50
|
|move|p1a: Heatran|Protect|p1a: Heatran
|-singleturn|p1a: Heatran|Protect
|move|p2a: Rotom-Wash|Thunderbolt|p1a: Heatran
|-activate|p1a: Heatran|Protect
|
|-heal|p1a: Heatran|74\/385|[from] item: Leftovers
|-damage|p2a: Rotom-Wash|0 fnt|[from] psn
|faint|p2a: Rotom-Wash
|
|win|In Your Window
|raw|Ladder updating...
|raw|In Your Window's rating: 1338 &rarr; <strong>1357<\/strong><br \/>(+19 for winning)
|raw|Im Texas Tough's rating: 1325 &rarr; <strong>1306<\/strong><br \/>(-19 for losing)
|c|âIm Texas Tough|wow gg
|c|âIn Your Window|gg
|leave|In Your Window
|player|p1