|join|tele strikes back
|join|In Your Window
|player|p1|tele strikes back|168
|player|p2|In Your Window|101
|gametype|singles
|gen|6
|tier|ORAS OU
|rated
|rule|Sleep Clause Mod: Limit one foe put to sleep
|rule|Species Clause: Limit one of each PokÃ©mon
|rule|OHKO Clause: OHKO moves are banned
|rule|Moody Clause: Moody is banned
|rule|Evasion Moves Clause: Evasion moves are banned
|rule|Endless Battle Clause: Forcing endless battles is banned
|rule|HP Percentage Mod: HP is shown in percentages
|clearpoke
|poke|p1|Slowbro, F
|poke|p1|Latios, M
|poke|p1|Clefable, F
|poke|p1|Keldeo
|poke|p1|Landorus-Therian, M
|poke|p1|Scizor, M
|poke|p2|Greninja, M
|poke|p2|Ferrothorn, M
|poke|p2|Starmie
|poke|p2|Mamoswine, F
|poke|p2|Gliscor, F
|poke|p2|Lopunny, M
|rule|Swagger Clause: Swagger is banned
|rule|Baton Pass Clause: Limit one PokÃ©mon knowing Baton Pass
|teampreview
|
|start
|switch|p1a: Keldeo|Keldeo|323\/323
|switch|p2a: Starmie|Starmie|323\/323
|turn|1
|
|move|p1a: Keldeo|Hidden Power|p2a: Starmie
|-supereffective|p2a: Starmie
|-damage|p2a: Starmie|137\/323
|move|p2a: Starmie|Scald|p1a: Keldeo
|-resisted|p1a: Keldeo
|-damage|p1a: Keldeo|269\/323
|
|-heal|p2a: Starmie|157\/323|[from] item: Leftovers
|turn|2
|
|switch|p1a: Scizor|Scizor, M|324\/324
|switch|p2a: Mamoswine|Mamoswine, F|361\/361
|
|turn|3
|
|switch|p2a: Ferrothorn|Ferrothorn, M|352\/352
|detailschange|p1a: Scizor|Scizor-Mega, M
|message|Scizor has Mega Evolved into Mega Scizor!
|move|p1a: Scizor|Swords Dance|p1a: Scizor
|-boost|p1a: Scizor|atk|2
|
|turn|4
|
|switch|p2a: Gliscor|Gliscor, F|352\/352
|move|p1a: Scizor|Superpower|p2a: Gliscor
|-resisted|p2a: Gliscor
|-damage|p2a: Gliscor|226\/352
|-unboost|p1a: Scizor|atk|1
|-unboost|p1a: Scizor|def|1
|
|-status|p2a: Gliscor|tox|[from] item: Toxic Orb
|turn|5
|join|jake5
|
|move|p1a: Scizor|Bullet Punch|p2a: Gliscor
|-damage|p2a: Gliscor|96\/352 tox
|move|p2a: Gliscor|Earthquake|p1a: Scizor
|-damage|p1a: Scizor|194\/324
|
|-heal|p2a: Gliscor|140\/352 tox|[from] ability: Poison Heal
|turn|6
|
|move|p2a: Gliscor|Protect|p2a: Gliscor
|-singleturn|p2a: Gliscor|Protect
|move|p1a: Scizor|Bullet Punch|p2a: Gliscor
|-activate|p2a: Gliscor|Protect
|
|-heal|p2a: Gliscor|184\/352 tox|[from] ability: Poison Heal
|turn|7
|
|switch|p2a: Ferrothorn|Ferrothorn, M|352\/352
|switch|p1a: Keldeo|Keldeo|269\/323
|
|turn|8
|
|switch|p2a: Gliscor|Gliscor, F|184\/352 tox
|move|p1a: Keldeo|Secret Sword|p2a: Gliscor
|-resisted|p2a: Gliscor
|-damage|p2a: Gliscor|128\/352 tox
|
|-heal|p2a: Gliscor|172\/352 tox|[from] ability: Poison Heal
|turn|9
|
|switch|p1a: Landorus-Therian|Landorus-Therian, M|382\/382
|-ability|p1a: Landorus-Therian|Intimidate|[of] p2a: Gliscor
|-unboost|p2a: Gliscor|atk|1
|move|p2a: Gliscor|Toxic|p1a: Landorus-Therian
|-status|p1a: Landorus-Therian|tox
|
|-heal|p2a: Gliscor|216\/352 tox|[from] ability: Poison Heal
|-damage|p1a: Landorus-Therian|359\/382 tox|[from] psn
|turn|10
|
|switch|p2a: Ferrothorn|Ferrothorn, M|352\/352
|move|p1a: Landorus-Therian|Stealth Rock|p2a: Ferrothorn
|-sidestart|p2: In Your Window|move: Stealth Rock
|
|-heal|p1a: Landorus-Therian|382\/382 tox|[from] item: Leftovers
|-damage|p1a: Landorus-Therian|336\/382 tox|[from] psn
|turn|11
|join|stalkly3
|
|switch|p1a: Clefable|Clefable, F|394\/394
|move|p2a: Ferrothorn|Leech Seed|p1a: Clefable
|-start|p1a: Clefable|move: Leech Seed
|
|turn|12
|join|Stabbed to Death
|
|switch|p2a: Starmie|Starmie|157\/323
|-damage|p2a: Starmie|117\/323|[from] Stealth Rock
|move|p1a: Clefable|Flamethrower|p2a: Starmie
|-resisted|p2a: Starmie
|-damage|p2a: Starmie|78\/323
|
|-heal|p2a: Starmie|98\/323|[from] item: Leftovers
|turn|13
|
|switch|p1a: Latios|Latios, M|302\/302
|move|p2a: Starmie|Recover|p2a: Starmie
|-heal|p2a: Starmie|260\/323
|
|-heal|p2a: Starmie|280\/323|[from] item: Leftovers
|turn|14
|
|move|p1a: Latios|Draco Meteor|p2a: Starmie
|-crit|p2a: Starmie
|-damage|p2a: Starmie|0 fnt
|-unboost|p1a: Latios|spa|2
|faint|p2a: Starmie
|
|
|switch|p2a: Lopunny|Lopunny, M|271\/271
|-damage|p2a: Lopunny|238\/271|[from] Stealth Rock
|turn|15
|
|switch|p1a: Slowbro|Slowbro, F|394\/394
|switch|p2a: Greninja|Greninja, M|285\/285
|-damage|p2a: Greninja|250\/285|[from] Stealth Rock
|
|turn|16
|
|switch|p1a: Keldeo|Keldeo|269\/323
|move|p2a: Greninja|Dark Pulse|p1a: Keldeo
|-start|p2a: Greninja|typechange|Dark|[from] Protean
|-resisted|p1a: Keldeo
|-damage|p1a: Keldeo|187\/323
|-boost|p1a: Keldeo|atk|1|[from] ability: Justified
|-damage|p2a: Greninja|222\/285|[from] item: Life Orb
|
|turn|17
|
|switch|p2a: Gliscor|Gliscor, F|216\/352 tox
|-damage|p2a: Gliscor|172\/352 tox|[from] Stealth Rock
|move|p1a: Keldeo|Scald|p2a: Gliscor
|-supereffective|p2a: Gliscor
|-damage|p2a: Gliscor|0 fnt
|faint|p2a: Gliscor
|
|
|switch|p2a: Ferrothorn|Ferrothorn, M|352\/352
|-damage|p2a: Ferrothorn|330\/352|[from] Stealth Rock
|turn|18
|
|switch|p1a: Slowbro|Slowbro, F|394\/394
|move|p2a: Ferrothorn|Spikes|p1a: Slowbro
|-sidestart|p1: tele strikes back|Spikes
|
|-heal|p2a: Ferrothorn|352\/352|[from] item: Leftovers
|turn|19
|
|move|p1a: Slowbro|Scald|p2a: Ferrothorn
|-resisted|p2a: Ferrothorn
|-damage|p2a: Ferrothorn|319\/352
|move|p2a: Ferrothorn|Leech Seed|p1a: Slowbro
|-start|p1a: Slowbro|move: Leech Seed
|
|-heal|p2a: Ferrothorn|341\/352|[from] item: Leftovers
|-damage|p1a: Slowbro|345\/394|[from] Leech Seed|[of] p2a: Ferrothorn
|-heal|p2a: Ferrothorn|352\/352|[silent]
|turn|20
|
|move|p1a: Slowbro|Scald|p2a: Ferrothorn
|-resisted|p2a: Ferrothorn
|-damage|p2a: Ferrothorn|322\/352
|move|p2a: Ferrothorn|Power Whip|p1a: Slowbro
|-supereffective|p1a: Slowbro
|-damage|p1a: Slowbro|177\/394
|
|-heal|p1a: Slowbro|201\/394|[from] item: Leftovers
|-heal|p2a: Ferrothorn|344\/352|[from] item: Leftovers
|-damage|p1a: Slowbro|152\/394|[from] Leech Seed|[of] p2a: Ferrothorn
|-heal|p2a: Ferrothorn|352\/352|[silent]
|turn|21
|
|move|p1a: Slowbro|Slack Off|p1a: Slowbro
|-heal|p1a: Slowbro|349\/394
|move|p2a: Ferrothorn|Spikes|p1a: Slowbro
|-sidestart|p1: tele strikes back|Spikes
|
|-heal|p1a: Slowbro|373\/394|[from] item: Leftovers
|-damage|p1a: Slowbro|324\/394|[from] Leech Seed|[of] p2a: Ferrothorn
|turn|22
|
|switch|p1a: Clefable|Clefable, F|394\/394
|move|p2a: Ferrothorn|Power Whip|p1a: Clefable
|-damage|p1a: Clefable|264\/394
|
|-heal|p1a: Clefable|288\/394|[from] item: Leftovers
|turn|23
|join|Alldaalts
|
|move|p1a: Clefable|Flamethrower|p2a: Ferrothorn
|-supereffective|p2a: Ferrothorn
|-damage|p2a: Ferrothorn|156\/352
|-status|p2a: Ferrothorn|brn
|move|p2a: Ferrothorn|Spikes|p1a: Clefable
|-sidestart|p1: tele strikes back|Spikes
|
|-heal|p1a: Clefable|312\/394|[from] item: Leftovers
|-heal|p2a: Ferrothorn|178\/352 brn|[from] item: Leftovers
|-damage|p2a: Ferrothorn|134\/352 brn|[from] brn
|turn|24
|
|switch|p1a: Latios|Latios, M|302\/302
|move|p2a: Ferrothorn|Power Whip|p1a: Latios
|-resisted|p1a: Latios
|-damage|p1a: Latios|258\/302
|
|-heal|p2a: Ferrothorn|156\/352 brn|[from] item: Leftovers
|-damage|p2a: Ferrothorn|112\/352 brn|[from] brn
|turn|25
|
|move|p1a: Latios|Defog|p2a: Ferrothorn
|-unboost|p2a: Ferrothorn|evasion|1
|-sideend|p2: In Your Window|Stealth Rock|[from] move: Defog|[of] p2a: Ferrothorn
|-sideend|p1: tele strikes back|Spikes|[from] move: Defog|[of] p1a: Latios
|move|p2a: Ferrothorn|Thunder Wave|p1a: Latios
|-status|p1a: Latios|par
|
|-heal|p2a: Ferrothorn|134\/352 brn|[from] item: Leftovers
|-damage|p2a: Ferrothorn|90\/352 brn|[from] brn
|turn|26
|
|switch|p1a: Landorus-Therian|Landorus-Therian, M|336\/382 tox
|-ability|p1a: Landorus-Therian|Intimidate|[of] p2a: Ferrothorn
|-unboost|p2a: Ferrothorn|atk|1
|move|p2a: Ferrothorn|Spikes|p1a: Landorus-Therian
|-sidestart|p1: tele strikes back|Spikes
|
|-heal|p1a: Landorus-Therian|359\/382 tox|[from] item: Leftovers
|-heal|p2a: Ferrothorn|112\/352 brn|[from] item: Leftovers
|-damage|p1a: Landorus-Therian|336\/382 tox|[from] psn
|-damage|p2a: Ferrothorn|68\/352 brn|[from] brn
|turn|27
|join|IAmGingy
|
|move|p1a: Landorus-Therian|Stealth Rock|p2a: Ferrothorn
|-sidestart|p2: In Your Window|move: Stealth Rock
|move|p2a: Ferrothorn|Leech Seed|p1a: Landorus-Therian
|-start|p1a: Landorus-Therian|move: Leech Seed
|
|-heal|p1a: Landorus-Therian|359\/382 tox|[from] item: Leftovers
|-heal|p2a: Ferrothorn|90\/352 brn|[from] item: Leftovers
|-damage|p1a: Landorus-Therian|312\/382 tox|[from] Leech Seed|[of] p2a: Ferrothorn
|-heal|p2a: Ferrothorn|137\/352 brn|[silent]
|-damage|p1a: Landorus-Therian|266\/382 tox|[from] psn
|-damage|p2a: Ferrothorn|93\/352 brn|[from] brn
|turn|28
|
|move|p1a: Landorus-Therian|Earthquake|p2a: Ferrothorn
|-damage|p2a: Ferrothorn|0 fnt
|faint|p2a: Ferrothorn
|
|-heal|p1a: Landorus-Therian|289\/382 tox|[from] item: Leftovers
|-damage|p1a: Landorus-Therian|220\/382 tox|[from] psn
|
|switch|p2a: Lopunny|Lopunny, M|238\/271
|-damage|p2a: Lopunny|205\/271|[from] Stealth Rock
|turn|29
|c| jake5|can tele 6-0'?
|
|detailschange|p2a: Lopunny|Lopunny-Mega, M
|message|Lopunny has Mega Evolved into Mega Lopunny!
|move|p2a: Lopunny|Frustration|p1a: Landorus-Therian
|-damage|p1a: Landorus-Therian|63\/382 tox
|move|p1a: Landorus-Therian|Toxic|p2a: Lopunny
|-status|p2a: Lopunny|tox
|
|-heal|p1a: Landorus-Therian|86\/382 tox|[from] item: Leftovers
|-damage|p1a: Landorus-Therian|39\/382 tox|[from] Leech Seed|[of] p2a: Lopunny
|-heal|p2a: Lopunny|252\/271 tox|[silent]
|-damage|p2a: Lopunny|236\/271 tox|[from] psn
|-damage|p1a: Landorus-Therian|0 fnt|[from] psn
|faint|p1a: Landorus-Therian
|join|Omegasization
|
|switch|p1a: Keldeo|Keldeo|187\/323
|-damage|p1a: Keldeo|147\/323|[from] Spikes
|turn|30
|c|âIn Your Window|good game tele
|c|âtele strikes back|thanks
|join|haunter
|-message|In Your Window forfeited.
|
|win|tele strikes back
|raw|Ladder updating...
|leave|In Your Window
|player|p2
|raw|tele strikes back's rating: 1488 &rarr; <strong>1496<\/strong><br \/>(+8 for winning)
|raw|In Your Window's rating: 1267 &rarr; <strong>1256<\/strong><br \/>(-11 for losing)