|join|In Your Window
|join|Wyrmling
|player|p1|In Your Window|102
|player|p2|Wyrmling|170
|gametype|singles
|gen|6
|tier|ORAS OU
|rated
|rule|Sleep Clause Mod: Limit one foe put to sleep
|rule|Species Clause: Limit one of each PokÃ©mon
|rule|OHKO Clause: OHKO moves are banned
|rule|Moody Clause: Moody is banned
|rule|Evasion Moves Clause: Evasion moves are banned
|rule|Endless Battle Clause: Forcing endless battles is banned
|rule|HP Percentage Mod: HP is shown in percentages
|clearpoke
|poke|p1|Sceptile, F
|poke|p1|Azumarill, M
|poke|p1|Mamoswine, F
|poke|p1|Thundurus, M
|poke|p1|Magnezone
|poke|p1|Latios, M
|poke|p2|Forretress, F
|poke|p2|Conkeldurr, F
|poke|p2|Sableye, F
|poke|p2|Gengar, F
|poke|p2|Scolipede, F
|poke|p2|Azumarill, M
|rule|Swagger Clause: Swagger is banned
|rule|Baton Pass Clause: Limit one PokÃ©mon knowing Baton Pass
|teampreview
|
|start
|switch|p1a: Mamoswine|Mamoswine, F|361\/361
|switch|p2a: Conkeldurr|Conkeldurr, F|414\/414
|turn|1
|
|move|p1a: Mamoswine|Stealth Rock|p2a: Conkeldurr
|-sidestart|p2: Wyrmling|move: Stealth Rock
|move|p2a: Conkeldurr|Drain Punch|p1a: Mamoswine
|-supereffective|p1a: Mamoswine
|-enditem|p1a: Mamoswine|Focus Sash
|-damage|p1a: Mamoswine|1\/361
|
|turn|2
|
|switch|p1a: Azumarill|Azumarill, M|393\/393
|move|p2a: Conkeldurr|Knock Off|p1a: Azumarill
|-resisted|p1a: Azumarill
|-damage|p1a: Azumarill|311\/393
|-enditem|p1a: Azumarill|Assault Vest|[from] move: Knock Off|[of] p2a: Conkeldurr
|
|turn|3
|
|switch|p2a: Forretress|Forretress, F|354\/354
|-damage|p2a: Forretress|310\/354|[from] Stealth Rock
|move|p1a: Azumarill|Waterfall|p2a: Forretress
|-damage|p2a: Forretress|211\/354
|
|-heal|p2a: Forretress|233\/354|[from] item: Leftovers
|turn|4
|
|switch|p1a: Magnezone|Magnezone|281\/281
|move|p2a: Forretress|Rapid Spin|p1a: Magnezone
|-crit|p1a: Magnezone
|-resisted|p1a: Magnezone
|-damage|p1a: Magnezone|271\/281
|-sideend|p2: Wyrmling|Stealth Rock|[from] move: Rapid Spin|[of] p2a: Forretress
|
|-heal|p2a: Forretress|255\/354|[from] item: Leftovers
|turn|5
|
|move|p1a: Magnezone|Hidden Power|p2a: Forretress
|-supereffective|p2a: Forretress
|-damage|p2a: Forretress|0 fnt
|faint|p2a: Forretress
|
|
|switch|p2a: Conkeldurr|Conkeldurr, F|414\/414
|turn|6
|
|switch|p1a: Azumarill|Azumarill, M|311\/393
|move|p2a: Conkeldurr|Knock Off|p1a: Azumarill
|-resisted|p1a: Azumarill
|-damage|p1a: Azumarill|258\/393
|
|turn|7
|
|switch|p2a: Azumarill|Azumarill, M|404\/404
|move|p1a: Azumarill|Waterfall|p2a: Azumarill
|-resisted|p2a: Azumarill
|-damage|p2a: Azumarill|293\/404
|
|turn|8
|
|switch|p1a: Magnezone|Magnezone|271\/281
|move|p2a: Azumarill|Waterfall|p1a: Magnezone
|-damage|p1a: Magnezone|45\/281
|
|turn|9
|
|switch|p1a: Sceptile|Sceptile, F|281\/281
|switch|p2a: Conkeldurr|Conkeldurr, F|414\/414
|
|turn|10
|
|switch|p1a: Azumarill|Azumarill, M|258\/393
|move|p2a: Conkeldurr|Ice Punch|p1a: Azumarill
|-resisted|p1a: Azumarill
|-damage|p1a: Azumarill|201\/393
|
|turn|11
|
|switch|p2a: Scolipede|Scolipede, F|323\/323
|move|p1a: Azumarill|Play Rough|p2a: Scolipede
|-resisted|p2a: Scolipede
|-damage|p2a: Scolipede|222\/323
|
|turn|12
|
|move|p2a: Scolipede|Substitute|p2a: Scolipede
|-start|p2a: Scolipede|Substitute
|-damage|p2a: Scolipede|142\/323
|move|p1a: Azumarill|Waterfall|p2a: Scolipede
|-end|p2a: Scolipede|Substitute
|
|-boost|p2a: Scolipede|spe|1|[from] ability: Speed Boost
|turn|13
|
|move|p2a: Scolipede|Toxic Spikes|p1a: Azumarill
|-sidestart|p1: In Your Window|move: Toxic Spikes
|move|p1a: Azumarill|Waterfall|p2a: Scolipede
|-damage|p2a: Scolipede|0 fnt
|faint|p2a: Scolipede
|
|
|switch|p2a: Azumarill|Azumarill, M|293\/404
|turn|14
|
|move|p1a: Azumarill|Play Rough|p2a: Azumarill
|-damage|p2a: Azumarill|74\/404
|move|p2a: Azumarill|Play Rough|p1a: Azumarill
|-damage|p1a: Azumarill|0 fnt
|faint|p1a: Azumarill
|
|
|switch|p1a: Latios|Latios, M|301\/301
|turn|15
|
|switch|p2a: Conkeldurr|Conkeldurr, F|414\/414
|move|p1a: Latios|Psyshock|p2a: Conkeldurr
|-supereffective|p2a: Conkeldurr
|-damage|p2a: Conkeldurr|16\/414
|-damage|p1a: Latios|271\/301|[from] item: Life Orb
|
|turn|16
|
|move|p2a: Conkeldurr|Mach Punch|p1a: Latios
|-resisted|p1a: Latios
|-damage|p1a: Latios|223\/301
|move|p1a: Latios|Psyshock|p2a: Conkeldurr
|-supereffective|p2a: Conkeldurr
|-damage|p2a: Conkeldurr|0 fnt
|-damage|p1a: Latios|193\/301|[from] item: Life Orb
|faint|p2a: Conkeldurr
|
|
|switch|p2a: Sableye|Sableye, F|304\/304
|turn|17
|
|detailschange|p2a: Sableye|Sableye-Mega, F
|message|Sableye has Mega Evolved into Mega Sableye!
|move|p2a: Sableye|Calm Mind|p2a: Sableye
|-boost|p2a: Sableye|spa|1
|-boost|p2a: Sableye|spd|1
|move|p1a: Latios|Defog|p2a: Sableye
|move|p2a: Sableye|Defog|p1a: Latios|[from]Magic Bounce
|-unboost|p1a: Latios|evasion|1
|-sideend|p1: In Your Window|Toxic Spikes|[from] move: Defog|[of] p1a: Latios
|
|turn|18
|
|move|p1a: Latios|Draco Meteor|p2a: Sableye
|-damage|p2a: Sableye|160\/304
|-unboost|p1a: Latios|spa|2
|-damage|p1a: Latios|163\/301|[from] item: Life Orb
|move|p2a: Sableye|Calm Mind|p2a: Sableye
|-boost|p2a: Sableye|spa|1
|-boost|p2a: Sableye|spd|1
|
|turn|19
|
|switch|p1a: Thundurus|Thundurus, M|299\/299
|move|p2a: Sableye|Recover|p2a: Sableye
|-heal|p2a: Sableye|304\/304
|
|turn|20
|
|move|p1a: Thundurus|Thunderbolt|p2a: Sableye
|-damage|p2a: Sableye|244\/304
|-damage|p1a: Thundurus|270\/299|[from] item: Life Orb
|move|p2a: Sableye|Calm Mind|p2a: Sableye
|-boost|p2a: Sableye|spa|1
|-boost|p2a: Sableye|spd|1
|
|turn|21
|-message|In Your Window forfeited.
|
|win|Wyrmling
|raw|Ladder updating...
|raw|In Your Window's rating: 1234 &rarr; <strong>1203<\/strong><br \/>(-31 for losing)
|raw|Wyrmling's rating: 1149 &rarr; <strong>1180<\/strong><br \/>(+31 for winning)
|leave|In Your Window
|player|p1