|join|In Your Window
|join|JeyTheGrey
|player|p1|In Your Window|265
|player|p2|JeyTheGrey|163
|gametype|singles
|gen|6
|tier|ORAS OU
|rated
|rule|Sleep Clause Mod: Limit one foe put to sleep
|rule|Species Clause: Limit one of each PokÃ©mon
|rule|OHKO Clause: OHKO moves are banned
|rule|Moody Clause: Moody is banned
|rule|Evasion Moves Clause: Evasion moves are banned
|rule|Endless Battle Clause: Forcing endless battles is banned
|rule|HP Percentage Mod: HP is shown in percentages
|clearpoke
|poke|p1|Greninja, F
|poke|p1|Ferrothorn, F
|poke|p1|Mamoswine, F
|poke|p1|Lopunny, M
|poke|p1|Rotom-Wash
|poke|p1|Latios, M
|poke|p2|Slowbro, M
|poke|p2|Landorus-Therian, M
|poke|p2|Greninja, M
|poke|p2|Latias, F
|poke|p2|Clefable, M
|poke|p2|Ferrothorn, M
|rule|Swagger Clause: Swagger is banned
|rule|Baton Pass Clause: Limit one PokÃ©mon knowing Baton Pass
|teampreview
|join|Mulan Test
|
|start
|switch|p1a: Rotom-Wash|Rotom-Wash|303\/303
|switch|p2a: Slowbro|Slowbro, M|393\/393
|turn|1
|join|Keaa
|
|switch|p2a: Latias|Latias, F|301\/301
|move|p1a: Rotom-Wash|Volt Switch|p2a: Latias
|-resisted|p2a: Latias
|-damage|p2a: Latias|269\/301
|
|switch|p1a: Greninja|Greninja, F|285\/285
|
|turn|2
|
|switch|p1a: Ferrothorn|Ferrothorn, F|352\/352
|switch|p2a: Ferrothorn|Ferrothorn, M|352\/352
|
|turn|3
|
|move|p2a: Ferrothorn|Stealth Rock|p1a: Ferrothorn
|-sidestart|p1: In Your Window|move: Stealth Rock
|move|p1a: Ferrothorn|Spikes|p2a: Ferrothorn
|-sidestart|p2: JeyTheGrey|Spikes
|
|turn|4
|
|switch|p2a: Greninja|Greninja, M|285\/285
|-damage|p2a: Greninja|250\/285|[from] Spikes
|move|p1a: Ferrothorn|Thunder Wave|p2a: Greninja
|-status|p2a: Greninja|par
|
|turn|5
|
|switch|p1a: Rotom-Wash|Rotom-Wash|303\/303
|-damage|p1a: Rotom-Wash|266\/303|[from] Stealth Rock
|move|p2a: Greninja|Hidden Power|p1a: Rotom-Wash
|-start|p2a: Greninja|typechange|Fire|[from] Protean
|-resisted|p1a: Rotom-Wash
|-damage|p1a: Rotom-Wash|210\/303
|-damage|p2a: Greninja|222\/285 par|[from] item: Life Orb
|
|-heal|p1a: Rotom-Wash|228\/303|[from] item: Leftovers
|turn|6
|
|switch|p2a: Latias|Latias, F|269\/301
|move|p1a: Rotom-Wash|Hydro Pump|p2a: Latias
|-resisted|p2a: Latias
|-damage|p2a: Latias|215\/301
|
|-heal|p1a: Rotom-Wash|246\/303|[from] item: Leftovers
|turn|7
|
|switch|p2a: Clefable|Clefable, M|393\/393
|-damage|p2a: Clefable|344\/393|[from] Spikes
|switch|p1a: Ferrothorn|Ferrothorn, F|352\/352
|-damage|p1a: Ferrothorn|330\/352|[from] Stealth Rock
|
|-heal|p2a: Clefable|368\/393|[from] item: Leftovers
|-heal|p1a: Ferrothorn|352\/352|[from] item: Leftovers
|turn|8
|
|move|p2a: Clefable|Calm Mind|p2a: Clefable
|-boost|p2a: Clefable|spa|1
|-boost|p2a: Clefable|spd|1
|move|p1a: Ferrothorn|Thunder Wave|p2a: Clefable
|-status|p2a: Clefable|par
|
|-heal|p2a: Clefable|392\/393 par|[from] item: Leftovers
|turn|9
|
|move|p1a: Ferrothorn|Power Whip|p2a: Clefable
|-damage|p2a: Clefable|275\/393 par
|move|p2a: Clefable|Flamethrower|p1a: Ferrothorn
|-supereffective|p1a: Ferrothorn
|-damage|p1a: Ferrothorn|52\/352
|
|-heal|p1a: Ferrothorn|74\/352|[from] item: Leftovers
|-heal|p2a: Clefable|299\/393 par|[from] item: Leftovers
|turn|10
|
|move|p1a: Ferrothorn|Spikes|p2a: Clefable
|-sidestart|p2: JeyTheGrey|Spikes
|cant|p2a: Clefable|par
|
|-heal|p1a: Ferrothorn|96\/352|[from] item: Leftovers
|-heal|p2a: Clefable|323\/393 par|[from] item: Leftovers
|turn|11
|
|move|p1a: Ferrothorn|Power Whip|p2a: Clefable
|-damage|p2a: Clefable|212\/393 par
|move|p2a: Clefable|Flamethrower|p1a: Ferrothorn
|-supereffective|p1a: Ferrothorn
|-damage|p1a: Ferrothorn|0 fnt
|faint|p1a: Ferrothorn
|
|-heal|p2a: Clefable|236\/393 par|[from] item: Leftovers
|
|switch|p1a: Greninja|Greninja, F|285\/285
|-damage|p1a: Greninja|250\/285|[from] Stealth Rock
|turn|12
|
|switch|p2a: Ferrothorn|Ferrothorn, M|352\/352
|-damage|p2a: Ferrothorn|294\/352|[from] Spikes
|move|p1a: Greninja|Gunk Shot|p2a: Ferrothorn
|-start|p1a: Greninja|typechange|Poison|[from] Protean
|-immune|p2a: Ferrothorn|[msg]
|
|-heal|p2a: Ferrothorn|316\/352|[from] item: Leftovers
|turn|13
|
|move|p1a: Greninja|Hidden Power|p2a: Ferrothorn
|-start|p1a: Greninja|typechange|Fire|[from] Protean
|-supereffective|p2a: Ferrothorn
|-damage|p2a: Ferrothorn|0 fnt
|-damage|p1a: Greninja|222\/285|[from] item: Life Orb
|faint|p2a: Ferrothorn
|
|
|switch|p2a: Landorus-Therian|Landorus-Therian, M|320\/320
|-ability|p2a: Landorus-Therian|Intimidate|[of] p1a: Greninja
|-unboost|p1a: Greninja|atk|1
|turn|14
|
|switch|p1a: Rotom-Wash|Rotom-Wash|246\/303
|-damage|p1a: Rotom-Wash|209\/303|[from] Stealth Rock
|move|p2a: Landorus-Therian|U-turn|p1a: Rotom-Wash
|-damage|p1a: Rotom-Wash|144\/303
|
|switch|p2a: Latias|Latias, F|215\/301
|
|-heal|p1a: Rotom-Wash|162\/303|[from] item: Leftovers
|turn|15
|
|move|p2a: Latias|Draco Meteor|p1a: Rotom-Wash
|-damage|p1a: Rotom-Wash|0 fnt
|-unboost|p2a: Latias|spa|2
|-damage|p2a: Latias|185\/301|[from] item: Life Orb
|faint|p1a: Rotom-Wash
|
|
|switch|p1a: Digger's Bae|Lopunny, M|271\/271
|-damage|p1a: Digger's Bae|238\/271|[from] Stealth Rock
|turn|16
|
|switch|p2a: Slowbro|Slowbro, M|393\/393
|-damage|p2a: Slowbro|328\/393|[from] Spikes
|detailschange|p1a: Digger's Bae|Lopunny-Mega, M
|message|Lopunny has Mega Evolved into Mega Lopunny!
|move|p1a: Digger's Bae|Ice Punch|p2a: Slowbro
|-resisted|p2a: Slowbro
|-damage|p2a: Slowbro|297\/393
|
|turn|17
|
|detailschange|p2a: Slowbro|Slowbro-Mega, M
|message|Slowbro has Mega Evolved into Mega Slowbro!
|move|p1a: Digger's Bae|Frustration|p2a: Slowbro
|-damage|p2a: Slowbro|206\/393
|move|p2a: Slowbro|Scald|p1a: Digger's Bae
|-damage|p1a: Digger's Bae|109\/271
|-status|p1a: Digger's Bae|brn
|
|-damage|p1a: Digger's Bae|76\/271 brn|[from] brn
|turn|18
|
|switch|p1a: Greninja|Greninja, F|222\/285
|-damage|p1a: Greninja|187\/285|[from] Stealth Rock
|move|p2a: Slowbro|Scald|p1a: Greninja
|-resisted|p1a: Greninja
|-damage|p1a: Greninja|96\/285
|-status|p1a: Greninja|brn
|
|-damage|p1a: Greninja|61\/285 brn|[from] brn
|turn|19
|
|switch|p2a: Greninja|Greninja, M|222\/285 par
|-damage|p2a: Greninja|175\/285 par|[from] Spikes
|move|p1a: Greninja|Dark Pulse|p2a: Greninja
|-start|p1a: Greninja|typechange|Dark|[from] Protean
|-resisted|p2a: Greninja
|-damage|p2a: Greninja|66\/285 par
|-damage|p1a: Greninja|33\/285 brn|[from] item: Life Orb
|
|-damage|p1a: Greninja|0 fnt|[from] brn
|faint|p1a: Greninja
|
|switch|p1a: Digger's Bae|Lopunny-Mega, M|76\/271 brn
|-damage|p1a: Digger's Bae|60\/271 brn|[from] Stealth Rock
|turn|20
|
|switch|p2a: Slowbro|Slowbro-Mega, M|206\/393
|-damage|p2a: Slowbro|141\/393|[from] Spikes
|move|p1a: Digger's Bae|Frustration|p2a: Slowbro
|-damage|p2a: Slowbro|98\/393
|
|-damage|p1a: Digger's Bae|27\/271 brn|[from] brn
|turn|21
|
|switch|p1a: Latios|Latios, M|299\/299
|-damage|p1a: Latios|262\/299|[from] Stealth Rock
|move|p2a: Slowbro|Rest|p2a: Slowbro
|-status|p2a: Slowbro|slp
|-heal|p2a: Slowbro|393\/393 slp|[silent]
|-status|p2a: Slowbro|slp|[from] move: Rest
|
|turn|22
|
|switch|p2a: Greninja|Greninja, M|66\/285 par
|-damage|p2a: Greninja|19\/285 par|[from] Spikes
|move|p1a: Latios|Psyshock|p2a: Greninja
|-immune|p2a: Greninja|[msg]
|
|turn|23
|
|switch|p1a: Digger's Bae|Lopunny-Mega, M|27\/271 brn
|-damage|p1a: Digger's Bae|11\/271 brn|[from] Stealth Rock
|move|p2a: Greninja|Hydro Pump|p1a: Digger's Bae
|-start|p2a: Greninja|typechange|Water|[from] Protean
|-damage|p1a: Digger's Bae|0 fnt
|-damage|p2a: Greninja|0 fnt|[from] item: Life Orb
|faint|p1a: Digger's Bae
|faint|p2a: Greninja
|
|
|switch|p2a: Landorus-Therian|Landorus-Therian, M|320\/320
|switch|p1a: Mamoswine|Mamoswine, F|361\/361
|-damage|p1a: Mamoswine|316\/361|[from] Stealth Rock
|-ability|p2a: Landorus-Therian|Intimidate|[of] p1a: Mamoswine
|-unboost|p1a: Mamoswine|atk|1
|turn|24
|
|switch|p2a: Slowbro|Slowbro-Mega, M|393\/393 slp
|-damage|p2a: Slowbro|328\/393 slp|[from] Spikes
|move|p1a: Mamoswine|Stealth Rock|p2a: Slowbro
|-sidestart|p2: JeyTheGrey|move: Stealth Rock
|
|turn|25
|
|switch|p1a: Latios|Latios, M|262\/299
|-damage|p1a: Latios|225\/299|[from] Stealth Rock
|cant|p2a: Slowbro|slp
|move|p2a: Slowbro|Sleep Talk|p2a: Slowbro
|move|p2a: Slowbro|Scald|p1a: Latios|[from]Sleep Talk
|-resisted|p1a: Latios
|-damage|p1a: Latios|167\/299
|
|turn|26
|
|switch|p2a: Clefable|Clefable, M|236\/393 par
|-damage|p2a: Clefable|171\/393 par|[from] Spikes
|-damage|p2a: Clefable|122\/393 par|[from] Stealth Rock
|move|p1a: Latios|Psyshock|p2a: Clefable
|-damage|p2a: Clefable|0 fnt
|-damage|p1a: Latios|138\/299|[from] item: Life Orb
|faint|p2a: Clefable
|
|
|switch|p2a: Landorus-Therian|Landorus-Therian, M|320\/320
|-damage|p2a: Landorus-Therian|280\/320|[from] Stealth Rock
|-ability|p2a: Landorus-Therian|Intimidate|[of] p1a: Latios
|-unboost|p1a: Latios|atk|1
|turn|27
|
|move|p2a: Landorus-Therian|Knock Off|p1a: Latios
|-supereffective|p1a: Latios
|-damage|p1a: Latios|0 fnt
|-enditem|p1a: Latios|Life Orb|[from] move: Knock Off|[of] p2a: Landorus-Therian
|faint|p1a: Latios
|
|
|switch|p1a: Mamoswine|Mamoswine, F|316\/361
|-damage|p1a: Mamoswine|271\/361|[from] Stealth Rock
|turn|28
|
|switch|p2a: Latias|Latias, F|185\/301
|-damage|p2a: Latias|148\/301|[from] Stealth Rock
|move|p1a: Mamoswine|Ice Shard|p2a: Latias
|-supereffective|p2a: Latias
|-damage|p2a: Latias|0 fnt
|faint|p2a: Latias
|
|
|switch|p2a: Slowbro|Slowbro-Mega, M|328\/393 slp
|-damage|p2a: Slowbro|263\/393 slp|[from] Spikes
|-damage|p2a: Slowbro|214\/393 slp|[from] Stealth Rock
|turn|29
|
|move|p1a: Mamoswine|Earthquake|p2a: Slowbro
|-damage|p2a: Slowbro|133\/393 slp
|cant|p2a: Slowbro|slp
|move|p2a: Slowbro|Sleep Talk|p2a: Slowbro
|move|p2a: Slowbro|Scald|p1a: Mamoswine|[from]Sleep Talk
|-supereffective|p1a: Mamoswine
|-damage|p1a: Mamoswine|0 fnt
|faint|p1a: Mamoswine
|
|win|JeyTheGrey
|raw|Ladder updating...
|raw|In Your Window's rating: 1425 &rarr; <strong>1399<\/strong><br \/>(-26 for losing)
|raw|JeyTheGrey's rating: 1324 &rarr; <strong>1350<\/strong><br \/>(+26 for winning)
|leave|In Your Window
|player|p1
|leave|Mulan Test
|join|Mulan Test
|leave|Mulan Test