|join|Xeruu
|join|In Your Window
|player|p1|Xeruu|265
|player|p2|In Your Window|265
|gametype|singles
|gen|6
|tier|OU
|rated
|clearpoke
|poke|p1|Mandibuzz, F
|poke|p1|Rotom-Wash
|poke|p1|Garchomp, M
|poke|p1|Conkeldurr, F
|poke|p1|Heatran, F
|poke|p1|Venusaur, M
|poke|p2|Magnezone, shiny
|poke|p2|Landorus-Therian, M, shiny
|poke|p2|Latias, F, shiny
|poke|p2|Azumarill, F, shiny
|poke|p2|Pinsir, M, shiny
|poke|p2|Greninja, F, shiny
|rule|Swagger Clause: Swagger is banned
|rule|Baton Pass Clause: Limit one PokÃ©mon knowing Baton Pass
|rule|Sleep Clause Mod: Limit one foe put to sleep
|rule|Species Clause: Limit one of each PokÃ©mon
|rule|OHKO Clause: OHKO moves are banned
|rule|Moody Clause: Moody is banned
|rule|Evasion Moves Clause: Evasion moves are banned
|rule|Endless Battle Clause: Forcing endless battles is banned
|rule|HP Percentage Mod: HP is shown in percentages
|teampreview
|
|start
|switch|p1a: Rotom-Wash|Rotom-Wash|242\/242
|switch|p2a: Landorus-Therian|Landorus-Therian, M, shiny|375\/375
|-ability|p2a: Landorus-Therian|Intimidate|[of] p1a: Rotom-Wash
|-unboost|p1a: Rotom-Wash|atk|1
|turn|1
|
|switch|p2a: Latias|Latias, F, shiny|319\/319
|move|p1a: Rotom-Wash|Hydro Pump|p2a: Latias
|-resisted|p2a: Latias
|-damage|p2a: Latias|248\/319
|
|turn|2
|
|switch|p1a: Mandibuzz|Mandibuzz, F|424\/424
|switch|p2a: Landorus-Therian|Landorus-Therian, M, shiny|375\/375
|-ability|p2a: Landorus-Therian|Intimidate|[of] p1a: Mandibuzz
|-unboost|p1a: Mandibuzz|atk|1
|
|turn|3
|
|switch|p2a: Magnezone|Magnezone, shiny|281\/281
|move|p1a: Mandibuzz|Toxic|p2a: Magnezone|[miss]
|-miss|p1a: Mandibuzz|p2a: Magnezone
|
|turn|4
|
|switch|p2a: Azumarill|Azumarill, F, shiny|401\/401
|switch|p1a: Garchomp|Garchomp, M|358\/358
|
|turn|5
|
|switch|p1a: Venusaur|Venusaur, M|364\/364
|switch|p2a: Pinsir|Pinsir, M, shiny|271\/271
|
|turn|6
|
|detailschange|p2a: Pinsir|Pinsir-Mega, M, shiny
|message|Pinsir has Mega Evolved into Mega Pinsir!
|detailschange|p1a: Venusaur|Venusaur-Mega, M
|message|Venusaur has Mega Evolved into Mega Venusaur!
|move|p2a: Pinsir|Frustration|p1a: Venusaur
|-supereffective|p1a: Venusaur
|-damage|p1a: Venusaur|4\/364
|move|p1a: Venusaur|Sleep Powder|p2a: Pinsir
|-status|p2a: Pinsir|slp
|
|turn|7
|
|cant|p2a: Pinsir|slp
|move|p1a: Venusaur|Sludge Bomb|p2a: Pinsir
|-damage|p2a: Pinsir|136\/271 slp
|
|turn|8
|
|-curestatus|p2a: Pinsir|slp
|move|p2a: Pinsir|Quick Attack|p1a: Venusaur
|-supereffective|p1a: Venusaur
|-damage|p1a: Venusaur|0 fnt
|faint|p1a: Venusaur
|
|
|switch|p1a: Heatran|Heatran, F|386\/386
|turn|9
|
|switch|p2a: Latias|Latias, F, shiny|248\/319
|move|p1a: Heatran|Lava Plume|p2a: Latias
|-resisted|p2a: Latias
|-damage|p2a: Latias|199\/319
|-status|p2a: Latias|brn
|
|-damage|p2a: Latias|160\/319 brn|[from] brn
|turn|10
|
|move|p1a: Heatran|Protect|p1a: Heatran
|-singleturn|p1a: Heatran|Protect
|move|p2a: Latias|Recover|p2a: Latias
|-heal|p2a: Latias|319\/319 brn
|
|-damage|p2a: Latias|280\/319 brn|[from] brn
|turn|11
|
|switch|p2a: Landorus-Therian|Landorus-Therian, M, shiny|375\/375
|-ability|p2a: Landorus-Therian|Intimidate|[of] p1a: Heatran
|-unboost|p1a: Heatran|atk|1
|switch|p1a: Conkeldurr|Conkeldurr, F|404\/404
|
|turn|12
|
|move|p2a: Landorus-Therian|Stealth Rock|p1a: Conkeldurr
|-sidestart|p1: Xeruu|move: Stealth Rock
|move|p1a: Conkeldurr|Knock Off|p2a: Landorus-Therian
|-damage|p2a: Landorus-Therian|268\/375
|-enditem|p2a: Landorus-Therian|Leftovers|[from] move: Knock Off|[of] p1a: Conkeldurr
|
|turn|13
|
|switch|p2a: Azumarill|Azumarill, F, shiny|401\/401
|move|p1a: Conkeldurr|Knock Off|p2a: Azumarill
|-resisted|p2a: Azumarill
|-damage|p2a: Azumarill|331\/401
|-enditem|p2a: Azumarill|Assault Vest|[from] move: Knock Off|[of] p1a: Conkeldurr
|
|turn|14
|
|switch|p1a: Rotom-Wash|Rotom-Wash|242\/242
|-damage|p1a: Rotom-Wash|212\/242|[from] Stealth Rock
|move|p2a: Azumarill|Waterfall|p1a: Rotom-Wash
|-resisted|p1a: Rotom-Wash
|-damage|p1a: Rotom-Wash|130\/242
|
|turn|15
|
|switch|p2a: Latias|Latias, F, shiny|280\/319 brn
|move|p1a: Rotom-Wash|Hydro Pump|p2a: Latias|[miss]
|-miss|p1a: Rotom-Wash|p2a: Latias
|
|-damage|p2a: Latias|241\/319 brn|[from] brn
|turn|16
|
|switch|p1a: Mandibuzz|Mandibuzz, F|424\/424
|-damage|p1a: Mandibuzz|318\/424|[from] Stealth Rock
|switch|p2a: Landorus-Therian|Landorus-Therian, M, shiny|268\/375
|-ability|p2a: Landorus-Therian|Intimidate|[of] p1a: Mandibuzz
|-unboost|p1a: Mandibuzz|atk|1
|
|-heal|p1a: Mandibuzz|344\/424|[from] item: Leftovers
|turn|17
|
|switch|p2a: Magnezone|Magnezone, shiny|281\/281
|move|p1a: Mandibuzz|Toxic|p2a: Magnezone
|-fail|p2a: Magnezone
|
|-heal|p1a: Mandibuzz|370\/424|[from] item: Leftovers
|turn|18
|
|move|p2a: Magnezone|Flash Cannon|p1a: Mandibuzz
|-damage|p1a: Mandibuzz|216\/424
|-unboost|p1a: Mandibuzz|spd|1
|move|p1a: Mandibuzz|Defog|p2a: Magnezone
|-unboost|p2a: Magnezone|evasion|1
|-sideend|p1: Xeruu|Stealth Rock|[from] move: Defog|[of] p1a: Mandibuzz
|
|-heal|p1a: Mandibuzz|242\/424|[from] item: Leftovers
|turn|19
|
|switch|p2a: Landorus-Therian|Landorus-Therian, M, shiny|268\/375
|-ability|p2a: Landorus-Therian|Intimidate|[of] p1a: Mandibuzz
|-unboost|p1a: Mandibuzz|atk|1
|switch|p1a: Heatran|Heatran, F|386\/386
|
|turn|20
|
|move|p2a: Landorus-Therian|Earthquake|p1a: Heatran
|-supereffective|p1a: Heatran
|-damage|p1a: Heatran|0 fnt
|faint|p1a: Heatran
|
|
|switch|p1a: Rotom-Wash|Rotom-Wash|130\/242
|turn|21
|
|switch|p2a: Latias|Latias, F, shiny|241\/319 brn
|move|p1a: Rotom-Wash|Trick|p2a: Latias
|-activate|p1a: Rotom-Wash|move: Trick|[of] p2a: Latias
|-item|p2a: Latias|Choice Scarf|[from] move: Trick
|-item|p1a: Rotom-Wash|Life Orb|[from] move: Trick
|
|-damage|p2a: Latias|202\/319 brn|[from] brn
|turn|22
|
|move|p2a: Latias|Draco Meteor|p1a: Rotom-Wash
|-damage|p1a: Rotom-Wash|0 fnt
|-unboost|p2a: Latias|spa|2
|faint|p1a: Rotom-Wash
|
|-damage|p2a: Latias|163\/319 brn|[from] brn
|
|switch|p1a: Garchomp|Garchomp, M|358\/358
|turn|23
|
|switch|p2a: Landorus-Therian|Landorus-Therian, M, shiny|268\/375
|-ability|p2a: Landorus-Therian|Intimidate|[of] p1a: Garchomp
|-unboost|p1a: Garchomp|atk|1
|move|p1a: Garchomp|Stealth Rock|p2a: Landorus-Therian
|-sidestart|p2: In Your Window|move: Stealth Rock
|
|turn|24
|
|move|p1a: Garchomp|Swords Dance|p1a: Garchomp
|-boost|p1a: Garchomp|atk|2
|move|p2a: Landorus-Therian|Stealth Rock|p1a: Garchomp
|-sidestart|p1: Xeruu|move: Stealth Rock
|
|turn|25
|
|move|p1a: Garchomp|Earthquake|p2a: Landorus-Therian
|-immune|p2a: Landorus-Therian|[msg]
|move|p2a: Landorus-Therian|Earthquake|p1a: Garchomp
|-damage|p1a: Garchomp|192\/358
|
|turn|26
|
|move|p1a: Garchomp|Outrage|p2a: Landorus-Therian
|-damage|p2a: Landorus-Therian|19\/375
|move|p2a: Landorus-Therian|Earthquake|p1a: Garchomp
|-damage|p1a: Garchomp|29\/358
|
|turn|27
|
|switch|p2a: Azumarill|Azumarill, F, shiny|331\/401
|-damage|p2a: Azumarill|281\/401|[from] Stealth Rock
|move|p1a: Garchomp|Outrage|p2a: Azumarill
|-immune|p2a: Azumarill|[msg]
|
|turn|28
|
|move|p2a: Azumarill|Aqua Jet|p1a: Garchomp
|-damage|p1a: Garchomp|0 fnt
|-damage|p2a: Azumarill|231\/401|[from] ability: Rough Skin|[of] p1a: Garchomp
|-damage|p2a: Azumarill|165\/401|[from] item: Rocky Helmet|[of] p1a: Garchomp
|faint|p1a: Garchomp
|
|
|switch|p1a: Conkeldurr|Conkeldurr, F|404\/404
|-damage|p1a: Conkeldurr|379\/404|[from] Stealth Rock
|turn|29
|
|move|p2a: Azumarill|Play Rough|p1a: Conkeldurr
|-supereffective|p1a: Conkeldurr
|-damage|p1a: Conkeldurr|0 fnt
|faint|p1a: Conkeldurr
|
|-message|Xeruu forfeited.
|
|win|In Your Window
|raw|Ladder updating...
|leave|Xeruu
|player|p1
|raw|Xeruu's rating: 1674 &rarr; <strong>1656<\/strong><br \/>(-18 for losing)
|raw|In Your Window's rating: 1716 &rarr; <strong>1734<\/strong><br \/>(+18 for winning)