|join|LT1A boudouche
|join|In Your Window
|player|p1|LT1A boudouche|201
|player|p2|In Your Window|102
|gametype|singles
|gen|6
|tier|OU
|rated
|clearpoke
|poke|p1|Pinsir, M
|poke|p1|Magnezone
|poke|p1|Latias, F
|poke|p1|Azumarill, F
|poke|p1|Diggersby, M
|poke|p1|Garchomp, F
|poke|p2|Azumarill, F
|poke|p2|Talonflame, M
|poke|p2|Landorus-Therian, M
|poke|p2|Ferrothorn, F
|poke|p2|Heracross, F
|poke|p2|Latias, F
|rule|Swagger Clause: Swagger is banned
|rule|Baton Pass Clause: Limit one PokÃ©mon knowing Baton Pass
|rule|Sleep Clause Mod: Limit one foe put to sleep
|rule|Species Clause: Limit one of each PokÃ©mon
|rule|OHKO Clause: OHKO moves are banned
|rule|Moody Clause: Moody is banned
|rule|Evasion Moves Clause: Evasion moves are banned
|rule|Endless Battle Clause: Forcing endless battles is banned
|rule|HP Percentage Mod: HP is shown in percentages
|teampreview
|join|Pokemon Demigod
|
|start
|switch|p1a: Pinsir|Pinsir, M|271\/271
|switch|p2a: Landorus-Therian|Landorus-Therian, M|365\/365
|-ability|p2a: Landorus-Therian|Intimidate|[of] p1a: Pinsir
|-fail|p1a: Pinsir|unboost|Attack|[from] ability: Hyper Cutter|[of] p1a: Pinsir
|turn|1
|join|Animus Majulous
|
|switch|p1a: Garchomp|Garchomp, F|361\/361
|move|p2a: Landorus-Therian|Stealth Rock|p1a: Garchomp
|-sidestart|p1: LT1A boudouche|move: Stealth Rock
|
|turn|2
|
|move|p1a: Garchomp|Stealth Rock|p2a: Landorus-Therian
|-sidestart|p2: In Your Window|move: Stealth Rock
|move|p2a: Landorus-Therian|Earthquake|p1a: Garchomp
|-damage|p1a: Garchomp|184\/361
|
|turn|3
|
|switch|p2a: Azumarill|Azumarill, F|393\/393
|-damage|p2a: Azumarill|344\/393|[from] Stealth Rock
|move|p1a: Garchomp|Swords Dance|p1a: Garchomp
|-boost|p1a: Garchomp|atk|2
|
|turn|4
|join|gr8astard
|
|switch|p2a: Landorus-Therian|Landorus-Therian, M|365\/365
|-damage|p2a: Landorus-Therian|320\/365|[from] Stealth Rock
|-ability|p2a: Landorus-Therian|Intimidate|[of] p1a: Garchomp
|-unboost|p1a: Garchomp|atk|1
|move|p1a: Garchomp|Outrage|p2a: Landorus-Therian
|-crit|p2a: Landorus-Therian
|-damage|p2a: Landorus-Therian|0 fnt
|faint|p2a: Landorus-Therian
|
|
|switch|p2a: Ferrothorn|Ferrothorn, F|352\/352
|-damage|p2a: Ferrothorn|330\/352|[from] Stealth Rock
|turn|5
|
|move|p1a: Garchomp|Outrage|p2a: Ferrothorn
|-resisted|p2a: Ferrothorn
|-damage|p2a: Ferrothorn|200\/352
|-damage|p1a: Garchomp|139\/361|[from] ability: Iron Barbs|[of] p2a: Ferrothorn
|move|p2a: Ferrothorn|Leech Seed|p1a: Garchomp
|-start|p1a: Garchomp|move: Leech Seed
|
|-heal|p2a: Ferrothorn|222\/352|[from] item: Leftovers
|-damage|p1a: Garchomp|94\/361|[from] Leech Seed|[of] p2a: Ferrothorn
|-heal|p2a: Ferrothorn|267\/352|[silent]
|turn|6
|
|switch|p2a: Azumarill|Azumarill, F|344\/393
|-damage|p2a: Azumarill|295\/393|[from] Stealth Rock
|move|p1a: Garchomp|Outrage|p2a: Azumarill
|-immune|p2a: Azumarill|[msg]
|
|-end|p1a: Garchomp|rampage
|-start|p1a: Garchomp|confusion
|-damage|p1a: Garchomp|49\/361|[from] Leech Seed|[of] p2a: Azumarill
|-heal|p2a: Azumarill|340\/393|[silent]
|-enditem|p1a: Garchomp|Lum Berry|[eat]
|-end|p1a: Garchomp|confusion
|turn|7
|
|move|p2a: Azumarill|Aqua Jet|p1a: Garchomp
|-damage|p1a: Garchomp|0 fnt
|-damage|p2a: Azumarill|291\/393|[from] ability: Rough Skin|[of] p1a: Garchomp
|faint|p1a: Garchomp
|
|join|Bahafan
|
|switch|p1a: Azumarill|Azumarill, F|403\/403
|-damage|p1a: Azumarill|353\/403|[from] Stealth Rock
|turn|8
|
|move|p2a: Azumarill|Play Rough|p1a: Azumarill|[miss]
|-miss|p2a: Azumarill|p1a: Azumarill
|move|p1a: Azumarill|Play Rough|p2a: Azumarill
|-damage|p2a: Azumarill|36\/393
|
|turn|9
|
|switch|p2a: Ferrothorn|Ferrothorn, F|267\/352
|-damage|p2a: Ferrothorn|245\/352|[from] Stealth Rock
|move|p1a: Azumarill|Aqua Jet|p2a: Ferrothorn
|-resisted|p2a: Ferrothorn
|-damage|p2a: Ferrothorn|215\/352
|-damage|p1a: Azumarill|303\/403|[from] ability: Iron Barbs|[of] p2a: Ferrothorn
|
|-heal|p2a: Ferrothorn|237\/352|[from] item: Leftovers
|turn|10
|
|switch|p1a: Magnezone|Magnezone|281\/281
|-damage|p1a: Magnezone|264\/281|[from] Stealth Rock
|switch|p2a: Heracross|Heracross, F|301\/301
|-damage|p2a: Heracross|264\/301|[from] Stealth Rock
|
|turn|11
|
|detailschange|p2a: Heracross|Heracross-Mega, F
|message|Heracross has Mega Evolved into Mega Heracross!
|move|p1a: Magnezone|Volt Switch|p2a: Heracross
|-damage|p2a: Heracross|155\/301
|
|switch|p1a: Latias|Latias, F|335\/335
|-damage|p1a: Latias|294\/335|[from] Stealth Rock
|move|p2a: Heracross|Close Combat|p1a: Latias
|-resisted|p1a: Latias
|-damage|p1a: Latias|143\/335
|-unboost|p2a: Heracross|def|1
|-unboost|p2a: Heracross|spd|1
|
|turn|12
|join|Brewmaster
|
|move|p1a: Latias|Psyshock|p2a: Heracross
|-supereffective|p2a: Heracross
|-damage|p2a: Heracross|0 fnt
|-damage|p1a: Latias|110\/335|[from] item: Life Orb
|faint|p2a: Heracross
|
|leave|Animus Majulous
|
|switch|p2a: Talonflame|Talonflame, M|319\/319
|-damage|p2a: Talonflame|160\/319|[from] Stealth Rock
|turn|13
|join|Animus Majulous
|
|move|p2a: Talonflame|Brave Bird|p1a: Latias
|-damage|p1a: Latias|0 fnt
|-damage|p2a: Talonflame|124\/319|[from] recoil|[of] p1a: Latias
|faint|p1a: Latias
|
|join|lt1Z uCan'tSeeMe
|
|switch|p1a: Diggersby|Diggersby, M|311\/311
|-damage|p1a: Diggersby|292\/311|[from] Stealth Rock
|turn|14
|
|move|p2a: Talonflame|Brave Bird|p1a: Diggersby
|-damage|p1a: Diggersby|51\/311
|-damage|p2a: Talonflame|44\/319|[from] recoil|[of] p1a: Diggersby
|move|p1a: Diggersby|Return|p2a: Talonflame
|-damage|p2a: Talonflame|0 fnt
|faint|p2a: Talonflame
|
|
|switch|p2a: Ferrothorn|Ferrothorn, F|237\/352
|-damage|p2a: Ferrothorn|215\/352|[from] Stealth Rock
|turn|15
|join|wb lappy
|
|move|p1a: Diggersby|Earthquake|p2a: Ferrothorn
|-damage|p2a: Ferrothorn|37\/352
|move|p2a: Ferrothorn|Leech Seed|p1a: Diggersby
|-start|p1a: Diggersby|move: Leech Seed
|
|-heal|p2a: Ferrothorn|59\/352|[from] item: Leftovers
|-damage|p1a: Diggersby|13\/311|[from] Leech Seed|[of] p2a: Ferrothorn
|-heal|p2a: Ferrothorn|97\/352|[silent]
|turn|16
|
|move|p2a: Ferrothorn|Protect|p2a: Ferrothorn
|-singleturn|p2a: Ferrothorn|Protect
|move|p1a: Diggersby|Earthquake|p2a: Ferrothorn
|-activate|p2a: Ferrothorn|Protect
|
|-heal|p2a: Ferrothorn|119\/352|[from] item: Leftovers
|-damage|p1a: Diggersby|0 fnt|[from] Leech Seed|[of] p2a: Ferrothorn
|-heal|p2a: Ferrothorn|132\/352|[silent]
|faint|p1a: Diggersby
|
|switch|p1a: Pinsir|Pinsir, M|271\/271
|-damage|p1a: Pinsir|204\/271|[from] Stealth Rock
|turn|17
|
|detailschange|p1a: Pinsir|Pinsir-Mega, M
|message|Pinsir has Mega Evolved into Mega Pinsir!
|move|p1a: Pinsir|Return|p2a: Ferrothorn
|-damage|p2a: Ferrothorn|0 fnt
|-damage|p1a: Pinsir|171\/271|[from] ability: Iron Barbs|[of] p2a: Ferrothorn
|faint|p2a: Ferrothorn
|
|
|switch|p2a: Latias|Latias, F|319\/319
|-damage|p2a: Latias|280\/319|[from] Stealth Rock
|turn|18
|
|move|p2a: Latias|Defog|p1a: Pinsir
|-unboost|p1a: Pinsir|evasion|1
|-sideend|p1: LT1A boudouche|Stealth Rock|[from] move: Defog|[of] p1a: Pinsir
|-sideend|p2: In Your Window|Stealth Rock|[from] move: Defog|[of] p2a: Latias
|move|p1a: Pinsir|Return|p2a: Latias
|-damage|p2a: Latias|0 fnt
|faint|p2a: Latias
|
|-message|In Your Window forfeited.
|
|win|LT1A boudouche
|raw|Ladder updating...
|leave|In Your Window
|player|p2
|raw|LT1A boudouche's rating: 1899 &rarr; <strong>1906<\/strong><br \/>(+7 for winning)
|raw|In Your Window's rating: 1649 &rarr; <strong>1641<\/strong><br \/>(-8 for losing)
|join|LT1A Sunny
|leave|Animus Majulous
|leave|Brewmaster
|leave|LT1A boudouche
|player|p1
|leave|LT1A Sunny