|join|In Your Window
|join|Altaiu
|player|p1|In Your Window|266
|player|p2|Altaiu|161
|gametype|singles
|gen|6
|tier|OU
|rated
|clearpoke
|poke|p1|Scizor, M
|poke|p1|Landorus-Therian, M
|poke|p1|Latias, F
|poke|p1|Greninja, M
|poke|p1|Talonflame, F
|poke|p1|Mew
|poke|p2|Talonflame, M
|poke|p2|Gengar, F
|poke|p2|Azumarill, F
|poke|p2|Thundurus, M
|poke|p2|Latias, F
|poke|p2|Ferrothorn, F
|rule|Swagger Clause: Swagger is banned
|rule|Baton Pass Clause: Limit one PokÃ©mon knowing Baton Pass
|rule|Sleep Clause Mod: Limit one foe put to sleep
|rule|Species Clause: Limit one of each PokÃ©mon
|rule|OHKO Clause: OHKO moves are banned
|rule|Moody Clause: Moody is banned
|rule|Evasion Moves Clause: Evasion moves are banned
|rule|Endless Battle Clause: Forcing endless battles is banned
|rule|HP Percentage Mod: HP is shown in percentages
|teampreview
|
|start
|switch|p1a: Talonflame|Talonflame, F|319\/319
|switch|p2a: Azumarill|Azumarill, F|404\/404
|turn|1
|
|switch|p1a: Scizor|Scizor, M|343\/343
|move|p2a: Azumarill|Waterfall|p1a: Scizor
|-damage|p1a: Scizor|96\/343
|
|turn|2
|
|switch|p1a: Latias|Latias, F|319\/319
|move|p2a: Azumarill|Waterfall|p1a: Latias
|-resisted|p1a: Latias
|-damage|p1a: Latias|177\/319
|
|turn|3
|
|move|p1a: Latias|Hidden Power|p2a: Azumarill
|-resisted|p2a: Azumarill
|-damage|p2a: Azumarill|359\/404
|-damage|p1a: Latias|146\/319|[from] item: Life Orb
|move|p2a: Azumarill|Waterfall|p1a: Latias
|-resisted|p1a: Latias
|-damage|p1a: Latias|0 fnt
|faint|p1a: Latias
|
|
|switch|p1a: Greninja|Greninja, M|285\/285
|turn|4
|
|switch|p2a: Ferrothorn|Ferrothorn, F|352\/352
|move|p1a: Greninja|Grass Knot|p2a: Ferrothorn
|-start|p1a: Greninja|typechange|Grass|[from] Protean
|-resisted|p2a: Ferrothorn
|-damage|p2a: Ferrothorn|312\/352
|-damage|p1a: Greninja|250\/285|[from] ability: Iron Barbs|[of] p2a: Ferrothorn
|-damage|p1a: Greninja|203\/285|[from] item: Rocky Helmet|[of] p2a: Ferrothorn
|-damage|p1a: Greninja|175\/285|[from] item: Life Orb
|
|turn|5
|
|switch|p1a: Talonflame|Talonflame, F|319\/319
|move|p2a: Ferrothorn|Stealth Rock|p1a: Talonflame
|-sidestart|p1: In Your Window|move: Stealth Rock
|
|turn|6
|
|switch|p2a: Latias|Latias, F|301\/301
|move|p1a: Talonflame|Swords Dance|p1a: Talonflame
|-boost|p1a: Talonflame|atk|2
|
|turn|7
|
|move|p1a: Talonflame|Brave Bird|p2a: Latias
|-damage|p2a: Latias|0 fnt
|-damage|p1a: Talonflame|220\/319|[from] recoil|[of] p2a: Latias
|faint|p2a: Latias
|
|
|switch|p2a: Ferrothorn|Ferrothorn, F|312\/352
|turn|8
|
|move|p1a: Talonflame|Flare Blitz|p2a: Ferrothorn
|-supereffective|p2a: Ferrothorn
|-damage|p2a: Ferrothorn|0 fnt
|-damage|p1a: Talonflame|181\/319|[from] ability: Iron Barbs|[of] p2a: Ferrothorn
|-damage|p1a: Talonflame|128\/319|[from] item: Rocky Helmet|[of] p2a: Ferrothorn
|-damage|p1a: Talonflame|25\/319|[from] recoil|[of] p2a: Ferrothorn
|faint|p2a: Ferrothorn
|
|
|switch|p2a: Thundurus|Thundurus, M|300\/300
|turn|9
|
|move|p2a: Thundurus|Thunder Wave|p1a: Talonflame
|-status|p1a: Talonflame|par
|cant|p1a: Talonflame|par
|
|turn|10
|
|move|p1a: Talonflame|Brave Bird|p2a: Thundurus
|-resisted|p2a: Thundurus
|-damage|p2a: Thundurus|43\/300
|-damage|p1a: Talonflame|0 fnt|[from] recoil|[of] p2a: Thundurus
|faint|p1a: Talonflame
|move|p2a: Thundurus|Thunderbolt|p1: Talonflame|[notarget]
|-notarget
|
|
|switch|p1a: Landorus-Therian|Landorus-Therian, M|365\/365
|-damage|p1a: Landorus-Therian|320\/365|[from] Stealth Rock
|-ability|p1a: Landorus-Therian|Intimidate|[of] p2a: Thundurus
|-unboost|p2a: Thundurus|atk|1
|turn|11
|
|move|p2a: Thundurus|Hidden Power|p1a: Landorus-Therian
|-supereffective|p1a: Landorus-Therian
|-damage|p1a: Landorus-Therian|0 fnt
|faint|p1a: Landorus-Therian
|
|
|switch|p1a: Scizor|Scizor, M|96\/343
|-damage|p1a: Scizor|54\/343|[from] Stealth Rock
|turn|12
|
|detailschange|p1a: Scizor|Scizor-Mega, M
|message|Scizor has Mega Evolved into Mega Scizor!
|move|p2a: Thundurus|Thunder Wave|p1a: Scizor
|-status|p1a: Scizor|par
|cant|p1a: Scizor|par
|
|turn|13
|
|cant|p1a: Scizor|par
|move|p2a: Thundurus|Thunderbolt|p1a: Scizor
|-damage|p1a: Scizor|0 fnt
|faint|p1a: Scizor
|
|-message|In Your Window forfeited.
|
|win|Altaiu
|raw|Ladder updating...
|leave|In Your Window
|player|p1
|raw|In Your Window's rating: 1510 &rarr; <strong>1489<\/strong><br \/>(-21 for losing)
|raw|Altaiu's rating: 1483 &rarr; <strong>1505<\/strong><br \/>(+22 for winning)