|join|gest 1
|join|In Your Window
|player|p1|gest 1|102
|player|p2|In Your Window|265
|gametype|singles
|gen|6
|tier|OU
|rated
|clearpoke
|poke|p1|Heatran, F
|poke|p1|Medicham, M
|poke|p1|Mew
|poke|p1|Chansey, F
|poke|p1|Breloom, M
|poke|p1|Rotom-Wash
|poke|p2|Amoonguss, M
|poke|p2|Heatran, F
|poke|p2|Keldeo
|poke|p2|Mew
|poke|p2|Garchomp, F
|poke|p2|Pinsir, M
|rule|Swagger Clause: Swagger is banned
|rule|Baton Pass Clause: Limit one PokÃ©mon knowing Baton Pass
|rule|Sleep Clause Mod: Limit one foe put to sleep
|rule|Species Clause: Limit one of each PokÃ©mon
|rule|OHKO Clause: OHKO moves are banned
|rule|Moody Clause: Moody is banned
|rule|Evasion Moves Clause: Evasion moves are banned
|rule|Endless Battle Clause: Forcing endless battles is banned
|rule|HP Percentage Mod: HP is shown in percentages
|teampreview
|
|start
|switch|p1a: Medicham|Medicham, M|261\/261
|switch|p2a: Amoonguss|Amoonguss, M|431\/431
|turn|1
|
|switch|p2a: Mew|Mew|404\/404
|detailschange|p1a: Medicham|Medicham-Mega, M
|message|Medicham has Mega Evolved into Mega Medicham!
|move|p1a: Medicham|Fake Out|p2a: Mew
|-crit|p2a: Mew
|-damage|p2a: Mew|291\/404
|
|-heal|p2a: Mew|316\/404|[from] item: Leftovers
|turn|2
|
|switch|p1a: Mew|Mew|404\/404
|move|p2a: Mew|Taunt|p1a: Mew
|-start|p1a: Mew|move: Taunt
|
|-heal|p2a: Mew|341\/404|[from] item: Leftovers
|turn|3
|
|switch|p2a: Pinsir|Pinsir, M|271\/271
|move|p1a: Mew|Knock Off|p2a: Pinsir
|-damage|p2a: Pinsir|219\/271
|
|turn|4
|
|switch|p1a: Rotom-Wash|Rotom-Wash|241\/241
|detailschange|p2a: Pinsir|Pinsir-Mega, M
|message|Pinsir has Mega Evolved into Mega Pinsir!
|move|p2a: Pinsir|Frustration|p1a: Rotom-Wash
|-resisted|p1a: Rotom-Wash
|-damage|p1a: Rotom-Wash|112\/241
|
|turn|5
|
|switch|p2a: Amoonguss|Amoonguss, M|431\/431
|move|p1a: Rotom-Wash|Volt Switch|p2a: Amoonguss
|-resisted|p2a: Amoonguss
|-damage|p2a: Amoonguss|357\/431
|
|switch|p1a: Heatran|Heatran, F|386\/386
|
|-heal|p2a: Amoonguss|383\/431|[from] item: Black Sludge
|turn|6
|
|switch|p2a: Heatran|Heatran, F|385\/385
|move|p1a: Heatran|Stealth Rock|p2a: Heatran
|-sidestart|p2: In Your Window|move: Stealth Rock
|
|turn|7
|
|switch|p1a: Rotom-Wash|Rotom-Wash|112\/241
|move|p2a: Heatran|Stealth Rock|p1a: Rotom-Wash
|-sidestart|p1: gest 1|move: Stealth Rock
|
|turn|8
|
|move|p2a: Heatran|Protect|p2a: Heatran
|-singleturn|p2a: Heatran|Protect
|move|p1a: Rotom-Wash|Pain Split|p2a: Heatran
|-activate|p2a: Heatran|Protect
|
|turn|9
|
|move|p1a: Rotom-Wash|Pain Split|p2a: Heatran
|-sethp|p2a: Heatran|248\/385|p1a: Rotom-Wash|241\/241|[from] move: Pain Split
|move|p2a: Heatran|Toxic|p1a: Rotom-Wash
|-status|p1a: Rotom-Wash|tox
|
|-heal|p2a: Heatran|272\/385|[from] item: Leftovers
|-damage|p1a: Rotom-Wash|226\/241 tox|[from] psn
|turn|10
|
|switch|p1a: Chansey|Chansey, F|704\/704
|-damage|p1a: Chansey|616\/704|[from] Stealth Rock
|move|p2a: Heatran|Lava Plume|p1a: Chansey
|-damage|p1a: Chansey|541\/704
|
|-heal|p2a: Heatran|296\/385|[from] item: Leftovers
|turn|11
|
|switch|p2a: Amoonguss|Amoonguss, M|431\/431
|-damage|p2a: Amoonguss|378\/431|[from] Stealth Rock
|move|p1a: Chansey|Seismic Toss|p2a: Amoonguss
|-damage|p2a: Amoonguss|278\/431
|
|-heal|p2a: Amoonguss|304\/431|[from] item: Black Sludge
|turn|12
|
|move|p1a: Chansey|Heal Bell|p1a: Chansey
|-cureteam|p1a: Chansey|[from] move: HealBell
|move|p2a: Amoonguss|Spore|p1a: Chansey
|-status|p1a: Chansey|slp
|
|-heal|p2a: Amoonguss|330\/431|[from] item: Black Sludge
|turn|13
|
|switch|p1a: Mew|Mew|404\/404
|-damage|p1a: Mew|354\/404|[from] Stealth Rock
|switch|p2a: Keldeo|Keldeo|323\/323
|-damage|p2a: Keldeo|303\/323|[from] Stealth Rock
|
|-heal|p1a: Mew|379\/404|[from] item: Leftovers
|turn|14
|
|move|p2a: Keldeo|Hydro Pump|p1a: Mew
|-damage|p1a: Mew|133\/404
|-damage|p2a: Keldeo|271\/323|[from] item: Life Orb
|move|p1a: Mew|Will-O-Wisp|p2a: Keldeo
|-status|p2a: Keldeo|brn
|
|-heal|p1a: Mew|158\/404|[from] item: Leftovers
|-damage|p2a: Keldeo|231\/323 brn|[from] brn
|turn|15
|
|switch|p1a: Chansey|Chansey, F|541\/704
|-damage|p1a: Chansey|453\/704|[from] Stealth Rock
|move|p2a: Keldeo|Secret Sword|p1a: Chansey
|-supereffective|p1a: Chansey
|-damage|p1a: Chansey|0 fnt
|-damage|p2a: Keldeo|199\/323 brn|[from] item: Life Orb
|faint|p1a: Chansey
|
|-damage|p2a: Keldeo|159\/323 brn|[from] brn
|
|switch|p1a: Medicham|Medicham-Mega, M|261\/261
|-damage|p1a: Medicham|245\/261|[from] Stealth Rock
|turn|16
|
|switch|p2a: Mew|Mew|341\/404
|-damage|p2a: Mew|291\/404|[from] Stealth Rock
|move|p1a: Medicham|Fake Out|p2a: Mew
|-damage|p2a: Mew|208\/404
|
|-heal|p2a: Mew|233\/404|[from] item: Leftovers
|turn|17
|
|switch|p1a: Heatran|Heatran, F|386\/386
|-damage|p1a: Heatran|338\/386|[from] Stealth Rock
|move|p2a: Mew|Soft-Boiled|p2a: Mew
|-heal|p2a: Mew|404\/404
|
|-heal|p1a: Heatran|362\/386|[from] item: Leftovers
|turn|18
|
|move|p2a: Mew|Taunt|p1a: Heatran
|-start|p1a: Heatran|move: Taunt
|move|p1a: Heatran|Earth Power|p2a: Mew
|-damage|p2a: Mew|332\/404
|
|-heal|p2a: Mew|357\/404|[from] item: Leftovers
|-heal|p1a: Heatran|386\/386|[from] item: Leftovers
|turn|19
|
|switch|p2a: Heatran|Heatran, F|296\/385
|-damage|p2a: Heatran|248\/385|[from] Stealth Rock
|move|p1a: Heatran|Lava Plume|p2a: Heatran
|-start|p2a: Heatran|ability: Flash Fire
|
|-heal|p2a: Heatran|272\/385|[from] item: Leftovers
|turn|20
|
|switch|p2a: Mew|Mew|357\/404
|-damage|p2a: Mew|307\/404|[from] Stealth Rock
|move|p1a: Heatran|Earth Power|p2a: Mew
|-damage|p2a: Mew|241\/404
|
|-heal|p2a: Mew|266\/404|[from] item: Leftovers
|-end|p1a: Heatran|move: Taunt
|turn|21
|
|move|p2a: Mew|Taunt|p1a: Heatran
|-start|p1a: Heatran|move: Taunt
|move|p1a: Heatran|Lava Plume|p2a: Mew
|-damage|p2a: Mew|172\/404
|
|-heal|p2a: Mew|197\/404|[from] item: Leftovers
|turn|22
|
|switch|p2a: Garchomp|Garchomp, F|357\/357
|-damage|p2a: Garchomp|335\/357|[from] Stealth Rock
|move|p1a: Heatran|Lava Plume|p2a: Garchomp
|-resisted|p2a: Garchomp
|-damage|p2a: Garchomp|259\/357
|-status|p2a: Garchomp|brn
|
|-damage|p2a: Garchomp|215\/357 brn|[from] brn
|turn|23
|
|switch|p1a: Breloom|Breloom, M|323\/323
|-damage|p1a: Breloom|303\/323|[from] Stealth Rock
|move|p2a: Garchomp|Earthquake|p1a: Breloom
|-resisted|p1a: Breloom
|-damage|p1a: Breloom|264\/323
|
|-damage|p2a: Garchomp|171\/357 brn|[from] brn
|-status|p1a: Breloom|tox|[from] item: Toxic Orb
|turn|24
|
|switch|p2a: Amoonguss|Amoonguss, M|431\/431
|-damage|p2a: Amoonguss|378\/431|[from] Stealth Rock
|move|p1a: Breloom|Substitute|p1a: Breloom
|-start|p1a: Breloom|Substitute
|-damage|p1a: Breloom|184\/323 tox
|
|-heal|p2a: Amoonguss|404\/431|[from] item: Black Sludge
|-heal|p1a: Breloom|224\/323 tox|[from] ability: Poison Heal
|turn|25
|
|move|p1a: Breloom|Drain Punch|p2a: Amoonguss
|-crit|p2a: Amoonguss
|-resisted|p2a: Amoonguss
|-damage|p2a: Amoonguss|331\/431
|-heal|p1a: Breloom|261\/323 tox|[from] drain|[of] p2a: Amoonguss
|move|p2a: Amoonguss|Clear Smog|p1a: Breloom
|-supereffective|p1a: Breloom
|-end|p1a: Breloom|Substitute
|
|-heal|p2a: Amoonguss|357\/431|[from] item: Black Sludge
|-heal|p1a: Breloom|301\/323 tox|[from] ability: Poison Heal
|turn|26
|
|switch|p1a: Mew|Mew|158\/404
|-damage|p1a: Mew|108\/404|[from] Stealth Rock
|move|p2a: Amoonguss|Spore|p1a: Mew
|-status|p1a: Mew|slp
|
|-heal|p1a: Mew|133\/404 slp|[from] item: Leftovers
|-heal|p2a: Amoonguss|383\/431|[from] item: Black Sludge
|turn|27
|
|switch|p1a: Medicham|Medicham-Mega, M|245\/261
|-damage|p1a: Medicham|229\/261|[from] Stealth Rock
|move|p2a: Amoonguss|Foul Play|p1a: Medicham
|-damage|p1a: Medicham|123\/261
|
|-heal|p2a: Amoonguss|409\/431|[from] item: Black Sludge
|turn|28
|
|switch|p2a: Garchomp|Garchomp, F|171\/357 brn
|-damage|p2a: Garchomp|149\/357 brn|[from] Stealth Rock
|move|p1a: Medicham|Psycho Cut|p2a: Garchomp
|-damage|p2a: Garchomp|0 fnt
|faint|p2a: Garchomp
|
|
|switch|p2a: Keldeo|Keldeo|159\/323 brn
|-damage|p2a: Keldeo|139\/323 brn|[from] Stealth Rock
|turn|29
|
|switch|p1a: Rotom-Wash|Rotom-Wash|226\/241
|-damage|p1a: Rotom-Wash|196\/241|[from] Stealth Rock
|move|p2a: Keldeo|Scald|p1a: Rotom-Wash
|-resisted|p1a: Rotom-Wash
|-damage|p1a: Rotom-Wash|105\/241
|-status|p1a: Rotom-Wash|brn
|-damage|p2a: Keldeo|107\/323 brn|[from] item: Life Orb
|
|-damage|p1a: Rotom-Wash|75\/241 brn|[from] brn
|-damage|p2a: Keldeo|67\/323 brn|[from] brn
|turn|30
|
|switch|p2a: Amoonguss|Amoonguss, M|431\/431
|-damage|p2a: Amoonguss|378\/431|[from] Stealth Rock
|move|p1a: Rotom-Wash|Volt Switch|p2a: Amoonguss
|-resisted|p2a: Amoonguss
|-damage|p2a: Amoonguss|307\/431
|
|switch|p1a: Heatran|Heatran, F|386\/386
|-damage|p1a: Heatran|338\/386|[from] Stealth Rock
|
|-heal|p1a: Heatran|362\/386|[from] item: Leftovers
|-heal|p2a: Amoonguss|333\/431|[from] item: Black Sludge
|turn|31
|
|switch|p2a: Mew|Mew|197\/404
|-damage|p2a: Mew|147\/404|[from] Stealth Rock
|move|p1a: Heatran|Lava Plume|p2a: Mew
|-damage|p2a: Mew|59\/404
|-status|p2a: Mew|brn
|
|-heal|p2a: Mew|84\/404 brn|[from] item: Leftovers
|-heal|p1a: Heatran|386\/386|[from] item: Leftovers
|-damage|p2a: Mew|34\/404 brn|[from] brn
|turn|32
|
|move|p2a: Mew|Soft-Boiled|p2a: Mew
|-heal|p2a: Mew|236\/404 brn
|move|p1a: Heatran|Lava Plume|p2a: Mew
|-damage|p2a: Mew|148\/404 brn
|
|-heal|p2a: Mew|173\/404 brn|[from] item: Leftovers
|-damage|p2a: Mew|123\/404 brn|[from] brn
|turn|33
|
|move|p2a: Mew|Soft-Boiled|p2a: Mew
|-heal|p2a: Mew|325\/404 brn
|move|p1a: Heatran|Roar|p2a: Mew
|drag|p2a: Amoonguss|Amoonguss, M|431\/431
|-damage|p2a: Amoonguss|378\/431|[from] Stealth Rock
|
|-heal|p2a: Amoonguss|404\/431|[from] item: Black Sludge
|turn|34
|
|switch|p2a: Mew|Mew|325\/404 brn
|-damage|p2a: Mew|275\/404 brn|[from] Stealth Rock
|move|p1a: Heatran|Earth Power|p2a: Mew
|-crit|p2a: Mew
|-damage|p2a: Mew|173\/404 brn
|
|-heal|p2a: Mew|198\/404 brn|[from] item: Leftovers
|-damage|p2a: Mew|148\/404 brn|[from] brn
|turn|35
|
|switch|p1a: Rotom-Wash|Rotom-Wash|75\/241 brn
|-damage|p1a: Rotom-Wash|45\/241 brn|[from] Stealth Rock
|move|p2a: Mew|Defog|p1a: Rotom-Wash
|-unboost|p1a: Rotom-Wash|evasion|1
|-sideend|p1: gest 1|Stealth Rock|[from] move: Defog|[of] p1a: Rotom-Wash
|-sideend|p2: In Your Window|Stealth Rock|[from] move: Defog|[of] p2a: Mew
|
|-heal|p2a: Mew|173\/404 brn|[from] item: Leftovers
|-damage|p1a: Rotom-Wash|15\/241 brn|[from] brn
|-damage|p2a: Mew|123\/404 brn|[from] brn
|turn|36
|
|move|p1a: Rotom-Wash|Volt Switch|p2a: Mew
|-damage|p2a: Mew|33\/404 brn
|
|switch|p1a: Heatran|Heatran, F|386\/386
|move|p2a: Mew|Soft-Boiled|p2a: Mew
|-heal|p2a: Mew|235\/404 brn
|
|-heal|p2a: Mew|260\/404 brn|[from] item: Leftovers
|-damage|p2a: Mew|210\/404 brn|[from] brn
|turn|37
|
|move|p2a: Mew|Taunt|p1a: Heatran
|-start|p1a: Heatran|move: Taunt
|cant|p1a: Heatran|move: Taunt|Stealth Rock
|
|-heal|p2a: Mew|235\/404 brn|[from] item: Leftovers
|-damage|p2a: Mew|185\/404 brn|[from] brn
|turn|38
|
|move|p2a: Mew|Soft-Boiled|p2a: Mew
|-heal|p2a: Mew|387\/404 brn
|move|p1a: Heatran|Earth Power|p2a: Mew
|-damage|p2a: Mew|314\/404 brn
|-unboost|p2a: Mew|spd|1
|
|-heal|p2a: Mew|339\/404 brn|[from] item: Leftovers
|-damage|p2a: Mew|289\/404 brn|[from] brn
|turn|39
|
|switch|p2a: Amoonguss|Amoonguss, M|431\/431
|move|p1a: Heatran|Lava Plume|p2a: Amoonguss
|-supereffective|p2a: Amoonguss
|-damage|p2a: Amoonguss|153\/431
|
|-heal|p2a: Amoonguss|179\/431|[from] item: Black Sludge
|-end|p1a: Heatran|move: Taunt
|turn|40
|
|switch|p2a: Pinsir|Pinsir-Mega, M|219\/271
|move|p1a: Heatran|Stealth Rock|p2a: Pinsir
|-sidestart|p2: In Your Window|move: Stealth Rock
|
|turn|41
|c|âgest 1|gg
|
|switch|p2a: Amoonguss|Amoonguss, M|322\/431
|-damage|p2a: Amoonguss|269\/431|[from] Stealth Rock
|move|p1a: Heatran|Lava Plume|p2a: Amoonguss
|-supereffective|p2a: Amoonguss
|-damage|p2a: Amoonguss|0 fnt
|faint|p2a: Amoonguss
|
|
|switch|p2a: Mew|Mew|289\/404 brn
|-damage|p2a: Mew|239\/404 brn|[from] Stealth Rock
|turn|42
|
|move|p2a: Mew|Defog|p1a: Heatran
|-unboost|p1a: Heatran|evasion|1
|-sideend|p2: In Your Window|Stealth Rock|[from] move: Defog|[of] p2a: Mew
|move|p1a: Heatran|Lava Plume|p2a: Mew
|-crit|p2a: Mew
|-damage|p2a: Mew|106\/404 brn
|
|-heal|p2a: Mew|131\/404 brn|[from] item: Leftovers
|-damage|p2a: Mew|81\/404 brn|[from] brn
|turn|43
|
|move|p2a: Mew|Taunt|p1a: Heatran
|-start|p1a: Heatran|move: Taunt
|move|p1a: Heatran|Lava Plume|p2a: Mew
|-crit|p2a: Mew
|-damage|p2a: Mew|0 fnt
|faint|p2a: Mew
|
|
|switch|p2a: Keldeo|Keldeo|67\/323 brn
|turn|44
|
|switch|p1a: Breloom|Breloom, M|301\/323 tox
|move|p2a: Keldeo|Secret Sword|p1a: Breloom
|-damage|p1a: Breloom|124\/323 tox
|-damage|p2a: Keldeo|35\/323 brn|[from] item: Life Orb
|
|-damage|p2a: Keldeo|0 fnt|[from] brn
|-heal|p1a: Breloom|164\/323 tox|[from] ability: Poison Heal
|faint|p2a: Keldeo
|
|switch|p2a: Pinsir|Pinsir-Mega, M|219\/271
|turn|45
|
|move|p2a: Pinsir|Quick Attack|p1a: Breloom
|-supereffective|p1a: Breloom
|-damage|p1a: Breloom|0 fnt
|faint|p1a: Breloom
|
|
|switch|p1a: Heatran|Heatran, F|386\/386
|turn|46
|
|move|p2a: Pinsir|Swords Dance|p2a: Pinsir
|-boost|p2a: Pinsir|atk|2
|move|p1a: Heatran|Lava Plume|p2a: Pinsir
|-supereffective|p2a: Pinsir
|-damage|p2a: Pinsir|0 fnt
|faint|p2a: Pinsir
|
|c|âIn Your Window|gg
|-message|In Your Window forfeited.
|
|win|gest 1
|raw|Ladder updating...
|leave|In Your Window
|player|p2
|raw|gest 1's rating: 1583 &rarr; <strong>1602<\/strong><br \/>(+19 for winning)
|raw|In Your Window's rating: 1576 &rarr; <strong>1556<\/strong><br \/>(-20 for losing)
|c|âgest 1|gg