|join|In Your Window
|join|chaosscizzors
|player|p1|In Your Window|265
|player|p2|chaosscizzors|103
|gametype|singles
|gen|6
|tier|OU
|rated
|clearpoke
|poke|p1|Latias, F
|poke|p1|Politoed, F
|poke|p1|Swampert, M
|poke|p1|Ferrothorn, M
|poke|p1|Kingdra, M
|poke|p1|Azumarill, M
|poke|p2|Victini
|poke|p2|Mew, shiny
|poke|p2|Cloyster, M, shiny
|poke|p2|Metagross, shiny
|poke|p2|Breloom, M, shiny
|poke|p2|Mienshao, F, shiny
|rule|Swagger Clause: Swagger is banned
|rule|Baton Pass Clause: Limit one PokÃ©mon knowing Baton Pass
|rule|Sleep Clause Mod: Limit one foe put to sleep
|rule|Species Clause: Limit one of each PokÃ©mon
|rule|OHKO Clause: OHKO moves are banned
|rule|Moody Clause: Moody is banned
|rule|Evasion Moves Clause: Evasion moves are banned
|rule|Endless Battle Clause: Forcing endless battles is banned
|rule|HP Percentage Mod: HP is shown in percentages
|teampreview
|
|start
|switch|p1a: Politoed|Politoed, F|335\/335
|switch|p2a: Victini|Victini|404\/404
|-weather|RainDance
|turn|1
|
|switch|p1a: Swampert|Swampert, M|361\/361
|move|p2a: Victini|Final Gambit|p1a: Swampert
|-damage|p1a: Swampert|0 fnt
|faint|p2a: Victini
|faint|p1a: Swampert
|
|-weather|RainDance|[upkeep]
|
|switch|p2a: Mienshao|Mienshao, F, shiny|271\/271
|switch|p1a: Ferrothorn|Ferrothorn, M|352\/352
|turn|2
|
|move|p1a: Ferrothorn|Protect|p1a: Ferrothorn
|-singleturn|p1a: Ferrothorn|Protect
|move|p2a: Mienshao|High Jump Kick|p1a: Ferrothorn
|-activate|p1a: Ferrothorn|Protect
|-damage|p2a: Mienshao|136\/271|[from] highjumpkick
|
|-weather|RainDance|[upkeep]
|turn|3
|
|switch|p1a: Latias|Latias, F|309\/309
|move|p2a: Mienshao|High Jump Kick|p1a: Latias
|-resisted|p1a: Latias
|-damage|p1a: Latias|181\/309
|
|-weather|RainDance|[upkeep]
|turn|4
|
|switch|p2a: Mew|Mew, shiny|404\/404
|switch|p1a: Ferrothorn|Ferrothorn, M|352\/352
|
|-weather|RainDance|[upkeep]
|turn|5
|
|switch|p1a: Politoed|Politoed, F|335\/335
|move|p2a: Mew|Knock Off|p1a: Politoed
|-damage|p1a: Politoed|241\/335
|-enditem|p1a: Politoed|Damp Rock|[from] move: Knock Off|[of] p2a: Mew
|
|-weather|RainDance|[upkeep]
|turn|6
|
|move|p2a: Mew|Will-O-Wisp|p1a: Politoed
|-status|p1a: Politoed|brn
|move|p1a: Politoed|Hydro Pump|p2a: Mew
|-damage|p2a: Mew|148\/404
|
|-weather|RainDance|[upkeep]
|-heal|p2a: Mew|173\/404|[from] item: Leftovers
|-damage|p1a: Politoed|200\/335 brn|[from] brn
|turn|7
|
|move|p2a: Mew|Soft-Boiled|p2a: Mew
|-heal|p2a: Mew|375\/404
|move|p1a: Politoed|Hydro Pump|p2a: Mew
|-damage|p2a: Mew|134\/404
|
|-weather|RainDance|[upkeep]
|-heal|p2a: Mew|159\/404|[from] item: Leftovers
|-damage|p1a: Politoed|159\/335 brn|[from] brn
|turn|8
|
|switch|p1a: Kingdra|Kingdra, M|307\/307
|move|p2a: Mew|Soft-Boiled|p2a: Mew
|-heal|p2a: Mew|361\/404
|
|-weather|none
|-heal|p2a: Mew|386\/404|[from] item: Leftovers
|turn|9
|-message|In Your Window forfeited.
|
|win|chaosscizzors
|raw|Ladder updating...
|leave|In Your Window
|player|p1
|raw|In Your Window's rating: 1412 &rarr; <strong>1385<\/strong><br \/>(-27 for losing)
|raw|chaosscizzors's rating: 1274 &rarr; <strong>1308<\/strong><br \/>(+34 for winning)