|join|In Your Window
|join|Once upon a timer
|player|p1|In Your Window|2
|player|p2|Once upon a timer|159
|gametype|singles
|gen|6
|tier|OU
|rated
|clearpoke
|poke|p1|Slowbro, M
|poke|p1|Ferrothorn, F
|poke|p1|Latias, F
|poke|p1|Greninja, M
|poke|p1|Landorus-Therian, M
|poke|p1|Terrakion
|poke|p2|Landorus-Therian, M
|poke|p2|Chansey, F
|poke|p2|Amoonguss, M
|poke|p2|Gliscor, M, shiny
|poke|p2|Metagross, shiny
|poke|p2|Excadrill, M
|rule|Swagger Clause: Swagger is banned
|rule|Baton Pass Clause: Limit one PokÃ©mon knowing Baton Pass
|rule|Sleep Clause Mod: Limit one foe put to sleep
|rule|Species Clause: Limit one of each PokÃ©mon
|rule|OHKO Clause: OHKO moves are banned
|rule|Moody Clause: Moody is banned
|rule|Evasion Moves Clause: Evasion moves are banned
|rule|Endless Battle Clause: Forcing endless battles is banned
|rule|HP Percentage Mod: HP is shown in percentages
|teampreview
|
|start
|switch|p1a: Ferrothorn|Ferrothorn, F|352\/352
|switch|p2a: Gliscor|Gliscor, M, shiny|354\/354
|turn|1
|
|move|p1a: Ferrothorn|Protect|p1a: Ferrothorn
|-singleturn|p1a: Ferrothorn|Protect
|move|p2a: Gliscor|Taunt|p1a: Ferrothorn
|-activate|p1a: Ferrothorn|Protect
|
|-status|p2a: Gliscor|tox|[from] item: Toxic Orb
|turn|2
|
|move|p2a: Gliscor|Taunt|p1a: Ferrothorn
|-start|p1a: Ferrothorn|move: Taunt
|cant|p1a: Ferrothorn|move: Taunt|Stealth Rock
|
|turn|3
|
|move|p2a: Gliscor|Toxic|p1a: Ferrothorn
|-fail|p1a: Ferrothorn
|move|p1a: Ferrothorn|Gyro Ball|p2a: Gliscor
|-damage|p2a: Gliscor|245\/354 tox
|
|-heal|p2a: Gliscor|289\/354 tox|[from] ability: Poison Heal
|turn|4
|
|move|p2a: Gliscor|Toxic|p1a: Ferrothorn
|-fail|p1a: Ferrothorn
|move|p1a: Ferrothorn|Gyro Ball|p2a: Gliscor
|-damage|p2a: Gliscor|187\/354 tox
|
|-heal|p2a: Gliscor|231\/354 tox|[from] ability: Poison Heal
|-end|p1a: Ferrothorn|move: Taunt
|turn|5
|
|move|p2a: Gliscor|Toxic|p1a: Ferrothorn
|-fail|p1a: Ferrothorn
|move|p1a: Ferrothorn|Leech Seed|p2a: Gliscor
|-start|p2a: Gliscor|move: Leech Seed
|
|-damage|p2a: Gliscor|187\/354 tox|[from] Leech Seed|[of] p1a: Ferrothorn
|-heal|p2a: Gliscor|231\/354 tox|[from] ability: Poison Heal
|turn|6
|
|move|p2a: Gliscor|Roost|p2a: Gliscor
|-heal|p2a: Gliscor|354\/354 tox
|move|p1a: Ferrothorn|Stealth Rock|p2a: Gliscor
|-sidestart|p2: Once upon a timer|move: Stealth Rock
|
|-damage|p2a: Gliscor|310\/354 tox|[from] Leech Seed|[of] p1a: Ferrothorn
|-heal|p2a: Gliscor|354\/354 tox|[from] ability: Poison Heal
|turn|7
|
|switch|p1a: Greninja|Greninja, M|285\/285
|move|p2a: Gliscor|Taunt|p1a: Greninja
|-start|p1a: Greninja|move: Taunt
|
|-damage|p2a: Gliscor|310\/354 tox|[from] Leech Seed|[of] p1a: Greninja
|-heal|p2a: Gliscor|354\/354 tox|[from] ability: Poison Heal
|turn|8
|
|switch|p1a: Terrakion|Terrakion|323\/323
|switch|p2a: Chansey|Chansey, F|704\/704
|-damage|p2a: Chansey|616\/704|[from] Stealth Rock
|
|turn|9
|c|âOnce upon a timer|oh
|
|switch|p2a: Amoonguss|Amoonguss, M|432\/432
|-damage|p2a: Amoonguss|378\/432|[from] Stealth Rock
|move|p1a: Terrakion|Stone Edge|p2a: Amoonguss
|-damage|p2a: Amoonguss|12\/432
|
|-heal|p2a: Amoonguss|39\/432|[from] item: Black Sludge
|turn|10
|
|switch|p2a: Metagross|Metagross, shiny|302\/302
|-damage|p2a: Metagross|284\/302|[from] Stealth Rock
|move|p1a: Terrakion|Stone Edge|p2a: Metagross
|-resisted|p2a: Metagross
|-damage|p2a: Metagross|187\/302
|
|turn|11
|
|switch|p1a: Slowbro|Slowbro, M|394\/394
|detailschange|p2a: Metagross|Metagross-Mega, shiny
|message|Metagross has Mega Evolved into Mega Metagross!
|move|p2a: Metagross|Brick Break|p1a: Slowbro
|-resisted|p1a: Slowbro
|-damage|p1a: Slowbro|338\/394
|
|turn|12
|
|switch|p2a: Chansey|Chansey, F|616\/704
|-damage|p2a: Chansey|528\/704|[from] Stealth Rock
|move|p1a: Slowbro|Scald|p2a: Chansey
|-damage|p2a: Chansey|471\/704
|-status|p2a: Chansey|brn
|
|-damage|p2a: Chansey|383\/704 brn|[from] brn
|turn|13
|
|switch|p1a: Ferrothorn|Ferrothorn, F|352\/352
|move|p2a: Chansey|Stealth Rock|p1a: Ferrothorn
|-sidestart|p1: In Your Window|move: Stealth Rock
|
|-damage|p2a: Chansey|295\/704 brn|[from] brn
|turn|14
|
|move|p2a: Chansey|Soft-Boiled|p2a: Chansey
|-heal|p2a: Chansey|647\/704 brn
|move|p1a: Ferrothorn|Leech Seed|p2a: Chansey|[miss]
|-miss|p1a: Ferrothorn|p2a: Chansey
|
|-damage|p2a: Chansey|559\/704 brn|[from] brn
|turn|15
|
|switch|p2a: Amoonguss|Amoonguss, M|183\/432
|-damage|p2a: Amoonguss|129\/432|[from] Stealth Rock
|switch|p1a: Latias|Latias, F|309\/309
|-damage|p1a: Latias|271\/309|[from] Stealth Rock
|
|-heal|p2a: Amoonguss|156\/432|[from] item: Black Sludge
|turn|16
|
|switch|p2a: Excadrill|Excadrill, M|367\/367
|-damage|p2a: Excadrill|356\/367|[from] Stealth Rock
|-ability|p2a: Excadrill|Mold Breaker
|move|p1a: Latias|Psyshock|p2a: Excadrill
|-resisted|p2a: Excadrill
|-damage|p2a: Excadrill|244\/367
|-damage|p1a: Latias|241\/309|[from] item: Life Orb
|
|turn|17
|
|switch|p1a: Landorus-Therian|Landorus-Therian, M|319\/319
|-damage|p1a: Landorus-Therian|280\/319|[from] Stealth Rock
|-ability|p1a: Landorus-Therian|Intimidate|[of] p2a: Excadrill
|-unboost|p2a: Excadrill|atk|1
|move|p2a: Excadrill|Rapid Spin|p1a: Landorus-Therian
|-damage|p1a: Landorus-Therian|259\/319
|-sideend|p2: Once upon a timer|Stealth Rock|[from] move: Rapid Spin|[of] p2a: Excadrill
|
|turn|18
|
|switch|p2a: Gliscor|Gliscor, M, shiny|354\/354 tox
|move|p1a: Landorus-Therian|U-turn|p2a: Gliscor
|-resisted|p2a: Gliscor
|-damage|p2a: Gliscor|327\/354 tox
|
|switch|p1a: Greninja|Greninja, M|285\/285
|-damage|p1a: Greninja|250\/285|[from] Stealth Rock
|
|-heal|p2a: Gliscor|354\/354 tox|[from] ability: Poison Heal
|turn|19
|
|switch|p2a: Chansey|Chansey, F|559\/704
|move|p1a: Greninja|Ice Beam|p2a: Chansey
|-start|p1a: Greninja|typechange|Ice|[from] Protean
|-damage|p2a: Chansey|438\/704
|-damage|p1a: Greninja|222\/285|[from] item: Life Orb
|
|turn|20
|
|switch|p1a: Ferrothorn|Ferrothorn, F|352\/352
|-damage|p1a: Ferrothorn|330\/352|[from] Stealth Rock
|move|p2a: Chansey|Soft-Boiled|p2a: Chansey
|-heal|p2a: Chansey|704\/704
|
|-heal|p1a: Ferrothorn|352\/352|[from] item: Leftovers
|turn|21
|
|switch|p2a: Amoonguss|Amoonguss, M|300\/432
|move|p1a: Ferrothorn|Stealth Rock|p2a: Amoonguss
|-sidestart|p2: Once upon a timer|move: Stealth Rock
|
|-heal|p2a: Amoonguss|327\/432|[from] item: Black Sludge
|turn|22
|
|switch|p1a: Latias|Latias, F|241\/309
|-damage|p1a: Latias|203\/309|[from] Stealth Rock
|move|p2a: Amoonguss|Spore|p1a: Latias
|-status|p1a: Latias|slp
|
|-heal|p2a: Amoonguss|354\/432|[from] item: Black Sludge
|turn|23
|
|switch|p1a: Ferrothorn|Ferrothorn, F|352\/352
|-damage|p1a: Ferrothorn|330\/352|[from] Stealth Rock
|move|p2a: Amoonguss|Sludge Bomb|p1a: Ferrothorn
|-immune|p1a: Ferrothorn|[msg]
|
|-heal|p2a: Amoonguss|381\/432|[from] item: Black Sludge
|-heal|p1a: Ferrothorn|352\/352|[from] item: Leftovers
|turn|24
|
|move|p2a: Amoonguss|Hidden Power|p1a: Ferrothorn
|-crit|p1a: Ferrothorn
|-supereffective|p1a: Ferrothorn
|-damage|p1a: Ferrothorn|168\/352
|move|p1a: Ferrothorn|Gyro Ball|p2a: Amoonguss
|-damage|p2a: Amoonguss|291\/432
|
|-heal|p2a: Amoonguss|318\/432|[from] item: Black Sludge
|-heal|p1a: Ferrothorn|190\/352|[from] item: Leftovers
|turn|25
|
|switch|p1a: Slowbro|Slowbro, M|394\/394
|-damage|p1a: Slowbro|345\/394|[from] Stealth Rock
|move|p2a: Amoonguss|Sludge Bomb|p1a: Slowbro
|-damage|p1a: Slowbro|260\/394
|
|-heal|p2a: Amoonguss|345\/432|[from] item: Black Sludge
|turn|26
|
|switch|p1a: Ferrothorn|Ferrothorn, F|190\/352
|-damage|p1a: Ferrothorn|168\/352|[from] Stealth Rock
|move|p2a: Amoonguss|Giga Drain|p1a: Ferrothorn
|-resisted|p1a: Ferrothorn
|-damage|p1a: Ferrothorn|156\/352
|-heal|p2a: Amoonguss|351\/432|[from] drain|[of] p1a: Ferrothorn
|
|-heal|p2a: Amoonguss|378\/432|[from] item: Black Sludge
|-heal|p1a: Ferrothorn|178\/352|[from] item: Leftovers
|turn|27
|
|switch|p1a: Greninja|Greninja, M|222\/285
|-damage|p1a: Greninja|187\/285|[from] Stealth Rock
|move|p2a: Amoonguss|Hidden Power|p1a: Greninja
|-resisted|p1a: Greninja
|-damage|p1a: Greninja|159\/285
|
|-heal|p2a: Amoonguss|405\/432|[from] item: Black Sludge
|turn|28
|
|switch|p1a: Terrakion|Terrakion|323\/323
|-damage|p1a: Terrakion|303\/323|[from] Stealth Rock
|move|p2a: Amoonguss|Giga Drain|p1a: Terrakion
|-crit|p1a: Terrakion
|-supereffective|p1a: Terrakion
|-damage|p1a: Terrakion|55\/323
|-heal|p2a: Amoonguss|432\/432|[from] drain|[of] p1a: Terrakion
|
|turn|29
|-message|In Your Window forfeited.
|
|win|Once upon a timer
|raw|Ladder updating...
|leave|In Your Window
|player|p1
|raw|In Your Window's rating: 1512 &rarr; <strong>1489<\/strong><br \/>(-23 for losing)
|raw|Once upon a timer's rating: 1459 &rarr; <strong>1482<\/strong><br \/>(+23 for winning)
|c|âOnce upon a timer|over noop