|join|In Your Window
|join|Fuzzkatt
|player|p1|In Your Window|266
|player|p2|Fuzzkatt|274
|gametype|singles
|gen|6
|tier|OU
|rated
|clearpoke
|poke|p1|Slowbro, F
|poke|p1|Landorus-Therian, M
|poke|p1|Heatran, M
|poke|p1|Charizard, M
|poke|p1|Latios, M
|poke|p1|Azumarill, F
|poke|p2|Garchomp, F
|poke|p2|Thundurus, M
|poke|p2|Heatran, M
|poke|p2|Scizor, F
|poke|p2|Venusaur, M
|poke|p2|Kyurem-Black
|rule|Swagger Clause: Swagger is banned
|rule|Baton Pass Clause: Limit one PokÃ©mon knowing Baton Pass
|rule|Sleep Clause Mod: Limit one foe put to sleep
|rule|Species Clause: Limit one of each PokÃ©mon
|rule|OHKO Clause: OHKO moves are banned
|rule|Moody Clause: Moody is banned
|rule|Evasion Moves Clause: Evasion moves are banned
|rule|Endless Battle Clause: Forcing endless battles is banned
|rule|HP Percentage Mod: HP is shown in percentages
|teampreview
|
|start
|switch|p1a: Slowbro|Slowbro, F|393\/393
|switch|p2a: Kyurem-Black|Kyurem-Black|391\/391
|-ability|p2a: Kyurem-Black|Teravolt
|turn|1
|
|move|p2a: Kyurem-Black|Fusion Bolt|p1a: Slowbro
|-supereffective|p1a: Slowbro
|-damage|p1a: Slowbro|94\/393
|-damage|p2a: Kyurem-Black|352\/391|[from] item: Life Orb
|move|p1a: Slowbro|Thunder Wave|p2a: Kyurem-Black
|-status|p2a: Kyurem-Black|par
|
|-heal|p1a: Slowbro|118\/393|[from] item: Leftovers
|turn|2
|
|switch|p1a: Heatran|Heatran, M|385\/385
|move|p2a: Kyurem-Black|Ice Beam|p1a: Heatran
|-resisted|p1a: Heatran
|-damage|p1a: Heatran|356\/385
|-damage|p2a: Kyurem-Black|313\/391 par|[from] item: Life Orb
|
|-heal|p1a: Heatran|380\/385|[from] item: Leftovers
|turn|3
|
|switch|p1a: Charizard|Charizard, M|359\/359
|switch|p2a: Garchomp|Garchomp, F|358\/358
|
|turn|4
|
|switch|p1a: Slowbro|Slowbro, F|249\/393
|move|p2a: Garchomp|Outrage|p1a: Slowbro
|-damage|p1a: Slowbro|114\/393
|
|-heal|p1a: Slowbro|138\/393|[from] item: Leftovers
|turn|5
|
|move|p2a: Garchomp|Outrage|p1a: Slowbro
|-damage|p1a: Slowbro|0 fnt
|faint|p1a: Slowbro
|
|
|switch|p1a: Charizard|Charizard, M|359\/359
|turn|6
|
|move|p2a: Garchomp|Outrage|p1a: Charizard
|-damage|p1a: Charizard|74\/359
|move|p1a: Charizard|Dragon Dance|p1a: Charizard
|-boost|p1a: Charizard|atk|1
|-boost|p1a: Charizard|spe|1
|
|-end|p2a: Garchomp|rampage
|-start|p2a: Garchomp|confusion
|-enditem|p2a: Garchomp|Lum Berry|[eat]
|-end|p2a: Garchomp|confusion
|turn|7
|
|switch|p2a: Scizor|Scizor, F|344\/344
|detailschange|p1a: Charizard|Charizard-Mega-X, M
|message|Charizard has Mega Evolved into Mega Charizard!
|move|p1a: Charizard|Dragon Claw|p2a: Scizor
|-resisted|p2a: Scizor
|-damage|p2a: Scizor|202\/344
|
|turn|8
|
|move|p2a: Scizor|Bullet Punch|p1a: Charizard
|-resisted|p1a: Charizard
|-damage|p1a: Charizard|8\/359
|-damage|p2a: Scizor|168\/344|[from] item: Life Orb
|move|p1a: Charizard|Roost|p1a: Charizard
|-heal|p1a: Charizard|188\/359
|
|turn|9
|
|move|p1a: Charizard|Flare Blitz|p2a: Scizor
|-supereffective|p2a: Scizor
|-damage|p2a: Scizor|0 fnt
|-damage|p1a: Charizard|133\/359|[from] recoil|[of] p2a: Scizor
|faint|p2a: Scizor
|
|c|âFuzzkatt|what
|
|switch|p2a: Thundurus|Thundurus, M|299\/299
|turn|10
|
|move|p2a: Thundurus|Thunder Wave|p1a: Charizard
|-status|p1a: Charizard|par
|move|p1a: Charizard|Dragon Claw|p2a: Thundurus
|-damage|p2a: Thundurus|0 fnt
|faint|p2a: Thundurus
|
|
|switch|p2a: Garchomp|Garchomp, F|358\/358
|turn|11
|
|switch|p1a: Landorus-Therian|Landorus-Therian, M|325\/325
|-ability|p1a: Landorus-Therian|Intimidate|[of] p2a: Garchomp
|-unboost|p2a: Garchomp|atk|1
|move|p2a: Garchomp|Substitute|p2a: Garchomp
|-start|p2a: Garchomp|Substitute
|-damage|p2a: Garchomp|269\/358
|
|turn|12
|c|âIn Your Window|I have almost max hp on zard
|
|move|p1a: Landorus-Therian|Earthquake|p2a: Garchomp
|-end|p2a: Garchomp|Substitute
|move|p2a: Garchomp|Swords Dance|p2a: Garchomp
|-boost|p2a: Garchomp|atk|2
|
|turn|13
|
|move|p1a: Landorus-Therian|Earthquake|p2a: Garchomp
|-damage|p2a: Garchomp|58\/358
|move|p2a: Garchomp|Outrage|p1a: Landorus-Therian
|-damage|p1a: Landorus-Therian|3\/325
|
|turn|14
|c|âFuzzkatt|wtf
|
|move|p1a: Landorus-Therian|Earthquake|p2a: Garchomp
|-damage|p2a: Garchomp|0 fnt
|faint|p2a: Garchomp
|
|
|switch|p2a: Venusaur|Venusaur, M|364\/364
|turn|15
|
|switch|p1a: Heatran|Heatran, M|380\/385
|detailschange|p2a: Venusaur|Venusaur-Mega, M
|message|Venusaur has Mega Evolved into Mega Venusaur!
|move|p2a: Venusaur|Leech Seed|p1a: Heatran
|-start|p1a: Heatran|move: Leech Seed
|
|-heal|p1a: Heatran|385\/385|[from] item: Leftovers
|-damage|p1a: Heatran|337\/385|[from] Leech Seed|[of] p2a: Venusaur
|turn|16
|
|switch|p2a: Heatran|Heatran, M|386\/386
|move|p1a: Heatran|Stealth Rock|p2a: Heatran
|-sidestart|p2: Fuzzkatt|move: Stealth Rock
|
|-heal|p1a: Heatran|361\/385|[from] item: Leftovers
|-damage|p1a: Heatran|313\/385|[from] Leech Seed|[of] p2a: Heatran
|turn|17
|
|switch|p1a: Azumarill|Azumarill, F|363\/363
|move|p2a: Heatran|Stealth Rock|p1a: Azumarill
|-sidestart|p1: In Your Window|move: Stealth Rock
|
|turn|18
|
|switch|p2a: Venusaur|Venusaur-Mega, M|364\/364
|-damage|p2a: Venusaur|319\/364|[from] Stealth Rock
|switch|p1a: Latios|Latios, M|301\/301
|-damage|p1a: Latios|264\/301|[from] Stealth Rock
|
|turn|19
|
|switch|p2a: Heatran|Heatran, M|386\/386
|-damage|p2a: Heatran|338\/386|[from] Stealth Rock
|move|p1a: Latios|Psyshock|p2a: Heatran
|-resisted|p2a: Heatran
|-damage|p2a: Heatran|244\/386
|-damage|p1a: Latios|234\/301|[from] item: Life Orb
|
|-heal|p2a: Heatran|268\/386|[from] item: Leftovers
|turn|20
|
|move|p1a: Latios|Thunderbolt|p2a: Heatran
|-damage|p2a: Heatran|173\/386
|-damage|p1a: Latios|204\/301|[from] item: Life Orb
|move|p2a: Heatran|Toxic|p1a: Latios
|-status|p1a: Latios|tox
|
|-heal|p2a: Heatran|197\/386|[from] item: Leftovers
|-damage|p1a: Latios|186\/301 tox|[from] psn
|turn|21
|
|move|p2a: Heatran|Protect|p2a: Heatran
|-singleturn|p2a: Heatran|Protect
|move|p1a: Latios|Thunderbolt|p2a: Heatran
|-activate|p2a: Heatran|Protect
|
|-heal|p2a: Heatran|221\/386|[from] item: Leftovers
|-damage|p1a: Latios|150\/301 tox|[from] psn
|turn|22
|
|switch|p1a: Heatran|Heatran, M|313\/385
|-damage|p1a: Heatran|265\/385|[from] Stealth Rock
|move|p2a: Heatran|Lava Plume|p1a: Heatran
|-start|p1a: Heatran|ability: Flash Fire
|
|-heal|p1a: Heatran|289\/385|[from] item: Leftovers
|-heal|p2a: Heatran|245\/386|[from] item: Leftovers
|turn|23
|
|move|p2a: Heatran|Protect|p2a: Heatran
|-singleturn|p2a: Heatran|Protect
|move|p1a: Heatran|Lava Plume|p2a: Heatran
|-activate|p2a: Heatran|Protect
|
|-heal|p1a: Heatran|313\/385|[from] item: Leftovers
|-heal|p2a: Heatran|269\/386|[from] item: Leftovers
|turn|24
|
|move|p1a: Heatran|Toxic|p2a: Heatran
|-fail|p2a: Heatran
|move|p2a: Heatran|Toxic|p1a: Heatran
|-fail|p1a: Heatran
|
|-heal|p1a: Heatran|337\/385|[from] item: Leftovers
|-heal|p2a: Heatran|293\/386|[from] item: Leftovers
|turn|25
|
|move|p1a: Heatran|Toxic|p2a: Heatran
|-fail|p2a: Heatran
|move|p2a: Heatran|Toxic|p1a: Heatran
|-fail|p1a: Heatran
|
|-heal|p1a: Heatran|361\/385|[from] item: Leftovers
|-heal|p2a: Heatran|317\/386|[from] item: Leftovers
|turn|26
|c|âFuzzkatt|lol
|c|âIn Your Window|same set
|
|switch|p1a: Latios|Latios, M|150\/301 tox
|-damage|p1a: Latios|113\/301 tox|[from] Stealth Rock
|switch|p2a: Venusaur|Venusaur-Mega, M|319\/364
|-damage|p2a: Venusaur|274\/364|[from] Stealth Rock
|
|-damage|p1a: Latios|95\/301 tox|[from] psn
|turn|27
|c|âFuzzkatt|yeah
|
|switch|p1a: Azumarill|Azumarill, F|363\/363
|-damage|p1a: Azumarill|318\/363|[from] Stealth Rock
|switch|p2a: Kyurem-Black|Kyurem-Black|313\/391 par
|-damage|p2a: Kyurem-Black|216\/391 par|[from] Stealth Rock
|-ability|p2a: Kyurem-Black|Teravolt
|
|turn|28
|
|move|p1a: Azumarill|Play Rough|p2a: Kyurem-Black
|-supereffective|p2a: Kyurem-Black
|-damage|p2a: Kyurem-Black|0 fnt
|faint|p2a: Kyurem-Black
|
|
|switch|p2a: Venusaur|Venusaur-Mega, M|274\/364
|-damage|p2a: Venusaur|229\/364|[from] Stealth Rock
|turn|29
|
|switch|p1a: Heatran|Heatran, M|361\/385
|-damage|p1a: Heatran|313\/385|[from] Stealth Rock
|move|p2a: Venusaur|Leech Seed|p1a: Heatran
|-start|p1a: Heatran|move: Leech Seed
|
|-heal|p1a: Heatran|337\/385|[from] item: Leftovers
|-damage|p1a: Heatran|289\/385|[from] Leech Seed|[of] p2a: Venusaur
|-heal|p2a: Venusaur|277\/364|[silent]
|turn|30
|
|switch|p1a: Charizard|Charizard-Mega-X, M|133\/359 par
|-damage|p1a: Charizard|44\/359 par|[from] Stealth Rock
|move|p2a: Venusaur|Giga Drain|p1a: Charizard
|-resisted|p1a: Charizard
|-damage|p1a: Charizard|16\/359 par
|-heal|p2a: Venusaur|291\/364|[from] drain|[of] p1a: Charizard
|
|turn|31
|
|move|p2a: Venusaur|Sludge Bomb|p1a: Charizard
|-damage|p1a: Charizard|0 fnt
|faint|p1a: Charizard
|
|
|switch|p1a: Latios|Latios, M|95\/301 tox
|-damage|p1a: Latios|58\/301 tox|[from] Stealth Rock
|turn|32
|
|switch|p2a: Heatran|Heatran, M|317\/386
|-damage|p2a: Heatran|269\/386|[from] Stealth Rock
|move|p1a: Latios|Defog|p2a: Heatran
|-unboost|p2a: Heatran|evasion|1
|-sideend|p2: Fuzzkatt|Stealth Rock|[from] move: Defog|[of] p2a: Heatran
|-sideend|p1: In Your Window|Stealth Rock|[from] move: Defog|[of] p1a: Latios
|
|-heal|p2a: Heatran|293\/386|[from] item: Leftovers
|-damage|p1a: Latios|40\/301 tox|[from] psn
|turn|33
|
|switch|p1a: Landorus-Therian|Landorus-Therian, M|3\/325
|-ability|p1a: Landorus-Therian|Intimidate|[of] p2a: Heatran
|-unboost|p2a: Heatran|atk|1
|move|p2a: Heatran|Lava Plume|p1a: Landorus-Therian
|-damage|p1a: Landorus-Therian|0 fnt
|faint|p1a: Landorus-Therian
|
|-heal|p2a: Heatran|317\/386|[from] item: Leftovers
|c|âFuzzkatt|nope lol
|
|switch|p1a: Azumarill|Azumarill, F|318\/363
|turn|34
|
|switch|p2a: Venusaur|Venusaur-Mega, M|291\/364
|move|p1a: Azumarill|Waterfall|p2a: Venusaur
|-resisted|p2a: Venusaur
|-damage|p2a: Venusaur|210\/364
|
|turn|35
|
|switch|p1a: Heatran|Heatran, M|289\/385
|move|p2a: Venusaur|Synthesis|p2a: Venusaur
|-heal|p2a: Venusaur|364\/364
|
|-heal|p1a: Heatran|313\/385|[from] item: Leftovers
|turn|36
|
|switch|p1a: Azumarill|Azumarill, F|318\/363
|move|p2a: Venusaur|Leech Seed|p1a: Azumarill|[miss]
|-miss|p2a: Venusaur|p1a: Azumarill
|
|turn|37
|
|switch|p1a: Heatran|Heatran, M|313\/385
|move|p2a: Venusaur|Leech Seed|p1a: Heatran
|-start|p1a: Heatran|move: Leech Seed
|
|-heal|p1a: Heatran|337\/385|[from] item: Leftovers
|-damage|p1a: Heatran|289\/385|[from] Leech Seed|[of] p2a: Venusaur
|turn|38
|
|move|p1a: Heatran|Lava Plume|p2a: Venusaur
|-supereffective|p2a: Venusaur
|-damage|p2a: Venusaur|268\/364
|-status|p2a: Venusaur|brn
|move|p2a: Venusaur|Giga Drain|p1a: Heatran
|-resisted|p1a: Heatran
|-damage|p1a: Heatran|269\/385
|-heal|p2a: Venusaur|278\/364 brn|[from] drain|[of] p1a: Heatran
|
|-heal|p1a: Heatran|293\/385|[from] item: Leftovers
|-damage|p1a: Heatran|245\/385|[from] Leech Seed|[of] p2a: Venusaur
|-heal|p2a: Venusaur|326\/364 brn|[silent]
|-damage|p2a: Venusaur|281\/364 brn|[from] brn
|turn|39
|
|switch|p1a: Azumarill|Azumarill, F|318\/363
|move|p2a: Venusaur|Giga Drain|p1a: Azumarill
|-supereffective|p1a: Azumarill
|-damage|p1a: Azumarill|84\/363
|-heal|p2a: Venusaur|364\/364 brn|[from] drain|[of] p1a: Azumarill
|
|-damage|p2a: Venusaur|319\/364 brn|[from] brn
|turn|40
|
|switch|p1a: Heatran|Heatran, M|245\/385
|move|p2a: Venusaur|Giga Drain|p1a: Heatran
|-resisted|p1a: Heatran
|-damage|p1a: Heatran|227\/385
|-heal|p2a: Venusaur|328\/364 brn|[from] drain|[of] p1a: Heatran
|
|-heal|p1a: Heatran|251\/385|[from] item: Leftovers
|-damage|p2a: Venusaur|283\/364 brn|[from] brn
|turn|41
|
|move|p1a: Heatran|Lava Plume|p2a: Venusaur
|-crit|p2a: Venusaur
|-supereffective|p2a: Venusaur
|-damage|p2a: Venusaur|125\/364 brn
|move|p2a: Venusaur|Leech Seed|p1a: Heatran
|-start|p1a: Heatran|move: Leech Seed
|
|-heal|p1a: Heatran|275\/385|[from] item: Leftovers
|-damage|p1a: Heatran|227\/385|[from] Leech Seed|[of] p2a: Venusaur
|-heal|p2a: Venusaur|173\/364 brn|[silent]
|-damage|p2a: Venusaur|128\/364 brn|[from] brn
|turn|42
|
|move|p2a: Venusaur|Synthesis|p2a: Venusaur
|-heal|p2a: Venusaur|310\/364 brn
|move|p1a: Heatran|Lava Plume|p2a: Venusaur
|-supereffective|p2a: Venusaur
|-damage|p2a: Venusaur|196\/364 brn
|
|-heal|p1a: Heatran|251\/385|[from] item: Leftovers
|-damage|p1a: Heatran|203\/385|[from] Leech Seed|[of] p2a: Venusaur
|-heal|p2a: Venusaur|244\/364 brn|[silent]
|-damage|p2a: Venusaur|199\/364 brn|[from] brn
|turn|43
|
|switch|p1a: Latios|Latios, M|40\/301 tox
|move|p2a: Venusaur|Synthesis|p2a: Venusaur
|-heal|p2a: Venusaur|364\/364 brn
|
|-damage|p1a: Latios|22\/301 tox|[from] psn
|-damage|p2a: Venusaur|319\/364 brn|[from] brn
|turn|44
|
|switch|p2a: Heatran|Heatran, M|317\/386
|move|p1a: Latios|Draco Meteor|p2a: Heatran
|-resisted|p2a: Heatran
|-damage|p2a: Heatran|204\/386
|-unboost|p1a: Latios|spa|2
|-damage|p1a: Latios|0 fnt|[from] item: Life Orb
|faint|p1a: Latios
|
|-heal|p2a: Heatran|228\/386|[from] item: Leftovers
|
|switch|p1a: Azumarill|Azumarill, F|84\/363
|turn|45
|
|switch|p1a: Heatran|Heatran, M|203\/385
|move|p2a: Heatran|Toxic|p1a: Heatran
|-fail|p1a: Heatran
|
|-heal|p1a: Heatran|227\/385|[from] item: Leftovers
|-heal|p2a: Heatran|252\/386|[from] item: Leftovers
|turn|46
|
|move|p1a: Heatran|Toxic|p2a: Heatran
|-fail|p2a: Heatran
|move|p2a: Heatran|Toxic|p1a: Heatran
|-fail|p1a: Heatran
|
|-heal|p1a: Heatran|251\/385|[from] item: Leftovers
|-heal|p2a: Heatran|276\/386|[from] item: Leftovers
|turn|47
|
|move|p1a: Heatran|Toxic|p2a: Heatran
|-fail|p2a: Heatran
|move|p2a: Heatran|Toxic|p1a: Heatran
|-fail|p1a: Heatran
|
|-heal|p1a: Heatran|275\/385|[from] item: Leftovers
|-heal|p2a: Heatran|300\/386|[from] item: Leftovers
|turn|48
|
|move|p1a: Heatran|Toxic|p2a: Heatran
|-fail|p2a: Heatran
|move|p2a: Heatran|Toxic|p1a: Heatran
|-fail|p1a: Heatran
|
|-heal|p1a: Heatran|299\/385|[from] item: Leftovers
|-heal|p2a: Heatran|324\/386|[from] item: Leftovers
|turn|49
|
|move|p1a: Heatran|Toxic|p2a: Heatran
|-fail|p2a: Heatran
|move|p2a: Heatran|Toxic|p1a: Heatran
|-fail|p1a: Heatran
|
|-heal|p1a: Heatran|323\/385|[from] item: Leftovers
|-heal|p2a: Heatran|348\/386|[from] item: Leftovers
|turn|50
|
|switch|p2a: Venusaur|Venusaur-Mega, M|319\/364 brn
|move|p1a: Heatran|Toxic|p2a: Venusaur
|-fail|p2a: Venusaur
|
|-heal|p1a: Heatran|347\/385|[from] item: Leftovers
|-damage|p2a: Venusaur|274\/364 brn|[from] brn
|turn|51
|
|move|p1a: Heatran|Protect|p1a: Heatran
|-singleturn|p1a: Heatran|Protect
|move|p2a: Venusaur|Leech Seed|p1a: Heatran
|-activate|p1a: Heatran|Protect
|
|-heal|p1a: Heatran|371\/385|[from] item: Leftovers
|-damage|p2a: Venusaur|229\/364 brn|[from] brn
|turn|52
|
|move|p1a: Heatran|Lava Plume|p2a: Venusaur
|-supereffective|p2a: Venusaur
|-damage|p2a: Venusaur|131\/364 brn
|move|p2a: Venusaur|Synthesis|p2a: Venusaur
|-heal|p2a: Venusaur|313\/364 brn
|
|-heal|p1a: Heatran|385\/385|[from] item: Leftovers
|-damage|p2a: Venusaur|268\/364 brn|[from] brn
|turn|53
|
|move|p1a: Heatran|Protect|p1a: Heatran
|-singleturn|p1a: Heatran|Protect
|move|p2a: Venusaur|Synthesis|p2a: Venusaur
|-heal|p2a: Venusaur|364\/364 brn
|
|-damage|p2a: Venusaur|319\/364 brn|[from] brn
|turn|54
|
|move|p1a: Heatran|Lava Plume|p2a: Venusaur
|-supereffective|p2a: Venusaur
|-damage|p2a: Venusaur|223\/364 brn
|move|p2a: Venusaur|Leech Seed|p1a: Heatran
|-start|p1a: Heatran|move: Leech Seed
|
|-damage|p1a: Heatran|337\/385|[from] Leech Seed|[of] p2a: Venusaur
|-heal|p2a: Venusaur|271\/364 brn|[silent]
|-damage|p2a: Venusaur|226\/364 brn|[from] brn
|turn|55
|
|move|p2a: Venusaur|Synthesis|p2a: Venusaur
|-heal|p2a: Venusaur|364\/364 brn
|move|p1a: Heatran|Lava Plume|p2a: Venusaur
|-supereffective|p2a: Venusaur
|-damage|p2a: Venusaur|268\/364 brn
|
|-heal|p1a: Heatran|361\/385|[from] item: Leftovers
|-damage|p1a: Heatran|313\/385|[from] Leech Seed|[of] p2a: Venusaur
|-heal|p2a: Venusaur|316\/364 brn|[silent]
|-damage|p2a: Venusaur|271\/364 brn|[from] brn
|turn|56
|
|move|p1a: Heatran|Lava Plume|p2a: Venusaur
|-crit|p2a: Venusaur
|-supereffective|p2a: Venusaur
|-damage|p2a: Venusaur|125\/364 brn
|move|p2a: Venusaur|Giga Drain|p1a: Heatran
|-resisted|p1a: Heatran
|-damage|p1a: Heatran|295\/385
|-heal|p2a: Venusaur|134\/364 brn|[from] drain|[of] p1a: Heatran
|
|-heal|p1a: Heatran|319\/385|[from] item: Leftovers
|-damage|p1a: Heatran|271\/385|[from] Leech Seed|[of] p2a: Venusaur
|-heal|p2a: Venusaur|182\/364 brn|[silent]
|-damage|p2a: Venusaur|137\/364 brn|[from] brn
|turn|57
|
|move|p2a: Venusaur|Synthesis|p2a: Venusaur
|-heal|p2a: Venusaur|319\/364 brn
|move|p1a: Heatran|Lava Plume|p2a: Venusaur
|-supereffective|p2a: Venusaur
|-damage|p2a: Venusaur|223\/364 brn
|
|-heal|p1a: Heatran|295\/385|[from] item: Leftovers
|-damage|p1a: Heatran|247\/385|[from] Leech Seed|[of] p2a: Venusaur
|-heal|p2a: Venusaur|271\/364 brn|[silent]
|-damage|p2a: Venusaur|226\/364 brn|[from] brn
|turn|58
|
|switch|p2a: Heatran|Heatran, M|348\/386
|move|p1a: Heatran|Lava Plume|p2a: Heatran
|-start|p2a: Heatran|ability: Flash Fire
|
|-heal|p1a: Heatran|271\/385|[from] item: Leftovers
|-heal|p2a: Heatran|372\/386|[from] item: Leftovers
|-damage|p1a: Heatran|223\/385|[from] Leech Seed|[of] p2a: Heatran
|-heal|p2a: Heatran|386\/386|[silent]
|turn|59
|
|move|p1a: Heatran|Toxic|p2a: Heatran
|-fail|p2a: Heatran
|move|p2a: Heatran|Toxic|p1a: Heatran
|-fail|p1a: Heatran
|
|-heal|p1a: Heatran|247\/385|[from] item: Leftovers
|-damage|p1a: Heatran|199\/385|[from] Leech Seed|[of] p2a: Heatran
|turn|60
|
|switch|p1a: Azumarill|Azumarill, F|84\/363
|move|p2a: Heatran|Toxic|p1a: Azumarill
|-status|p1a: Azumarill|tox
|
|-damage|p1a: Azumarill|62\/363 tox|[from] psn
|turn|61
|
|switch|p1a: Heatran|Heatran, M|199\/385
|move|p2a: Heatran|Lava Plume|p1a: Heatran
|-start|p1a: Heatran|ability: Flash Fire
|
|-heal|p1a: Heatran|223\/385|[from] item: Leftovers
|turn|62
|
|move|p1a: Heatran|Lava Plume|p2a: Heatran
|-immune|p2a: Heatran|[msg]
|move|p2a: Heatran|Toxic|p1a: Heatran|[miss]
|-miss|p2a: Heatran|p1a: Heatran
|
|-heal|p1a: Heatran|247\/385|[from] item: Leftovers
|turn|63
|
|move|p1a: Heatran|Lava Plume|p2a: Heatran
|-immune|p2a: Heatran|[msg]
|move|p2a: Heatran|Lava Plume|p1a: Heatran
|-immune|p1a: Heatran|[msg]
|
|-heal|p1a: Heatran|271\/385|[from] item: Leftovers
|turn|64
|
|move|p1a: Heatran|Lava Plume|p2a: Heatran
|-immune|p2a: Heatran|[msg]
|move|p2a: Heatran|Lava Plume|p1a: Heatran
|-immune|p1a: Heatran|[msg]
|
|-heal|p1a: Heatran|295\/385|[from] item: Leftovers
|turn|65
|
|move|p1a: Heatran|Stealth Rock|p2a: Heatran
|-sidestart|p2: Fuzzkatt|move: Stealth Rock
|move|p2a: Heatran|Lava Plume|p1a: Heatran
|-immune|p1a: Heatran|[msg]
|
|-heal|p1a: Heatran|319\/385|[from] item: Leftovers
|turn|66
|
|move|p1a: Heatran|Protect|p1a: Heatran
|-singleturn|p1a: Heatran|Protect
|move|p2a: Heatran|Stealth Rock|p1a: Heatran
|-sidestart|p1: In Your Window|move: Stealth Rock
|
|-heal|p1a: Heatran|343\/385|[from] item: Leftovers
|turn|67
|
|move|p1a: Heatran|Lava Plume|p2a: Heatran
|-immune|p2a: Heatran|[msg]
|move|p2a: Heatran|Lava Plume|p1a: Heatran
|-immune|p1a: Heatran|[msg]
|
|-heal|p1a: Heatran|367\/385|[from] item: Leftovers
|turn|68
|
|move|p1a: Heatran|Toxic|p2a: Heatran
|-fail|p2a: Heatran
|move|p2a: Heatran|Lava Plume|p1a: Heatran
|-immune|p1a: Heatran|[msg]
|
|-heal|p1a: Heatran|385\/385|[from] item: Leftovers
|turn|69
|
|move|p1a: Heatran|Toxic|p2a: Heatran
|-fail|p2a: Heatran
|move|p2a: Heatran|Toxic|p1a: Heatran
|-fail|p1a: Heatran
|
|turn|70
|
|move|p1a: Heatran|Toxic|p2a: Heatran
|-fail|p2a: Heatran
|move|p2a: Heatran|Lava Plume|p1a: Heatran
|-immune|p1a: Heatran|[msg]
|
|turn|71
|
|move|p1a: Heatran|Toxic|p2a: Heatran
|-fail|p2a: Heatran
|move|p2a: Heatran|Toxic|p1a: Heatran
|-fail|p1a: Heatran
|
|turn|72
|
|switch|p2a: Venusaur|Venusaur-Mega, M|226\/364 brn
|-damage|p2a: Venusaur|181\/364 brn|[from] Stealth Rock
|move|p1a: Heatran|Toxic|p2a: Venusaur
|-fail|p2a: Venusaur
|
|-damage|p2a: Venusaur|136\/364 brn|[from] brn
|turn|73
|
|move|p2a: Venusaur|Synthesis|p2a: Venusaur
|-heal|p2a: Venusaur|318\/364 brn
|move|p1a: Heatran|Lava Plume|p2a: Venusaur
|-supereffective|p2a: Venusaur
|-damage|p2a: Venusaur|156\/364 brn
|
|-damage|p2a: Venusaur|111\/364 brn|[from] brn
|turn|74
|
|move|p1a: Heatran|Lava Plume|p2a: Venusaur
|-supereffective|p2a: Venusaur
|-damage|p2a: Venusaur|0 fnt
|faint|p2a: Venusaur
|
|
|switch|p2a: Heatran|Heatran, M|386\/386
|-damage|p2a: Heatran|338\/386|[from] Stealth Rock
|turn|75
|
|move|p1a: Heatran|Toxic|p2a: Heatran
|-fail|p2a: Heatran
|move|p2a: Heatran|Lava Plume|p1a: Heatran
|-immune|p1a: Heatran|[msg]
|
|-heal|p2a: Heatran|362\/386|[from] item: Leftovers
|turn|76
|c|âFuzzkatt|well damn
|c|âFuzzkatt|pp war then?
|
|move|p1a: Heatran|Toxic|p2a: Heatran
|-fail|p2a: Heatran
|move|p2a: Heatran|Lava Plume|p1a: Heatran
|-immune|p1a: Heatran|[msg]
|
|-heal|p2a: Heatran|386\/386|[from] item: Leftovers
|turn|77
|
|move|p1a: Heatran|Toxic|p2a: Heatran
|-fail|p2a: Heatran
|move|p2a: Heatran|Toxic|p1a: Heatran
|-fail|p1a: Heatran
|
|turn|78
|c|âIn Your Window|probs
|
|move|p1a: Heatran|Lava Plume|p2a: Heatran
|-start|p2a: Heatran|ability: Flash Fire
|move|p2a: Heatran|Stealth Rock|p1a: Heatran
|-fail|p1a: Heatran
|
|turn|79
|
|move|p1a: Heatran|Stealth Rock|p2a: Heatran
|-fail|p2a: Heatran
|move|p2a: Heatran|Stealth Rock|p1a: Heatran
|-fail|p1a: Heatran
|
|turn|80
|
|move|p1a: Heatran|Stealth Rock|p2a: Heatran
|-fail|p2a: Heatran
|move|p2a: Heatran|Stealth Rock|p1a: Heatran
|-fail|p1a: Heatran
|
|turn|81
|
|move|p1a: Heatran|Stealth Rock|p2a: Heatran
|-fail|p2a: Heatran
|move|p2a: Heatran|Stealth Rock|p1a: Heatran
|-fail|p1a: Heatran
|
|turn|82
|
|move|p1a: Heatran|Stealth Rock|p2a: Heatran
|-fail|p2a: Heatran
|move|p2a: Heatran|Stealth Rock|p1a: Heatran
|-fail|p1a: Heatran
|
|turn|83
|
|move|p1a: Heatran|Stealth Rock|p2a: Heatran
|-fail|p2a: Heatran
|move|p2a: Heatran|Stealth Rock|p1a: Heatran
|-fail|p1a: Heatran
|
|turn|84
|
|move|p1a: Heatran|Stealth Rock|p2a: Heatran
|-fail|p2a: Heatran
|move|p2a: Heatran|Stealth Rock|p1a: Heatran
|-fail|p1a: Heatran
|
|turn|85
|
|move|p1a: Heatran|Lava Plume|p2a: Heatran
|-immune|p2a: Heatran|[msg]
|move|p2a: Heatran|Stealth Rock|p1a: Heatran
|-fail|p1a: Heatran
|
|turn|86
|
|move|p1a: Heatran|Stealth Rock|p2a: Heatran
|-fail|p2a: Heatran
|move|p2a: Heatran|Stealth Rock|p1a: Heatran
|-fail|p1a: Heatran
|
|turn|87
|
|move|p1a: Heatran|Stealth Rock|p2a: Heatran
|-fail|p2a: Heatran
|move|p2a: Heatran|Stealth Rock|p1a: Heatran
|-fail|p1a: Heatran
|
|turn|88
|
|move|p1a: Heatran|Stealth Rock|p2a: Heatran
|-fail|p2a: Heatran
|move|p2a: Heatran|Stealth Rock|p1a: Heatran
|-fail|p1a: Heatran
|
|turn|89
|
|move|p1a: Heatran|Stealth Rock|p2a: Heatran
|-fail|p2a: Heatran
|move|p2a: Heatran|Stealth Rock|p1a: Heatran
|-fail|p1a: Heatran
|
|turn|90
|
|move|p1a: Heatran|Stealth Rock|p2a: Heatran
|-fail|p2a: Heatran
|move|p2a: Heatran|Stealth Rock|p1a: Heatran
|-fail|p1a: Heatran
|
|turn|91
|
|move|p1a: Heatran|Stealth Rock|p2a: Heatran
|-fail|p2a: Heatran
|move|p2a: Heatran|Stealth Rock|p1a: Heatran
|-fail|p1a: Heatran
|
|turn|92
|
|move|p1a: Heatran|Stealth Rock|p2a: Heatran
|-fail|p2a: Heatran
|move|p2a: Heatran|Stealth Rock|p1a: Heatran
|-fail|p1a: Heatran
|
|turn|93
|
|move|p1a: Heatran|Stealth Rock|p2a: Heatran
|-fail|p2a: Heatran
|move|p2a: Heatran|Stealth Rock|p1a: Heatran
|-fail|p1a: Heatran
|
|turn|94
|
|move|p1a: Heatran|Stealth Rock|p2a: Heatran
|-fail|p2a: Heatran
|move|p2a: Heatran|Stealth Rock|p1a: Heatran
|-fail|p1a: Heatran
|
|turn|95
|
|move|p1a: Heatran|Stealth Rock|p2a: Heatran
|-fail|p2a: Heatran
|move|p2a: Heatran|Stealth Rock|p1a: Heatran
|-fail|p1a: Heatran
|
|turn|96
|
|move|p1a: Heatran|Stealth Rock|p2a: Heatran
|-fail|p2a: Heatran
|move|p2a: Heatran|Stealth Rock|p1a: Heatran
|-fail|p1a: Heatran
|
|turn|97
|
|move|p1a: Heatran|Stealth Rock|p2a: Heatran
|-fail|p2a: Heatran
|move|p2a: Heatran|Stealth Rock|p1a: Heatran
|-fail|p1a: Heatran
|
|turn|98
|
|move|p1a: Heatran|Stealth Rock|p2a: Heatran
|-fail|p2a: Heatran
|move|p2a: Heatran|Stealth Rock|p1a: Heatran
|-fail|p1a: Heatran
|
|turn|99
|
|move|p1a: Heatran|Stealth Rock|p2a: Heatran
|-fail|p2a: Heatran
|move|p2a: Heatran|Stealth Rock|p1a: Heatran
|-fail|p1a: Heatran
|
|turn|100
|
|move|p1a: Heatran|Stealth Rock|p2a: Heatran
|-fail|p2a: Heatran
|move|p2a: Heatran|Stealth Rock|p1a: Heatran
|-fail|p1a: Heatran
|
|turn|101
|
|move|p1a: Heatran|Stealth Rock|p2a: Heatran
|-fail|p2a: Heatran
|move|p2a: Heatran|Stealth Rock|p1a: Heatran
|-fail|p1a: Heatran
|
|turn|102
|
|move|p1a: Heatran|Stealth Rock|p2a: Heatran
|-fail|p2a: Heatran
|move|p2a: Heatran|Stealth Rock|p1a: Heatran
|-fail|p1a: Heatran
|
|turn|103
|
|move|p1a: Heatran|Stealth Rock|p2a: Heatran
|-fail|p2a: Heatran
|move|p2a: Heatran|Stealth Rock|p1a: Heatran
|-fail|p1a: Heatran
|
|turn|104
|
|move|p1a: Heatran|Stealth Rock|p2a: Heatran
|-fail|p2a: Heatran
|move|p2a: Heatran|Stealth Rock|p1a: Heatran
|-fail|p1a: Heatran
|
|turn|105
|
|move|p1a: Heatran|Stealth Rock|p2a: Heatran
|-fail|p2a: Heatran
|move|p2a: Heatran|Stealth Rock|p1a: Heatran
|-fail|p1a: Heatran
|
|turn|106
|
|move|p1a: Heatran|Stealth Rock|p2a: Heatran
|-fail|p2a: Heatran
|move|p2a: Heatran|Stealth Rock|p1a: Heatran
|-fail|p1a: Heatran
|
|turn|107
|
|move|p1a: Heatran|Stealth Rock|p2a: Heatran
|-fail|p2a: Heatran
|move|p2a: Heatran|Stealth Rock|p1a: Heatran
|-fail|p1a: Heatran
|
|turn|108
|
|move|p1a: Heatran|Stealth Rock|p2a: Heatran
|-fail|p2a: Heatran
|move|p2a: Heatran|Toxic|p1a: Heatran
|-fail|p1a: Heatran
|
|turn|109
|
|move|p1a: Heatran|Stealth Rock|p2a: Heatran
|-fail|p2a: Heatran
|move|p2a: Heatran|Toxic|p1a: Heatran
|-fail|p1a: Heatran
|
|turn|110
|
|move|p1a: Heatran|Lava Plume|p2a: Heatran
|-immune|p2a: Heatran|[msg]
|move|p2a: Heatran|Lava Plume|p1a: Heatran
|-immune|p1a: Heatran|[msg]
|
|turn|111
|
|move|p1a: Heatran|Lava Plume|p2a: Heatran
|-immune|p2a: Heatran|[msg]
|move|p2a: Heatran|Lava Plume|p1a: Heatran
|-immune|p1a: Heatran|[msg]
|
|turn|112
|
|move|p1a: Heatran|Lava Plume|p2a: Heatran
|-immune|p2a: Heatran|[msg]
|move|p2a: Heatran|Lava Plume|p1a: Heatran
|-immune|p1a: Heatran|[msg]
|
|turn|113
|
|move|p2a: Heatran|Protect|p2a: Heatran
|-singleturn|p2a: Heatran|Protect
|move|p1a: Heatran|Lava Plume|p2a: Heatran
|-activate|p2a: Heatran|Protect
|
|turn|114
|
|move|p2a: Heatran|Protect|p2a: Heatran
|-fail|p2a: Heatran
|move|p1a: Heatran|Lava Plume|p2a: Heatran
|-immune|p2a: Heatran|[msg]
|
|turn|115
|
|move|p2a: Heatran|Protect|p2a: Heatran
|-singleturn|p2a: Heatran|Protect
|move|p1a: Heatran|Lava Plume|p2a: Heatran
|-activate|p2a: Heatran|Protect
|
|turn|116
|
|move|p1a: Heatran|Protect|p1a: Heatran
|-singleturn|p1a: Heatran|Protect
|move|p2a: Heatran|Protect|p2a: Heatran
|-fail|p2a: Heatran
|
|turn|117
|
|move|p1a: Heatran|Protect|p1a: Heatran
|-fail|p1a: Heatran
|move|p2a: Heatran|Lava Plume|p1a: Heatran
|-immune|p1a: Heatran|[msg]
|
|turn|118
|
|move|p1a: Heatran|Protect|p1a: Heatran
|-singleturn|p1a: Heatran|Protect
|move|p2a: Heatran|Protect|p2a: Heatran
|-fail|p2a: Heatran
|
|turn|119
|
|move|p1a: Heatran|Protect|p1a: Heatran
|-fail|p1a: Heatran
|move|p2a: Heatran|Lava Plume|p1a: Heatran
|-immune|p1a: Heatran|[msg]
|
|turn|120
|
|move|p1a: Heatran|Protect|p1a: Heatran
|-singleturn|p1a: Heatran|Protect
|move|p2a: Heatran|Protect|p2a: Heatran
|-fail|p2a: Heatran
|
|turn|121
|
|move|p1a: Heatran|Protect|p1a: Heatran
|-fail|p1a: Heatran
|move|p2a: Heatran|Lava Plume|p1a: Heatran
|-immune|p1a: Heatran|[msg]
|
|turn|122
|
|move|p1a: Heatran|Protect|p1a: Heatran
|-singleturn|p1a: Heatran|Protect
|move|p2a: Heatran|Protect|p2a: Heatran
|-fail|p2a: Heatran
|
|turn|123
|
|move|p1a: Heatran|Protect|p1a: Heatran
|-fail|p1a: Heatran
|move|p2a: Heatran|Lava Plume|p1a: Heatran
|-immune|p1a: Heatran|[msg]
|
|turn|124
|
|move|p1a: Heatran|Protect|p1a: Heatran
|-singleturn|p1a: Heatran|Protect
|move|p2a: Heatran|Protect|p2a: Heatran
|-fail|p2a: Heatran
|
|turn|125
|
|move|p1a: Heatran|Protect|p1a: Heatran
|-fail|p1a: Heatran
|move|p2a: Heatran|Lava Plume|p1a: Heatran
|-immune|p1a: Heatran|[msg]
|
|turn|126
|
|move|p1a: Heatran|Protect|p1a: Heatran
|-singleturn|p1a: Heatran|Protect
|move|p2a: Heatran|Protect|p2a: Heatran
|-fail|p2a: Heatran
|
|turn|127
|
|move|p1a: Heatran|Protect|p1a: Heatran
|-fail|p1a: Heatran
|move|p2a: Heatran|Lava Plume|p1a: Heatran
|-immune|p1a: Heatran|[msg]
|
|turn|128
|
|move|p1a: Heatran|Protect|p1a: Heatran
|-singleturn|p1a: Heatran|Protect
|move|p2a: Heatran|Protect|p2a: Heatran
|-fail|p2a: Heatran
|
|turn|129
|
|-activate|p1a: Heatran|move: Struggle
|move|p1a: Heatran|Struggle|p2a: Heatran
|-damage|p2a: Heatran|359\/386
|-damage|p1a: Heatran|289\/385
|move|p2a: Heatran|Lava Plume|p1a: Heatran
|-immune|p1a: Heatran|[msg]
|
|-heal|p1a: Heatran|313\/385|[from] item: Leftovers
|-heal|p2a: Heatran|383\/386|[from] item: Leftovers
|turn|130
|
|-activate|p1a: Heatran|move: Struggle
|move|p1a: Heatran|Struggle|p2a: Heatran
|-damage|p2a: Heatran|356\/386
|-damage|p1a: Heatran|217\/385
|move|p2a: Heatran|Lava Plume|p1a: Heatran
|-immune|p1a: Heatran|[msg]
|
|-heal|p1a: Heatran|241\/385|[from] item: Leftovers
|-heal|p2a: Heatran|380\/386|[from] item: Leftovers
|turn|131
|
|move|p2a: Heatran|Protect|p2a: Heatran
|-singleturn|p2a: Heatran|Protect
|-activate|p1a: Heatran|move: Struggle
|move|p1a: Heatran|Struggle|p2a: Heatran
|-activate|p2a: Heatran|Protect
|
|-heal|p1a: Heatran|265\/385|[from] item: Leftovers
|-heal|p2a: Heatran|386\/386|[from] item: Leftovers
|turn|132
|
|move|p2a: Heatran|Protect|p2a: Heatran
|-fail|p2a: Heatran
|-activate|p1a: Heatran|move: Struggle
|move|p1a: Heatran|Struggle|p2a: Heatran
|-damage|p2a: Heatran|357\/386
|-damage|p1a: Heatran|169\/385
|
|-heal|p1a: Heatran|193\/385|[from] item: Leftovers
|-heal|p2a: Heatran|381\/386|[from] item: Leftovers
|turn|133
|
|move|p2a: Heatran|Protect|p2a: Heatran
|-singleturn|p2a: Heatran|Protect
|-activate|p1a: Heatran|move: Struggle
|move|p1a: Heatran|Struggle|p2a: Heatran
|-activate|p2a: Heatran|Protect
|
|-heal|p1a: Heatran|217\/385|[from] item: Leftovers
|-heal|p2a: Heatran|386\/386|[from] item: Leftovers
|turn|134
|
|move|p2a: Heatran|Protect|p2a: Heatran
|-singleturn|p2a: Heatran|Protect
|-activate|p1a: Heatran|move: Struggle
|move|p1a: Heatran|Struggle|p2a: Heatran
|-activate|p2a: Heatran|Protect
|
|-heal|p1a: Heatran|241\/385|[from] item: Leftovers
|turn|135
|
|-activate|p1a: Heatran|move: Struggle
|move|p1a: Heatran|Struggle|p2a: Heatran
|-damage|p2a: Heatran|360\/386
|-damage|p1a: Heatran|145\/385
|move|p2a: Heatran|Lava Plume|p1a: Heatran
|-immune|p1a: Heatran|[msg]
|
|-heal|p1a: Heatran|169\/385|[from] item: Leftovers
|-heal|p2a: Heatran|384\/386|[from] item: Leftovers
|turn|136
|
|-activate|p1a: Heatran|move: Struggle
|move|p1a: Heatran|Struggle|p2a: Heatran
|-crit|p2a: Heatran
|-damage|p2a: Heatran|340\/386
|-damage|p1a: Heatran|73\/385
|move|p2a: Heatran|Lava Plume|p1a: Heatran
|-immune|p1a: Heatran|[msg]
|
|-heal|p1a: Heatran|97\/385|[from] item: Leftovers
|-heal|p2a: Heatran|364\/386|[from] item: Leftovers
|turn|137
|
|-activate|p1a: Heatran|move: Struggle
|move|p1a: Heatran|Struggle|p2a: Heatran
|-damage|p2a: Heatran|339\/386
|-damage|p1a: Heatran|1\/385
|-activate|p2a: Heatran|move: Struggle
|move|p2a: Heatran|Struggle|p1a: Heatran
|-damage|p1a: Heatran|0 fnt
|-damage|p2a: Heatran|243\/386
|faint|p1a: Heatran
|
|-heal|p2a: Heatran|267\/386|[from] item: Leftovers
|
|switch|p1a: Azumarill|Azumarill, F|62\/363 tox
|-damage|p1a: Azumarill|17\/363 tox|[from] Stealth Rock
|turn|138
|
|-activate|p2a: Heatran|move: Struggle
|move|p2a: Heatran|Struggle|p1a: Azumarill
|-damage|p1a: Azumarill|0 fnt
|-damage|p2a: Heatran|171\/386
|faint|p1a: Azumarill
|
|win|Fuzzkatt
|raw|Ladder updating...
|c|âFuzzkatt|gg
|c|âIn Your Window|gg
|c|âFuzzkatt|that was awesome
|raw|Ladder (probably) updated, but score could not be retrieved (timeout).
|raw|Ladder (probably) updated, but score could not be retrieved (Error: socket hang up).
|c|âIn Your Window|was so sure you were slower
|c|âIn Your Window|gg
|leave|In Your Window
|player|p1