|join|testeams123
|join|In Your Window
|player|p1|testeams123|1
|player|p2|In Your Window|266
|gametype|singles
|gen|6
|tier|OU
|rated
|clearpoke
|poke|p1|Metagross
|poke|p1|Tentacruel, F
|poke|p1|Clefable, F
|poke|p1|Talonflame, F
|poke|p1|Ferrothorn, F
|poke|p1|Dugtrio, M
|poke|p2|Starmie, shiny
|poke|p2|Kyurem-Black, shiny
|poke|p2|Greninja, M, shiny
|poke|p2|Diancie
|poke|p2|Klefki, F, shiny
|poke|p2|Landorus-Therian, M, shiny
|rule|Swagger Clause: Swagger is banned
|rule|Baton Pass Clause: Limit one PokÃ©mon knowing Baton Pass
|rule|Sleep Clause Mod: Limit one foe put to sleep
|rule|Species Clause: Limit one of each PokÃ©mon
|rule|OHKO Clause: OHKO moves are banned
|rule|Moody Clause: Moody is banned
|rule|Evasion Moves Clause: Evasion moves are banned
|rule|Endless Battle Clause: Forcing endless battles is banned
|rule|HP Percentage Mod: HP is shown in percentages
|teampreview
|
|start
|switch|p1a: Ferrothorn|Ferrothorn, F|352\/352
|switch|p2a: Starmie|Starmie, shiny|323\/323
|turn|1
|
|move|p1a: Ferrothorn|Protect|p1a: Ferrothorn
|-singleturn|p1a: Ferrothorn|Protect
|move|p2a: Starmie|Reflect Type|p1a: Ferrothorn
|-activate|p1a: Ferrothorn|Protect
|
|turn|2
|
|move|p2a: Starmie|Scald|p1a: Ferrothorn
|-resisted|p1a: Ferrothorn
|-damage|p1a: Ferrothorn|314\/352
|move|p1a: Ferrothorn|Spikes|p2a: Starmie
|-sidestart|p2: In Your Window|Spikes
|
|turn|3
|
|move|p2a: Starmie|Reflect Type|p1a: Ferrothorn
|-start|p2a: Starmie|typechange|[from] move: Reflect Type|[of] p1a: Ferrothorn
|move|p1a: Ferrothorn|Leech Seed|p2a: Starmie
|-immune|p2a: Starmie|[msg]
|
|turn|4
|
|move|p2a: Starmie|Rapid Spin|p1a: Ferrothorn
|-resisted|p1a: Ferrothorn
|-damage|p1a: Ferrothorn|310\/352
|-damage|p2a: Starmie|283\/323|[from] ability: Iron Barbs|[of] p1a: Ferrothorn
|-sideend|p2: In Your Window|Spikes|[from] move: Rapid Spin|[of] p2a: Starmie
|move|p1a: Ferrothorn|Gyro Ball|p2a: Starmie
|-resisted|p2a: Starmie
|-damage|p2a: Starmie|192\/323
|
|-heal|p2a: Starmie|212\/323|[from] item: Leftovers
|turn|5
|
|move|p2a: Starmie|Scald|p1a: Ferrothorn
|-resisted|p1a: Ferrothorn
|-damage|p1a: Ferrothorn|283\/352
|move|p1a: Ferrothorn|Spikes|p2a: Starmie
|-sidestart|p2: In Your Window|Spikes
|
|-heal|p2a: Starmie|232\/323|[from] item: Leftovers
|turn|6
|
|move|p2a: Starmie|Scald|p1a: Ferrothorn
|-resisted|p1a: Ferrothorn
|-damage|p1a: Ferrothorn|257\/352
|-status|p1a: Ferrothorn|brn
|move|p1a: Ferrothorn|Spikes|p2a: Starmie
|-sidestart|p2: In Your Window|Spikes
|
|-heal|p2a: Starmie|252\/323|[from] item: Leftovers
|-damage|p1a: Ferrothorn|213\/352 brn|[from] brn
|turn|7
|
|switch|p1a: Talonflame|Talonflame, F|327\/327
|move|p2a: Starmie|Rapid Spin|p1a: Talonflame
|-damage|p1a: Talonflame|311\/327
|-sideend|p2: In Your Window|Spikes|[from] move: Rapid Spin|[of] p2a: Starmie
|
|-heal|p2a: Starmie|272\/323|[from] item: Leftovers
|turn|8
|
|switch|p2a: Landorus-Therian|Landorus-Therian, M, shiny|365\/365
|-ability|p2a: Landorus-Therian|Intimidate|[of] p1a: Talonflame
|-unboost|p1a: Talonflame|atk|1
|move|p1a: Talonflame|Brave Bird|p2a: Landorus-Therian
|-damage|p2a: Landorus-Therian|263\/365
|-damage|p1a: Talonflame|277\/327|[from] recoil|[of] p2a: Landorus-Therian
|
|-heal|p2a: Landorus-Therian|285\/365|[from] item: Leftovers
|turn|9
|
|switch|p1a: Ferrothorn|Ferrothorn, F|213\/352 brn
|move|p2a: Landorus-Therian|Stealth Rock|p1a: Ferrothorn
|-sidestart|p1: testeams123|move: Stealth Rock
|
|-heal|p2a: Landorus-Therian|307\/365|[from] item: Leftovers
|-damage|p1a: Ferrothorn|169\/352 brn|[from] brn
|turn|10
|
|switch|p2a: Starmie|Starmie, shiny|272\/323
|move|p1a: Ferrothorn|Leech Seed|p2a: Starmie
|-start|p2a: Starmie|move: Leech Seed
|
|-heal|p2a: Starmie|292\/323|[from] item: Leftovers
|-damage|p2a: Starmie|252\/323|[from] Leech Seed|[of] p1a: Ferrothorn
|-heal|p1a: Ferrothorn|209\/352 brn|[silent]
|-damage|p1a: Ferrothorn|165\/352 brn|[from] brn
|turn|11
|
|move|p2a: Starmie|Reflect Type|p1a: Ferrothorn
|-start|p2a: Starmie|typechange|[from] move: Reflect Type|[of] p1a: Ferrothorn
|move|p1a: Ferrothorn|Spikes|p2a: Starmie
|-sidestart|p2: In Your Window|Spikes
|
|-heal|p2a: Starmie|272\/323|[from] item: Leftovers
|-damage|p2a: Starmie|232\/323|[from] Leech Seed|[of] p1a: Ferrothorn
|-heal|p1a: Ferrothorn|205\/352 brn|[silent]
|-damage|p1a: Ferrothorn|161\/352 brn|[from] brn
|turn|12
|
|switch|p1a: Tentacruel|Tentacruel, F|357\/357
|-damage|p1a: Tentacruel|313\/357|[from] Stealth Rock
|move|p2a: Starmie|Rapid Spin|p1a: Tentacruel
|-damage|p1a: Tentacruel|302\/357
|-end|p2a: Starmie|Leech Seed|[from] move: Rapid Spin|[of] p2a: Starmie
|-sideend|p2: In Your Window|Spikes|[from] move: Rapid Spin|[of] p2a: Starmie
|
|-heal|p2a: Starmie|252\/323|[from] item: Leftovers
|-heal|p1a: Tentacruel|324\/357|[from] item: Black Sludge
|turn|13
|
|move|p2a: Starmie|Scald|p1a: Tentacruel
|-resisted|p1a: Tentacruel
|-damage|p1a: Tentacruel|299\/357
|move|p1a: Tentacruel|Rapid Spin|p2a: Starmie
|-resisted|p2a: Starmie
|-damage|p2a: Starmie|246\/323
|-sideend|p1: testeams123|Stealth Rock|[from] move: Rapid Spin|[of] p1a: Tentacruel
|
|-heal|p2a: Starmie|266\/323|[from] item: Leftovers
|-heal|p1a: Tentacruel|321\/357|[from] item: Black Sludge
|turn|14
|
|move|p2a: Starmie|Scald|p1a: Tentacruel
|-resisted|p1a: Tentacruel
|-damage|p1a: Tentacruel|294\/357
|move|p1a: Tentacruel|Knock Off|p2a: Starmie
|-damage|p2a: Starmie|210\/323
|-enditem|p2a: Starmie|Leftovers|[from] move: Knock Off|[of] p1a: Tentacruel
|
|-heal|p1a: Tentacruel|316\/357|[from] item: Black Sludge
|turn|15
|
|switch|p1a: Ferrothorn|Ferrothorn, F|161\/352 brn
|move|p2a: Starmie|Scald|p1a: Ferrothorn
|-resisted|p1a: Ferrothorn
|-damage|p1a: Ferrothorn|134\/352 brn
|
|-damage|p1a: Ferrothorn|90\/352 brn|[from] brn
|turn|16
|
|move|p2a: Starmie|Reflect Type|p1a: Ferrothorn
|-start|p2a: Starmie|typechange|[from] move: Reflect Type|[of] p1a: Ferrothorn
|move|p1a: Ferrothorn|Spikes|p2a: Starmie
|-sidestart|p2: In Your Window|Spikes
|
|-damage|p1a: Ferrothorn|46\/352 brn|[from] brn
|turn|17
|
|move|p2a: Starmie|Recover|p2a: Starmie
|-heal|p2a: Starmie|323\/323
|move|p1a: Ferrothorn|Spikes|p2a: Starmie
|-sidestart|p2: In Your Window|Spikes
|
|-damage|p1a: Ferrothorn|2\/352 brn|[from] brn
|turn|18
|
|move|p1a: Ferrothorn|Protect|p1a: Ferrothorn
|-singleturn|p1a: Ferrothorn|Protect
|move|p2a: Starmie|Rapid Spin|p1a: Ferrothorn
|-activate|p1a: Ferrothorn|Protect
|
|-damage|p1a: Ferrothorn|0 fnt|[from] brn
|faint|p1a: Ferrothorn
|
|switch|p1a: Talonflame|Talonflame, F|277\/327
|turn|19
|
|switch|p2a: Landorus-Therian|Landorus-Therian, M, shiny|307\/365
|-ability|p2a: Landorus-Therian|Intimidate|[of] p1a: Talonflame
|-unboost|p1a: Talonflame|atk|1
|move|p1a: Talonflame|Flare Blitz|p2a: Landorus-Therian
|-damage|p2a: Landorus-Therian|226\/365
|-damage|p1a: Talonflame|250\/327|[from] recoil|[of] p2a: Landorus-Therian
|
|-heal|p2a: Landorus-Therian|248\/365|[from] item: Leftovers
|turn|20
|
|switch|p1a: Clefable|Clefable, F|394\/394
|move|p2a: Landorus-Therian|Earthquake|p1a: Clefable
|-crit|p1a: Clefable
|-damage|p1a: Clefable|172\/394
|
|-heal|p2a: Landorus-Therian|270\/365|[from] item: Leftovers
|-heal|p1a: Clefable|196\/394|[from] item: Leftovers
|turn|21
|
|move|p2a: Landorus-Therian|Stealth Rock|p1a: Clefable
|-sidestart|p1: testeams123|move: Stealth Rock
|move|p1a: Clefable|Moonlight|p1a: Clefable
|-heal|p1a: Clefable|393\/394
|
|-heal|p2a: Landorus-Therian|292\/365|[from] item: Leftovers
|-heal|p1a: Clefable|394\/394|[from] item: Leftovers
|turn|22
|
|move|p2a: Landorus-Therian|Earthquake|p1a: Clefable
|-damage|p1a: Clefable|228\/394
|move|p1a: Clefable|Moonblast|p2a: Landorus-Therian
|-crit|p2a: Landorus-Therian
|-damage|p2a: Landorus-Therian|94\/365
|
|-heal|p2a: Landorus-Therian|116\/365|[from] item: Leftovers
|-heal|p1a: Clefable|252\/394|[from] item: Leftovers
|turn|23
|
|move|p2a: Landorus-Therian|U-turn|p1a: Clefable
|-crit|p1a: Clefable
|-resisted|p1a: Clefable
|-damage|p1a: Clefable|194\/394
|
|switch|p2a: Starmie|Starmie, shiny|323\/323
|-damage|p2a: Starmie|270\/323|[from] Spikes
|move|p1a: Clefable|Moonlight|p1a: Clefable
|-heal|p1a: Clefable|391\/394
|
|-heal|p1a: Clefable|394\/394|[from] item: Leftovers
|turn|24
|
|move|p2a: Starmie|Rapid Spin|p1a: Clefable
|-damage|p1a: Clefable|383\/394
|-sideend|p2: In Your Window|Spikes|[from] move: Rapid Spin|[of] p2a: Starmie
|move|p1a: Clefable|Calm Mind|p1a: Clefable
|-boost|p1a: Clefable|spa|1
|-boost|p1a: Clefable|spd|1
|
|-heal|p1a: Clefable|394\/394|[from] item: Leftovers
|turn|25
|
|switch|p2a: Greninja|Greninja, M, shiny|285\/285
|move|p1a: Clefable|Moonblast|p2a: Greninja
|-supereffective|p2a: Greninja
|-damage|p2a: Greninja|0 fnt
|faint|p2a: Greninja
|
|
|switch|p2a: Diancie|Diancie|261\/261
|turn|26
|
|detailschange|p2a: Diancie|Diancie-Mega
|message|Diancie has Mega Evolved into Mega Diancie!
|move|p2a: Diancie|Diamond Storm|p1a: Clefable
|-crit|p1a: Clefable
|-damage|p1a: Clefable|150\/394
|move|p1a: Clefable|Moonblast|p2a: Diancie
|-crit|p2a: Diancie
|-damage|p2a: Diancie|24\/261
|
|-heal|p1a: Clefable|174\/394|[from] item: Leftovers
|turn|27
|
|move|p2a: Diancie|Moonblast|p1a: Clefable
|-damage|p1a: Clefable|41\/394
|-unboost|p1a: Clefable|spa|1
|move|p1a: Clefable|Moonlight|p1a: Clefable
|-heal|p1a: Clefable|238\/394
|
|-heal|p1a: Clefable|262\/394|[from] item: Leftovers
|turn|28
|
|move|p2a: Diancie|Diamond Storm|p1a: Clefable
|-crit|p1a: Clefable
|-damage|p1a: Clefable|1\/394
|-boost|p2a: Diancie|def|1
|move|p1a: Clefable|Moonlight|p1a: Clefable
|-heal|p1a: Clefable|198\/394
|
|-heal|p1a: Clefable|222\/394|[from] item: Leftovers
|turn|29
|
|move|p2a: Diancie|Diamond Storm|p1a: Clefable
|-crit|p1a: Clefable
|-damage|p1a: Clefable|0 fnt
|-boost|p2a: Diancie|def|1
|faint|p1a: Clefable
|
|c|âtesteams123|wdf
|
|switch|p1a: Metagross|Metagross|301\/301
|-damage|p1a: Metagross|283\/301|[from] Stealth Rock
|turn|30
|
|switch|p2a: Starmie|Starmie, shiny|270\/323
|move|p1a: Metagross|Bullet Punch|p2a: Starmie
|-crit|p2a: Starmie
|-resisted|p2a: Starmie
|-damage|p2a: Starmie|210\/323
|
|turn|31
|
|switch|p2a: Klefki|Klefki, F, shiny|318\/318
|switch|p1a: Tentacruel|Tentacruel, F|316\/357
|-damage|p1a: Tentacruel|272\/357|[from] Stealth Rock
|
|-heal|p1a: Tentacruel|294\/357|[from] item: Black Sludge
|turn|32
|
|move|p2a: Klefki|Thunder Wave|p1a: Tentacruel
|-status|p1a: Tentacruel|par
|move|p1a: Tentacruel|Rapid Spin|p2a: Klefki
|-crit|p2a: Klefki
|-resisted|p2a: Klefki
|-damage|p2a: Klefki|309\/318
|-sideend|p1: testeams123|Stealth Rock|[from] move: Rapid Spin|[of] p1a: Tentacruel
|
|-heal|p2a: Klefki|318\/318|[from] item: Leftovers
|-heal|p1a: Tentacruel|316\/357 par|[from] item: Black Sludge
|turn|33
|
|switch|p2a: Starmie|Starmie, shiny|210\/323
|move|p1a: Tentacruel|Scald|p2a: Starmie
|-resisted|p2a: Starmie
|-damage|p2a: Starmie|167\/323
|-status|p2a: Starmie|brn
|
|-heal|p1a: Tentacruel|338\/357 par|[from] item: Black Sludge
|-damage|p2a: Starmie|127\/323 brn|[from] brn
|turn|34
|
|move|p2a: Starmie|Recover|p2a: Starmie
|-heal|p2a: Starmie|289\/323 brn
|move|p1a: Tentacruel|Acid Spray|p2a: Starmie
|-damage|p2a: Starmie|243\/323 brn
|-unboost|p2a: Starmie|spd|2
|
|-heal|p1a: Tentacruel|357\/357 par|[from] item: Black Sludge
|-damage|p2a: Starmie|203\/323 brn|[from] brn
|turn|35
|
|switch|p2a: Diancie|Diancie-Mega|24\/261
|move|p1a: Tentacruel|Knock Off|p2a: Diancie
|-resisted|p2a: Diancie
|-damage|p2a: Diancie|7\/261
|
|turn|36
|
|move|p2a: Diancie|Earth Power|p1a: Tentacruel
|-supereffective|p1a: Tentacruel
|-damage|p1a: Tentacruel|127\/357 par
|move|p1a: Tentacruel|Scald|p2a: Diancie
|-supereffective|p2a: Diancie
|-damage|p2a: Diancie|0 fnt
|faint|p2a: Diancie
|
|-heal|p1a: Tentacruel|149\/357 par|[from] item: Black Sludge
|
|switch|p2a: Landorus-Therian|Landorus-Therian, M, shiny|116\/365
|-ability|p2a: Landorus-Therian|Intimidate|[of] p1a: Tentacruel
|-unboost|p1a: Tentacruel|atk|1
|turn|37
|
|move|p2a: Landorus-Therian|Earthquake|p1a: Tentacruel
|-supereffective|p1a: Tentacruel
|-damage|p1a: Tentacruel|0 fnt
|faint|p1a: Tentacruel
|
|-heal|p2a: Landorus-Therian|138\/365|[from] item: Leftovers
|
|switch|p1a: Metagross|Metagross|283\/301
|turn|38
|
|switch|p2a: Klefki|Klefki, F, shiny|318\/318
|detailschange|p1a: Metagross|Metagross-Mega
|message|Metagross has Mega Evolved into Mega Metagross!
|move|p1a: Metagross|Meteor Mash|p2a: Klefki|[miss]
|-miss|p1a: Metagross|p2a: Klefki
|
|turn|39
|
|switch|p1a: Dugtrio|Dugtrio, M|211\/211
|switch|p2a: Starmie|Starmie, shiny|203\/323
|
|turn|40
|
|move|p1a: Dugtrio|Stealth Rock|p2a: Starmie
|-sidestart|p2: In Your Window|move: Stealth Rock
|move|p2a: Starmie|Recover|p2a: Starmie
|-heal|p2a: Starmie|323\/323
|
|turn|41
|
|move|p1a: Dugtrio|Earthquake|p2a: Starmie
|-damage|p2a: Starmie|179\/323
|move|p2a: Starmie|Rapid Spin|p1a: Dugtrio
|-damage|p1a: Dugtrio|190\/211
|-sideend|p2: In Your Window|Stealth Rock|[from] move: Rapid Spin|[of] p2a: Starmie
|
|turn|42
|
|move|p1a: Dugtrio|Earthquake|p2a: Starmie
|-damage|p2a: Starmie|25\/323
|move|p2a: Starmie|Recover|p2a: Starmie
|-heal|p2a: Starmie|187\/323
|
|turn|43
|
|move|p1a: Dugtrio|Earthquake|p2a: Starmie
|-damage|p2a: Starmie|51\/323
|move|p2a: Starmie|Recover|p2a: Starmie
|-heal|p2a: Starmie|213\/323
|
|turn|44
|
|move|p1a: Dugtrio|Stealth Rock|p2a: Starmie
|-sidestart|p2: In Your Window|move: Stealth Rock
|move|p2a: Starmie|Scald|p1a: Dugtrio
|-supereffective|p1a: Dugtrio
|-damage|p1a: Dugtrio|0 fnt
|faint|p1a: Dugtrio
|
|
|switch|p1a: Talonflame|Talonflame, F|250\/327
|turn|45
|
|switch|p2a: Landorus-Therian|Landorus-Therian, M, shiny|138\/365
|-damage|p2a: Landorus-Therian|93\/365|[from] Stealth Rock
|-ability|p2a: Landorus-Therian|Intimidate|[of] p1a: Talonflame
|-unboost|p1a: Talonflame|atk|1
|move|p1a: Talonflame|Swords Dance|p1a: Talonflame
|-boost|p1a: Talonflame|atk|2
|
|-heal|p2a: Landorus-Therian|115\/365|[from] item: Leftovers
|turn|46
|
|move|p1a: Talonflame|Flare Blitz|p2a: Landorus-Therian
|-damage|p2a: Landorus-Therian|0 fnt
|-damage|p1a: Talonflame|212\/327|[from] recoil|[of] p2a: Landorus-Therian
|faint|p2a: Landorus-Therian
|
|
|switch|p2a: Klefki|Klefki, F, shiny|318\/318
|-damage|p2a: Klefki|299\/318|[from] Stealth Rock
|turn|47
|
|move|p2a: Klefki|Thunder Wave|p1a: Talonflame
|-status|p1a: Talonflame|par
|move|p1a: Talonflame|Flare Blitz|p2a: Klefki
|-supereffective|p2a: Klefki
|-damage|p2a: Klefki|0 fnt
|-damage|p1a: Talonflame|113\/327 par|[from] recoil|[of] p2a: Klefki
|faint|p2a: Klefki
|
|
|switch|p2a: Kyurem-Black|Kyurem-Black, shiny|399\/399
|-damage|p2a: Kyurem-Black|300\/399|[from] Stealth Rock
|-ability|p2a: Kyurem-Black|Teravolt
|turn|48
|
|move|p1a: Talonflame|Brave Bird|p2a: Kyurem-Black
|-damage|p2a: Kyurem-Black|11\/399
|-damage|p1a: Talonflame|18\/327 par|[from] recoil|[of] p2a: Kyurem-Black
|move|p2a: Kyurem-Black|Fusion Bolt|p1a: Talonflame
|-supereffective|p1a: Talonflame
|-damage|p1a: Talonflame|0 fnt
|-damage|p2a: Kyurem-Black|0 fnt|[from] item: Life Orb
|faint|p1a: Talonflame
|faint|p2a: Kyurem-Black
|
|
|switch|p2a: Starmie|Starmie, shiny|213\/323
|switch|p1a: Metagross|Metagross-Mega|283\/301
|-damage|p2a: Starmie|173\/323|[from] Stealth Rock
|turn|49
|
|move|p2a: Starmie|Recover|p2a: Starmie
|-heal|p2a: Starmie|323\/323
|move|p1a: Metagross|Meteor Mash|p2a: Starmie
|-resisted|p2a: Starmie
|-damage|p2a: Starmie|186\/323
|
|turn|50
|
|move|p2a: Starmie|Scald|p1a: Metagross
|-damage|p1a: Metagross|195\/301
|move|p1a: Metagross|Meteor Mash|p2a: Starmie
|-resisted|p2a: Starmie
|-damage|p2a: Starmie|57\/323
|
|turn|51
|
|move|p1a: Metagross|Bullet Punch|p2a: Starmie
|-resisted|p2a: Starmie
|-damage|p2a: Starmie|4\/323
|move|p2a: Starmie|Recover|p2a: Starmie
|-heal|p2a: Starmie|166\/323
|
|turn|52
|
|move|p2a: Starmie|Recover|p2a: Starmie
|-heal|p2a: Starmie|323\/323
|move|p1a: Metagross|Meteor Mash|p2a: Starmie
|-resisted|p2a: Starmie
|-damage|p2a: Starmie|194\/323
|
|turn|53
|
|move|p2a: Starmie|Scald|p1a: Metagross
|-damage|p1a: Metagross|116\/301
|move|p1a: Metagross|Meteor Mash|p2a: Starmie
|-resisted|p2a: Starmie
|-damage|p2a: Starmie|76\/323
|-boost|p1a: Metagross|atk|1
|
|turn|54
|
|move|p2a: Starmie|Recover|p2a: Starmie
|-heal|p2a: Starmie|238\/323
|move|p1a: Metagross|Meteor Mash|p2a: Starmie
|-resisted|p2a: Starmie
|-damage|p2a: Starmie|33\/323
|
|turn|55
|
|move|p1a: Metagross|Bullet Punch|p2a: Starmie
|-resisted|p2a: Starmie
|-damage|p2a: Starmie|0 fnt
|faint|p2a: Starmie
|
|win|testeams123
|raw|Ladder updating...
|raw|testeams123's rating: 1498 &rarr; <strong>1513<\/strong><br \/>(+15 for winning)
|raw|In Your Window's rating: 1407 &rarr; <strong>1392<\/strong><br \/>(-15 for losing)
|leave|In Your Window
|player|p2