|join|I Like Eevee :
|join|In Your Window
|player|p1|I Like Eevee :|116
|player|p2|In Your Window|266
|gametype|singles
|gen|6
|tier|OU (suspect test)
|rated
|clearpoke
|poke|p1|Umbreon, M
|poke|p1|Vaporeon, M
|poke|p1|Espeon, F
|poke|p1|Flareon, M
|poke|p1|Jolteon, M
|poke|p1|Sylveon, F
|poke|p2|Thundurus, M
|poke|p2|Azumarill, M
|poke|p2|Excadrill, M
|poke|p2|Tyranitar, M
|poke|p2|Charizard, F
|poke|p2|Dragonite, M
|rule|Swagger Clause: Swagger is banned
|rule|Baton Pass Clause: Limit one PokÃ©mon knowing Baton Pass
|rule|Sleep Clause Mod: Limit one foe put to sleep
|rule|Species Clause: Limit one of each PokÃ©mon
|rule|OHKO Clause: OHKO moves are banned
|rule|Moody Clause: Moody is banned
|rule|Evasion Moves Clause: Evasion moves are banned
|rule|Endless Battle Clause: Forcing endless battles is banned
|rule|HP Percentage Mod: HP is reported as percentages
|teampreview
|
|start
|switch|p1a: Y U Ban B Pass?!?|Jolteon, M|272\/272
|switch|p2a: Tyranitar|Tyranitar, M|341\/341
|-weather|Sandstorm
|turn|1
|
|switch|p1a: Fap|Vaporeon, M|464\/464
|move|p2a: Tyranitar|Earthquake|p1a: Fap
|-damage|p1a: Fap|353\/464
|
|-weather|Sandstorm|[upkeep]
|-damage|p1a: Fap|324\/464|[from] sandstorm
|-heal|p1a: Fap|353\/464|[from] item: Leftovers
|turn|2
|
|move|p2a: Tyranitar|Stealth Rock|p1a: Fap
|-sidestart|p1: I Like Eevee :|move: Stealth Rock
|move|p1a: Fap|Scald|p2a: Tyranitar
|-supereffective|p2a: Tyranitar
|-damage|p2a: Tyranitar|201\/341
|-status|p2a: Tyranitar|brn
|
|-weather|Sandstorm|[upkeep]
|-damage|p1a: Fap|324\/464|[from] sandstorm
|-heal|p1a: Fap|353\/464|[from] item: Leftovers
|-damage|p2a: Tyranitar|159\/341 brn|[from] brn
|turn|3
|
|move|p2a: Tyranitar|Thunderbolt|p1a: Fap
|-supereffective|p1a: Fap
|-damage|p1a: Fap|175\/464
|move|p1a: Fap|Wish|p1a: Fap
|
|-weather|Sandstorm|[upkeep]
|-damage|p1a: Fap|146\/464|[from] sandstorm
|-heal|p1a: Fap|175\/464|[from] item: Leftovers
|-damage|p2a: Tyranitar|117\/341 brn|[from] brn
|turn|4
|
|switch|p2a: Azumarill|Azumarill, M|360\/360
|move|p1a: Fap|Protect|p1a: Fap
|-fail|p1a: Fap
|
|-weather|Sandstorm|[upkeep]
|-damage|p2a: Azumarill|338\/360|[from] sandstorm
|-damage|p1a: Fap|146\/464|[from] sandstorm
|-heal|p1a: Fap|378\/464|[from] move: Wish|[wisher] Fap
|-heal|p1a: Fap|407\/464|[from] item: Leftovers
|turn|5
|
|move|p2a: Azumarill|Belly Drum|p2a: Azumarill
|-damage|p2a: Azumarill|158\/360
|-setboost|p2a: Azumarill|atk|6|[from] move: Belly Drum
|-enditem|p2a: Azumarill|Sitrus Berry|[eat]
|-heal|p2a: Azumarill|248\/360|[from] item: Sitrus Berry
|move|p1a: Fap|Roar|p2a: Azumarill
|drag|p2a: Charizard|Charizard, F|319\/319
|
|-weather|none
|-heal|p1a: Fap|436\/464|[from] item: Leftovers
|turn|6
|
|detailschange|p2a: Charizard|Charizard-Mega-X, F
|message|Charizard has Mega Evolved into Mega Charizard!
|move|p1a: Fap|Protect|p1a: Fap
|-singleturn|p1a: Fap|Protect
|move|p2a: Charizard|Outrage|p1a: Fap
|-activate|p1a: Fap|Protect
|
|-heal|p1a: Fap|464\/464|[from] item: Leftovers
|turn|7
|
|move|p2a: Charizard|Dragon Dance|p2a: Charizard
|-boost|p2a: Charizard|atk|1
|-boost|p2a: Charizard|spe|1
|move|p1a: Fap|Wish|p1a: Fap
|
|turn|8
|
|move|p2a: Charizard|Dragon Dance|p2a: Charizard
|-boost|p2a: Charizard|atk|1
|-boost|p2a: Charizard|spe|1
|move|p1a: Fap|Roar|p2a: Charizard
|drag|p2a: Tyranitar|Tyranitar, M|117\/341 brn
|-weather|Sandstorm
|
|-weather|Sandstorm|[upkeep]
|-damage|p1a: Fap|435\/464|[from] sandstorm
|-heal|p1a: Fap|464\/464|[from] move: Wish|[wisher] Fap
|-damage|p2a: Tyranitar|75\/341 brn|[from] brn
|turn|9
|
|move|p2a: Tyranitar|Thunderbolt|p1a: Fap
|-supereffective|p1a: Fap
|-damage|p1a: Fap|280\/464
|move|p1a: Fap|Wish|p1a: Fap
|
|-weather|Sandstorm|[upkeep]
|-damage|p1a: Fap|251\/464|[from] sandstorm
|-heal|p1a: Fap|280\/464|[from] item: Leftovers
|-damage|p2a: Tyranitar|33\/341 brn|[from] brn
|turn|10
|
|switch|p2a: Charizard|Charizard-Mega-X, F|319\/319
|switch|p1a: Not-Shit 6th Poke|Sylveon, F|331\/331
|-damage|p1a: Not-Shit 6th Poke|290\/331|[from] Stealth Rock
|
|-weather|Sandstorm|[upkeep]
|-damage|p2a: Charizard|300\/319|[from] sandstorm
|-damage|p1a: Not-Shit 6th Poke|270\/331|[from] sandstorm
|-heal|p1a: Not-Shit 6th Poke|331\/331|[from] move: Wish|[wisher] Fap
|turn|11
|
|move|p2a: Charizard|Outrage|p1a: Not-Shit 6th Poke
|-immune|p1a: Not-Shit 6th Poke|[msg]
|move|p1a: Not-Shit 6th Poke|Hyper Voice|p2a: Charizard
|-damage|p2a: Charizard|0 fnt
|faint|p2a: Charizard
|
|-weather|Sandstorm|[upkeep]
|-damage|p1a: Not-Shit 6th Poke|311\/331|[from] sandstorm
|
|switch|p2a: Excadrill|Excadrill, M|362\/362
|turn|12
|
|move|p2a: Excadrill|Iron Head|p1a: Not-Shit 6th Poke
|-supereffective|p1a: Not-Shit 6th Poke
|-damage|p1a: Not-Shit 6th Poke|0 fnt
|-damage|p2a: Excadrill|326\/362|[from] item: Life Orb
|faint|p1a: Not-Shit 6th Poke
|
|-weather|none
|
|switch|p1a: Fap|Vaporeon, M|280\/464
|-damage|p1a: Fap|222\/464|[from] Stealth Rock
|turn|13
|
|move|p2a: Excadrill|Earthquake|p1a: Fap
|-damage|p1a: Fap|0 fnt
|-damage|p2a: Excadrill|290\/362|[from] item: Life Orb
|faint|p1a: Fap
|
|
|switch|p1a: Ruby Carbuncle|Espeon, F|271\/271
|-damage|p1a: Ruby Carbuncle|238\/271|[from] Stealth Rock
|turn|14
|
|switch|p2a: Tyranitar|Tyranitar, M|33\/341 brn
|-weather|Sandstorm
|move|p1a: Ruby Carbuncle|Substitute|p1a: Ruby Carbuncle
|-start|p1a: Ruby Carbuncle|Substitute
|-damage|p1a: Ruby Carbuncle|171\/271
|
|-weather|Sandstorm|[upkeep]
|-damage|p1a: Ruby Carbuncle|155\/271|[from] sandstorm
|-heal|p1a: Ruby Carbuncle|171\/271|[from] item: Leftovers
|-damage|p2a: Tyranitar|0 fnt|[from] brn
|faint|p2a: Tyranitar
|
|switch|p2a: Azumarill|Azumarill, M|248\/360
|turn|15
|
|move|p2a: Azumarill|Aqua Jet|p1a: Ruby Carbuncle
|-end|p1a: Ruby Carbuncle|Substitute
|move|p1a: Ruby Carbuncle|Psyshock|p2a: Azumarill
|-damage|p2a: Azumarill|86\/360
|
|-weather|Sandstorm|[upkeep]
|-damage|p1a: Ruby Carbuncle|155\/271|[from] sandstorm
|-damage|p2a: Azumarill|64\/360|[from] sandstorm
|-heal|p1a: Ruby Carbuncle|171\/271|[from] item: Leftovers
|turn|16
|
|move|p1a: Ruby Carbuncle|Psyshock|p2a: Azumarill
|-crit|p2a: Azumarill
|-damage|p2a: Azumarill|0 fnt
|faint|p2a: Azumarill
|
|-weather|Sandstorm|[upkeep]
|-damage|p1a: Ruby Carbuncle|155\/271|[from] sandstorm
|-heal|p1a: Ruby Carbuncle|171\/271|[from] item: Leftovers
|
|switch|p2a: Excadrill|Excadrill, M|290\/362
|turn|17
|
|move|p2a: Excadrill|Earthquake|p1a: Ruby Carbuncle
|-damage|p1a: Ruby Carbuncle|0 fnt
|-damage|p2a: Excadrill|254\/362|[from] item: Life Orb
|faint|p1a: Ruby Carbuncle
|
|-weather|Sandstorm|[upkeep]
|
|switch|p1a: I Suck Now|Umbreon, M|394\/394
|-damage|p1a: I Suck Now|345\/394|[from] Stealth Rock
|turn|18
|
|move|p1a: I Suck Now|Sucker Punch|p2a: Excadrill
|-damage|p2a: Excadrill|154\/362
|move|p2a: Excadrill|Earthquake|p1a: I Suck Now
|-damage|p1a: I Suck Now|94\/394
|-damage|p2a: Excadrill|118\/362|[from] item: Life Orb
|
|-weather|none
|-heal|p1a: I Suck Now|118\/394|[from] item: Leftovers
|turn|19
|
|switch|p2a: Dragonite|Dragonite, M|323\/323
|move|p1a: I Suck Now|Sucker Punch|p2a: Dragonite
|-fail|p2a: Dragonite
|
|-heal|p1a: I Suck Now|142\/394|[from] item: Leftovers
|turn|20
|
|move|p2a: Dragonite|Outrage|p1a: I Suck Now
|-damage|p1a: I Suck Now|0 fnt
|faint|p1a: I Suck Now
|
|
|switch|p1a: Y U Ban B Pass?!?|Jolteon, M|272\/272
|-damage|p1a: Y U Ban B Pass?!?|238\/272|[from] Stealth Rock
|turn|21
|
|move|p1a: Y U Ban B Pass?!?|Volt Switch|p2a: Dragonite
|-damage|p2a: Dragonite|242\/323
|
|switch|p1a: BestEeveelutionNA|Flareon, M|271\/271
|-damage|p1a: BestEeveelutionNA|204\/271|[from] Stealth Rock
|move|p2a: Dragonite|Outrage|p1a: BestEeveelutionNA
|-damage|p1a: BestEeveelutionNA|0 fnt
|faint|p1a: BestEeveelutionNA
|
|
|switch|p1a: Y U Ban B Pass?!?|Jolteon, M|238\/272
|-damage|p1a: Y U Ban B Pass?!?|204\/272|[from] Stealth Rock
|turn|22
|
|move|p1a: Y U Ban B Pass?!?|Hidden Power|p2a: Dragonite
|-supereffective|p2a: Dragonite
|-damage|p2a: Dragonite|0 fnt
|faint|p2a: Dragonite
|
|
|switch|p2a: Thundurus|Thundurus, M|299\/299
|turn|23
|
|move|p1a: Y U Ban B Pass?!?|Hidden Power|p2a: Thundurus
|-supereffective|p2a: Thundurus
|-damage|p2a: Thundurus|51\/299
|move|p2a: Thundurus|Psychic|p1a: Y U Ban B Pass?!?
|-damage|p1a: Y U Ban B Pass?!?|62\/272
|-damage|p2a: Thundurus|22\/299|[from] item: Life Orb
|
|turn|24
|
|move|p1a: Y U Ban B Pass?!?|Hidden Power|p2a: Thundurus
|-supereffective|p2a: Thundurus
|-damage|p2a: Thundurus|0 fnt
|faint|p2a: Thundurus
|
|
|switch|p2a: Excadrill|Excadrill, M|118\/362
|turn|25
|
|move|p1a: Y U Ban B Pass?!?|Hidden Power|p2a: Excadrill
|-damage|p2a: Excadrill|0 fnt
|faint|p2a: Excadrill
|
|win|I Like Eevee :
|raw|Ladder updating...
|raw|I Like Eevee :'s rating: 1051 &rarr; <strong>1082<\/strong><br \/>(+31 for winning)
|raw|In Your Window's rating: 1041 &rarr; <strong>1025<\/strong><br \/>(-16 for losing)
|leave|In Your Window
|player|p2