|join|In your window
|join|DictatorOfAmerica
|player|p1|In your window|274
|player|p2|DictatorOfAmerica|156
|gametype|singles
|gen|6
|tier|OU (suspect test)
|rated
|clearpoke
|poke|p1|Dragonite, F
|poke|p1|Scizor, F
|poke|p1|Mamoswine, M
|poke|p1|Azumarill, M
|poke|p1|Thundurus, M
|poke|p1|Terrakion
|poke|p2|Medicham, M
|poke|p2|Scizor, M
|poke|p2|Rotom-Wash
|poke|p2|Terrakion
|poke|p2|Garchomp, F
|poke|p2|Thundurus, M
|rule|Swagger Clause: Swagger is banned
|rule|Baton Pass Clause: Limit one PokÃ©mon knowing Baton Pass
|rule|Sleep Clause Mod: Limit one foe put to sleep
|rule|Species Clause: Limit one of each PokÃ©mon
|rule|OHKO Clause: OHKO moves are banned
|rule|Moody Clause: Moody is banned
|rule|Evasion Moves Clause: Evasion moves are banned
|rule|Endless Battle Clause: Forcing endless battles is banned
|rule|HP Percentage Mod: HP is reported as percentages
|teampreview
|
|start
|switch|p1a: Scizor|Scizor, F|335\/335
|switch|p2a: Rotom-Wash|Rotom-Wash|303\/303
|turn|1
|join|zBlessin
|
|detailschange|p1a: Scizor|Scizor-Mega, F
|message|Scizor has Mega Evolved into Mega Scizor!
|move|p2a: Rotom-Wash|Will-O-Wisp|p1a: Scizor
|-status|p1a: Scizor|brn
|move|p1a: Scizor|U-turn|p2a: Rotom-Wash
|-damage|p2a: Rotom-Wash|263\/303
|
|switch|p1a: Thundurus|Thundurus, M|299\/299
|
|-heal|p2a: Rotom-Wash|281\/303|[from] item: Leftovers
|turn|2
|
|move|p1a: Thundurus|Thunderbolt|p2a: Rotom-Wash
|-damage|p2a: Rotom-Wash|85\/303
|-damage|p1a: Thundurus|270\/299|[from] item: Life Orb
|move|p2a: Rotom-Wash|Volt Switch|p1a: Thundurus
|-damage|p1a: Thundurus|155\/299
|
|switch|p2a: Garchomp|Garchomp, F|358\/358
|
|turn|3
|
|switch|p1a: Scizor|Scizor-Mega, F|335\/335 brn
|switch|p2a: Scizor|Scizor, M|343\/343
|
|-damage|p1a: Scizor|294\/335 brn|[from] brn
|turn|4
|
|move|p1a: Scizor|U-turn|p2a: Scizor
|-resisted|p2a: Scizor
|-damage|p2a: Scizor|311\/343
|
|switch|p1a: Thundurus|Thundurus, M|155\/299
|move|p2a: Scizor|U-turn|p1a: Thundurus
|-resisted|p1a: Thundurus
|-damage|p1a: Thundurus|21\/299
|leave|zBlessin
|
|switch|p2a: Thundurus|Thundurus, M|299\/299
|
|turn|5
|
|move|p1a: Thundurus|Thunderbolt|p2a: Thundurus
|-damage|p2a: Thundurus|68\/299
|-damage|p1a: Thundurus|0 fnt|[from] item: Life Orb
|faint|p1a: Thundurus
|move|p2a: Thundurus|Knock Off|p1: Thundurus|[notarget]
|-notarget
|
|-heal|p2a: Thundurus|86\/299|[from] item: Leftovers
|
|switch|p1a: Mamoswine|Mamoswine, M|361\/361
|turn|6
|
|switch|p2a: Scizor|Scizor, M|311\/343
|move|p1a: Mamoswine|Freeze-Dry|p2a: Scizor
|-crit|p2a: Scizor
|-resisted|p2a: Scizor
|-damage|p2a: Scizor|242\/343
|-damage|p1a: Mamoswine|325\/361|[from] item: Life Orb
|
|turn|7
|
|switch|p1a: Scizor|Scizor-Mega, F|294\/335 brn
|move|p2a: Scizor|U-turn|p1a: Scizor
|-resisted|p1a: Scizor
|-damage|p1a: Scizor|235\/335 brn
|
|switch|p2a: Rotom-Wash|Rotom-Wash|85\/303
|
|-heal|p2a: Rotom-Wash|103\/303|[from] item: Leftovers
|-damage|p1a: Scizor|194\/335 brn|[from] brn
|turn|8
|
|move|p2a: Rotom-Wash|Hydro Pump|p1a: Scizor
|-damage|p1a: Scizor|71\/335 brn
|move|p1a: Scizor|U-turn|p2a: Rotom-Wash
|-damage|p2a: Rotom-Wash|58\/303
|
|switch|p1a: Terrakion|Terrakion|323\/323
|
|-heal|p2a: Rotom-Wash|76\/303|[from] item: Leftovers
|turn|9
|
|move|p1a: Terrakion|Close Combat|p2a: Rotom-Wash
|-damage|p2a: Rotom-Wash|0 fnt
|-unboost|p1a: Terrakion|def|1
|-unboost|p1a: Terrakion|spd|1
|faint|p2a: Rotom-Wash
|
|
|switch|p2a: Thundurus|Thundurus, M|86\/299
|turn|10
|
|switch|p1a: Scizor|Scizor-Mega, F|71\/335 brn
|move|p2a: Thundurus|Thunder Wave|p1a: Scizor
|-fail|p1a: Scizor
|
|-heal|p2a: Thundurus|104\/299|[from] item: Leftovers
|-damage|p1a: Scizor|30\/335 brn|[from] brn
|turn|11
|
|move|p2a: Thundurus|Thunderbolt|p1a: Scizor
|-damage|p1a: Scizor|0 fnt
|faint|p1a: Scizor
|
|-heal|p2a: Thundurus|122\/299|[from] item: Leftovers
|
|switch|p1a: Dragonite|Dragonite, F|323\/323
|turn|12
|
|move|p1a: Dragonite|Extreme Speed|p2a: Thundurus
|-damage|p2a: Thundurus|0 fnt
|faint|p2a: Thundurus
|
|
|switch|p2a: Terrakion|Terrakion|323\/323
|turn|13
|
|switch|p1a: Azumarill|Azumarill, M|364\/364
|move|p2a: Terrakion|Substitute|p2a: Terrakion
|-start|p2a: Terrakion|Substitute
|-damage|p2a: Terrakion|243\/323
|
|-heal|p2a: Terrakion|263\/323|[from] item: Leftovers
|turn|14
|
|move|p2a: Terrakion|Stone Edge|p1a: Azumarill
|-damage|p1a: Azumarill|157\/364
|-enditem|p1a: Azumarill|Sitrus Berry|[eat]
|-heal|p1a: Azumarill|248\/364|[from] item: Sitrus Berry
|move|p1a: Azumarill|Waterfall|p2a: Terrakion
|-supereffective|p2a: Terrakion
|-end|p2a: Terrakion|Substitute
|
|-heal|p2a: Terrakion|283\/323|[from] item: Leftovers
|turn|15
|
|move|p2a: Terrakion|Stone Edge|p1a: Azumarill|[miss]
|-miss|p2a: Terrakion|p1a: Azumarill
|move|p1a: Azumarill|Waterfall|p2a: Terrakion
|-supereffective|p2a: Terrakion
|-damage|p2a: Terrakion|0 fnt
|faint|p2a: Terrakion
|
|
|switch|p2a: Garchomp|Garchomp, F|358\/358
|turn|16
|
|move|p2a: Garchomp|Stealth Rock|p1a: Azumarill
|-sidestart|p1: In your window|move: Stealth Rock
|move|p1a: Azumarill|Play Rough|p2a: Garchomp
|-supereffective|p2a: Garchomp
|-enditem|p2a: Garchomp|Focus Sash
|-damage|p2a: Garchomp|1\/358
|-damage|p1a: Azumarill|203\/364|[from] ability: Rough Skin|[of] p2a: Garchomp
|
|turn|17
|
|move|p1a: Azumarill|Aqua Jet|p2a: Garchomp
|-crit|p2a: Garchomp
|-damage|p2a: Garchomp|0 fnt
|-damage|p1a: Azumarill|158\/364|[from] ability: Rough Skin|[of] p2a: Garchomp
|faint|p2a: Garchomp
|
|
|switch|p2a: Medicham|Medicham, M|261\/261
|turn|18
|
|detailschange|p2a: Medicham|Medicham-Mega, M
|message|Medicham has Mega Evolved into Mega Medicham!
|move|p1a: Azumarill|Aqua Jet|p2a: Medicham
|-damage|p2a: Medicham|153\/261
|move|p2a: Medicham|Zen Headbutt|p1a: Azumarill
|-damage|p1a: Azumarill|0 fnt
|faint|p1a: Azumarill
|
|
|switch|p1a: Terrakion|Terrakion|323\/323
|-damage|p1a: Terrakion|303\/323|[from] Stealth Rock
|turn|19
|
|move|p1a: Terrakion|Close Combat|p2a: Medicham
|-resisted|p2a: Medicham
|-damage|p2a: Medicham|30\/261
|-unboost|p1a: Terrakion|def|1
|-unboost|p1a: Terrakion|spd|1
|move|p2a: Medicham|High Jump Kick|p1a: Terrakion
|-supereffective|p1a: Terrakion
|-damage|p1a: Terrakion|0 fnt
|faint|p1a: Terrakion
|
|
|switch|p1a: Mamoswine|Mamoswine, M|325\/361
|-damage|p1a: Mamoswine|280\/361|[from] Stealth Rock
|turn|20
|
|switch|p2a: Scizor|Scizor, M|242\/343
|move|p1a: Mamoswine|Ice Shard|p2a: Scizor
|-resisted|p2a: Scizor
|-damage|p2a: Scizor|197\/343
|-damage|p1a: Mamoswine|244\/361|[from] item: Life Orb
|
|turn|21
|
|move|p2a: Scizor|Bullet Punch|p1a: Mamoswine
|-supereffective|p1a: Mamoswine
|-damage|p1a: Mamoswine|0 fnt
|faint|p1a: Mamoswine
|
|
|switch|p1a: Dragonite|Dragonite, F|323\/323
|-damage|p1a: Dragonite|243\/323|[from] Stealth Rock
|turn|22
|
|move|p2a: Scizor|Bullet Punch|p1a: Dragonite
|-damage|p1a: Dragonite|44\/323
|move|p1a: Dragonite|Fire Punch|p2a: Scizor
|-supereffective|p2a: Scizor
|-damage|p2a: Scizor|0 fnt
|faint|p2a: Scizor
|
|
|switch|p2a: Medicham|Medicham-Mega, M|30\/261
|turn|23
|chat|DictatorOfAmerica|gg
|chat|In your window|gg
|
|move|p2a: Medicham|Ice Punch|p1a: Dragonite
|-supereffective|p1a: Dragonite
|-damage|p1a: Dragonite|0 fnt
|faint|p1a: Dragonite
|
|win|DictatorOfAmerica
|raw|Ladder updating...
|raw|In your window's rating: 1260 &rarr; <strong>1231<\/strong><br \/>(-29 for losing)
|raw|DictatorOfAmerica's rating: 1198 &rarr; <strong>1227<\/strong><br \/>(+29 for winning)