|join|Braken ToTheStars
|join|GoodUsernameIsGone
|player|p1|Braken ToTheStars|99
|player|p2|GoodUsernameIsGone|293
|gametype|singles
|gen|6
|tier|OU
|rated
|clearpoke
|poke|p1|Victini
|poke|p1|Keldeo-Resolute
|poke|p1|Bisharp, M, shiny
|poke|p1|Lopunny, F, shiny
|poke|p1|Azumarill, M
|poke|p1|Latios, M
|poke|p2|Alakazam, M
|poke|p2|Landorus-Therian, M
|poke|p2|Talonflame, M
|poke|p2|Keldeo-Resolute
|poke|p2|Bisharp, F
|poke|p2|Latias, F
|rule|Swagger Clause: Swagger is banned
|rule|Baton Pass Clause: Limit one PokÃ©mon knowing Baton Pass
|rule|Sleep Clause Mod: Limit one foe put to sleep
|rule|Species Clause: Limit one of each PokÃ©mon
|rule|OHKO Clause: OHKO moves are banned
|rule|Moody Clause: Moody is banned
|rule|Evasion Moves Clause: Evasion moves are banned
|rule|Endless Battle Clause: Forcing endless battles is banned
|rule|HP Percentage Mod: HP is shown in percentages
|teampreview
|
|start
|switch|p1a: Prioritize|Bisharp, M, shiny|271\/271
|switch|p2a: Landorus-Therian|Landorus-Therian, M|361\/361
|-ability|p2a: Landorus-Therian|Intimidate|[of] p1a: Prioritize
|-unboost|p1a: Prioritize|atk|1
|-boost|p1a: Prioritize|atk|2|[from] ability: Defiant
|turn|1
|
|move|p2a: Landorus-Therian|Earthquake|p1a: Prioritize
|-supereffective|p1a: Prioritize
|-enditem|p1a: Prioritize|Focus Sash
|-damage|p1a: Prioritize|1\/271
|move|p1a: Prioritize|Stealth Rock|p2a: Landorus-Therian
|-sidestart|p2: GoodUsernameIsGone|move: Stealth Rock
|
|turn|2
|
|move|p1a: Prioritize|Sucker Punch|p2a: Landorus-Therian
|-damage|p2a: Landorus-Therian|91\/361
|move|p2a: Landorus-Therian|U-turn|p1a: Prioritize
|-crit|p1a: Prioritize
|-damage|p1a: Prioritize|0 fnt
|faint|p1a: Prioritize
|
|switch|p2a: Keldeo-Resolute|Keldeo-Resolute|323\/323
|-damage|p2a: Keldeo-Resolute|303\/323|[from] Stealth Rock
|
|
|switch|p1a: Water Bomb|Azumarill, M|348\/348
|turn|3
|
|move|p2a: Keldeo-Resolute|Hidden Power|p1a: Water Bomb
|-supereffective|p1a: Water Bomb
|-damage|p1a: Water Bomb|151\/348
|-enditem|p1a: Water Bomb|Sitrus Berry|[eat]
|-heal|p1a: Water Bomb|238\/348|[from] item: Sitrus Berry
|move|p1a: Water Bomb|Play Rough|p2a: Keldeo-Resolute
|-supereffective|p2a: Keldeo-Resolute
|-damage|p2a: Keldeo-Resolute|0 fnt
|faint|p2a: Keldeo-Resolute
|
|
|switch|p2a: Bisharp|Bisharp, F|272\/272
|-damage|p2a: Bisharp|255\/272|[from] Stealth Rock
|turn|4
|
|switch|p1a: Pwny|Keldeo-Resolute|323\/323
|move|p2a: Bisharp|Iron Head|p1a: Pwny
|-resisted|p1a: Pwny
|-damage|p1a: Pwny|239\/323
|
|turn|5
|
|switch|p1a: Playboy|Lopunny, F, shiny|271\/271
|switch|p2a: Latias|Latias, F|319\/319
|-damage|p2a: Latias|280\/319|[from] Stealth Rock
|
|turn|6
|
|switch|p2a: Landorus-Therian|Landorus-Therian, M|91\/361
|-damage|p2a: Landorus-Therian|46\/361|[from] Stealth Rock
|-ability|p2a: Landorus-Therian|Intimidate|[of] p1a: Playboy
|-unboost|p1a: Playboy|atk|1
|detailschange|p1a: Playboy|Lopunny-Mega, F, shiny
|-mega|p1a: Playboy|Lopunny|Lopunnite
|move|p1a: Playboy|Fake Out|p2a: Landorus-Therian
|-damage|p2a: Landorus-Therian|0 fnt
|faint|p2a: Landorus-Therian
|
|
|switch|p2a: Latias|Latias, F|280\/319
|-damage|p2a: Latias|241\/319|[from] Stealth Rock
|turn|7
|
|move|p1a: Playboy|Return|p2a: Latias
|-damage|p2a: Latias|97\/319
|move|p2a: Latias|Defog|p1a: Playboy
|-unboost|p1a: Playboy|evasion|1
|-sideend|p2: GoodUsernameIsGone|Stealth Rock|[from] move: Defog|[of] p2a: Latias
|
|turn|8
|
|switch|p2a: Talonflame|Talonflame, M|357\/357
|move|p1a: Playboy|Return|p2a: Talonflame
|-damage|p2a: Talonflame|185\/357
|
|-heal|p2a: Talonflame|207\/357|[from] item: Leftovers
|turn|9
|
|switch|p1a: Destructo Disc|Victini|341\/341
|move|p2a: Talonflame|Bulk Up|p2a: Talonflame
|-boost|p2a: Talonflame|atk|1
|-boost|p2a: Talonflame|def|1
|
|-heal|p2a: Talonflame|229\/357|[from] item: Leftovers
|turn|10
|
|switch|p2a: Bisharp|Bisharp, F|255\/272
|move|p1a: Destructo Disc|Trick|p2a: Bisharp
|-activate|p1a: Destructo Disc|move: Trick|[of] p2a: Bisharp
|-item|p2a: Bisharp|Choice Band|[from] move: Trick
|-item|p1a: Destructo Disc|Black Glasses|[from] move: Trick
|
|turn|11
|
|move|p2a: Bisharp|Pursuit|p1a: Destructo Disc|[from]Pursuit
|-crit|p1a: Destructo Disc
|-supereffective|p1a: Destructo Disc
|-damage|p1a: Destructo Disc|0 fnt
|faint|p1a: Destructo Disc
|
|
|switch|p1a: Playboy|Lopunny-Mega, F, shiny|271\/271
|turn|12
|
|move|p1a: Playboy|Return|p2a: Bisharp
|-resisted|p2a: Bisharp
|-damage|p2a: Bisharp|157\/272
|move|p2a: Bisharp|Pursuit|p1a: Playboy
|-resisted|p1a: Playboy
|-damage|p1a: Playboy|214\/271
|
|turn|13
|
|move|p1a: Playboy|Return|p2a: Bisharp
|-resisted|p2a: Bisharp
|-damage|p2a: Bisharp|61\/272
|move|p2a: Bisharp|Pursuit|p1a: Playboy
|-crit|p1a: Playboy
|-resisted|p1a: Playboy
|-damage|p1a: Playboy|127\/271
|
|turn|14
|
|move|p1a: Playboy|Return|p2a: Bisharp
|-resisted|p2a: Bisharp
|-damage|p2a: Bisharp|0 fnt
|faint|p2a: Bisharp
|
|
|switch|p2a: Talonflame|Talonflame, M|229\/357
|turn|15
|
|switch|p1a: Water Bomb|Azumarill, M|238\/348
|move|p2a: Talonflame|Roost|p2a: Talonflame
|-heal|p2a: Talonflame|357\/357
|
|turn|16
|
|move|p2a: Talonflame|Will-O-Wisp|p1a: Water Bomb
|-status|p1a: Water Bomb|brn
|move|p1a: Water Bomb|Knock Off|p2a: Talonflame
|-damage|p2a: Talonflame|261\/357
|-enditem|p2a: Talonflame|Leftovers|[from] move: Knock Off|[of] p1a: Water Bomb
|
|-damage|p1a: Water Bomb|195\/348 brn|[from] brn
|turn|17
|
|switch|p1a: AC130|Latios, M|301\/301
|move|p2a: Talonflame|Bulk Up|p2a: Talonflame
|-boost|p2a: Talonflame|atk|1
|-boost|p2a: Talonflame|def|1
|
|turn|18
|
|move|p2a: Talonflame|Roost|p2a: Talonflame
|-heal|p2a: Talonflame|357\/357
|move|p1a: AC130|Psyshock|p2a: Talonflame
|-damage|p2a: Talonflame|185\/357
|-damage|p1a: AC130|271\/301|[from] item: Life Orb
|
|turn|19
|
|move|p2a: Talonflame|Roost|p2a: Talonflame
|-heal|p2a: Talonflame|357\/357
|move|p1a: AC130|Psyshock|p2a: Talonflame
|-damage|p2a: Talonflame|200\/357
|-damage|p1a: AC130|241\/301|[from] item: Life Orb
|
|turn|20
|
|move|p2a: Talonflame|Roost|p2a: Talonflame
|-heal|p2a: Talonflame|357\/357
|move|p1a: AC130|Psyshock|p2a: Talonflame
|-damage|p2a: Talonflame|184\/357
|-damage|p1a: AC130|211\/301|[from] item: Life Orb
|
|turn|21
|
|move|p2a: Talonflame|Roost|p2a: Talonflame
|-heal|p2a: Talonflame|357\/357
|move|p1a: AC130|Psyshock|p2a: Talonflame
|-damage|p2a: Talonflame|196\/357
|-damage|p1a: AC130|181\/301|[from] item: Life Orb
|
|turn|22
|
|move|p2a: Talonflame|Brave Bird|p1a: AC130
|-damage|p1a: AC130|0 fnt
|-damage|p2a: Talonflame|136\/357|[from] recoil|[of] p1a: AC130
|faint|p1a: AC130
|
|
|switch|p1a: Playboy|Lopunny-Mega, F, shiny|127\/271
|turn|23
|
|move|p1a: Playboy|Fake Out|p2a: Talonflame
|-damage|p2a: Talonflame|72\/357
|cant|p2a: Talonflame|flinch
|
|turn|24
|
|move|p2a: Talonflame|Brave Bird|p1a: Playboy
|-supereffective|p1a: Playboy
|-damage|p1a: Playboy|0 fnt
|-damage|p2a: Talonflame|30\/357|[from] recoil|[of] p1a: Playboy
|faint|p1a: Playboy
|
|
|switch|p1a: Pwny|Keldeo-Resolute|239\/323
|turn|25
|
|switch|p1a: Water Bomb|Azumarill, M|195\/348 brn
|move|p2a: Talonflame|Brave Bird|p1a: Water Bomb
|-damage|p1a: Water Bomb|0 fnt
|-damage|p2a: Talonflame|0 fnt|[from] recoil|[of] p1a: Water Bomb
|faint|p1a: Water Bomb
|faint|p2a: Talonflame
|
|
|switch|p1a: Pwny|Keldeo-Resolute|239\/323
|switch|p2a: Latias|Latias, F|97\/319
|turn|26
|
|move|p1a: Pwny|Hydro Pump|p2a: Latias
|-resisted|p2a: Latias
|-damage|p2a: Latias|11\/319
|move|p2a: Latias|Psyshock|p1a: Pwny
|-supereffective|p1a: Pwny
|-damage|p1a: Pwny|0 fnt
|-damage|p2a: Latias|0 fnt|[from] item: Life Orb
|faint|p1a: Pwny
|faint|p2a: Latias
|
|win|GoodUsernameIsGone
|raw|Ladder updating...
|raw|Braken ToTheStars's rating: 1602 &rarr; <strong>1580<\/strong><br \/>(-22 for losing)
|raw|GoodUsernameIsGone's rating: 1574 &rarr; <strong>1595<\/strong><br \/>(+21 for winning)
|c|âGoodUsernameIsGone|gg
|leave|Braken ToTheStars
|player|p1
|leave|GoodUsernameIsGone
|player|p2