|join|Braken ToTheStars
|join|With No Survivors
|player|p1|Braken ToTheStars|99
|player|p2|With No Survivors|248
|gametype|singles
|gen|6
|tier|OU
|rated
|clearpoke
|poke|p1|Garchomp, F
|poke|p1|Celebi
|poke|p1|Camerupt, M
|poke|p1|Azumarill, M
|poke|p1|Klefki, F
|poke|p1|Thundurus, M
|poke|p2|Excadrill, F
|poke|p2|Tyranitar, M
|poke|p2|Landorus-Therian, M
|poke|p2|Diancie
|poke|p2|Chesnaught, M
|poke|p2|Amoonguss, F
|rule|Swagger Clause: Swagger is banned
|rule|Baton Pass Clause: Limit one PokÃ©mon knowing Baton Pass
|rule|Sleep Clause Mod: Limit one foe put to sleep
|rule|Species Clause: Limit one of each PokÃ©mon
|rule|OHKO Clause: OHKO moves are banned
|rule|Moody Clause: Moody is banned
|rule|Evasion Moves Clause: Evasion moves are banned
|rule|Endless Battle Clause: Forcing endless battles is banned
|rule|HP Percentage Mod: HP is shown in percentages
|teampreview
|
|start
|switch|p1a: Azumarill|Azumarill, M|362\/362
|switch|p2a: Diancie|Diancie|241\/241
|turn|1
|
|switch|p2a: Amoonguss|Amoonguss, F|432\/432
|move|p1a: Azumarill|Waterfall|p2a: Amoonguss
|-resisted|p2a: Amoonguss
|-damage|p2a: Amoonguss|315\/432
|-damage|p1a: Azumarill|302\/362|[from] item: Rocky Helmet|[of] p2a: Amoonguss
|
|turn|2
|
|switch|p1a: Celebi|Celebi|401\/401
|switch|p2a: Landorus-Therian|Landorus-Therian, M|320\/320
|-ability|p2a: Landorus-Therian|Intimidate|[of] p1a: Celebi
|-unboost|p1a: Celebi|atk|1
|
|turn|3
|
|move|p2a: Landorus-Therian|U-turn|p1a: Celebi
|-supereffective|p1a: Celebi
|-damage|p1a: Celebi|113\/401
|
|switch|p2a: Amoonguss|Amoonguss, F|432\/432
|move|p1a: Celebi|Giga Drain|p2a: Amoonguss
|-resisted|p2a: Amoonguss
|-damage|p2a: Amoonguss|407\/432
|-heal|p1a: Celebi|126\/401|[from] drain|[of] p2a: Amoonguss
|
|-heal|p1a: Celebi|151\/401|[from] item: Leftovers
|turn|4
|
|move|p1a: Celebi|Recover|p1a: Celebi
|-heal|p1a: Celebi|352\/401
|move|p2a: Amoonguss|Sludge Bomb|p1a: Celebi
|-crit|p1a: Celebi
|-supereffective|p1a: Celebi
|-damage|p1a: Celebi|104\/401
|-status|p1a: Celebi|psn
|
|-heal|p1a: Celebi|129\/401 psn|[from] item: Leftovers
|-damage|p1a: Celebi|79\/401 psn|[from] psn
|turn|5
|c|âBraken ToTheStars|sigh
|
|move|p1a: Celebi|Recover|p1a: Celebi
|-heal|p1a: Celebi|280\/401 psn
|move|p2a: Amoonguss|Sludge Bomb|p1a: Celebi
|-supereffective|p1a: Celebi
|-damage|p1a: Celebi|100\/401 psn
|
|-heal|p1a: Celebi|125\/401 psn|[from] item: Leftovers
|-damage|p1a: Celebi|75\/401 psn|[from] psn
|turn|6
|c|âWith No Survivors|I mean, you have natural cure
|
|switch|p1a: Camerupt|Camerupt, M|343\/343
|switch|p2a: Landorus-Therian|Landorus-Therian, M|320\/320
|-ability|p2a: Landorus-Therian|Intimidate|[of] p1a: Camerupt
|-unboost|p1a: Camerupt|atk|1
|
|turn|7
|c|âBraken ToTheStars|crit poison means i can't force you out though
|c|âBraken ToTheStars|sigh now i have to get out again
|
|move|p2a: Landorus-Therian|Earthquake|p1a: Camerupt
|-supereffective|p1a: Camerupt
|-damage|p1a: Camerupt|0 fnt
|faint|p1a: Camerupt
|
|
|switch|p1a: Thundurus|Thundurus, M|299\/299
|turn|8
|
|switch|p2a: Tyranitar|Tyranitar, M|404\/404
|-weather|Sandstorm
|move|p1a: Thundurus|Superpower|p2a: Tyranitar
|-supereffective|p2a: Tyranitar
|-damage|p2a: Tyranitar|0 fnt
|-unboost|p1a: Thundurus|atk|1
|-unboost|p1a: Thundurus|def|1
|-damage|p1a: Thundurus|270\/299|[from] item: Life Orb
|faint|p2a: Tyranitar
|
|-weather|Sandstorm|[upkeep]
|-damage|p1a: Thundurus|252\/299|[from] sandstorm
|
|switch|p2a: Diancie|Diancie|241\/241
|turn|9
|
|detailschange|p2a: Diancie|Diancie-Mega
|-mega|p2a: Diancie|Diancie|Diancite
|move|p1a: Thundurus|Thunderbolt|p2a: Diancie
|-damage|p2a: Diancie|107\/241
|-damage|p1a: Thundurus|223\/299|[from] item: Life Orb
|move|p2a: Diancie|Diamond Storm|p1a: Thundurus
|-supereffective|p1a: Thundurus
|-damage|p1a: Thundurus|0 fnt
|faint|p1a: Thundurus
|
|-weather|Sandstorm|[upkeep]
|
|switch|p1a: Azumarill|Azumarill, M|302\/362
|turn|10
|
|switch|p2a: Amoonguss|Amoonguss, F|432\/432
|move|p1a: Azumarill|Knock Off|p2a: Amoonguss
|-damage|p2a: Amoonguss|240\/432
|-damage|p1a: Azumarill|242\/362|[from] item: Rocky Helmet|[of] p2a: Amoonguss
|-enditem|p2a: Amoonguss|Rocky Helmet|[from] move: Knock Off|[of] p1a: Azumarill
|
|-weather|Sandstorm|[upkeep]
|-damage|p1a: Azumarill|220\/362|[from] sandstorm
|-damage|p2a: Amoonguss|213\/432|[from] sandstorm
|turn|11
|
|switch|p1a: Celebi|Celebi|75\/401
|move|p2a: Amoonguss|Sludge Bomb|p1a: Celebi
|-supereffective|p1a: Celebi
|-damage|p1a: Celebi|0 fnt
|faint|p1a: Celebi
|
|-weather|Sandstorm|[upkeep]
|-damage|p2a: Amoonguss|186\/432|[from] sandstorm
|
|switch|p1a: Garchomp|Garchomp, F|364\/364
|turn|12
|
|switch|p2a: Landorus-Therian|Landorus-Therian, M|320\/320
|-ability|p2a: Landorus-Therian|Intimidate|[of] p1a: Garchomp
|-unboost|p1a: Garchomp|atk|1
|move|p1a: Garchomp|Substitute|p1a: Garchomp
|-start|p1a: Garchomp|Substitute
|-damage|p1a: Garchomp|273\/364
|
|-weather|none
|turn|13
|
|move|p2a: Landorus-Therian|Earthquake|p1a: Garchomp
|-crit|p1a: Garchomp
|-end|p1a: Garchomp|Substitute
|move|p1a: Garchomp|Swords Dance|p1a: Garchomp
|-boost|p1a: Garchomp|atk|2
|
|turn|14
|
|move|p2a: Landorus-Therian|Earthquake|p1a: Garchomp
|-damage|p1a: Garchomp|75\/364
|-enditem|p1a: Garchomp|Salac Berry|[eat]
|-boost|p1a: Garchomp|spe|1|[from] item: Salac Berry
|move|p1a: Garchomp|Swords Dance|p1a: Garchomp
|-boost|p1a: Garchomp|atk|2
|
|turn|15
|
|switch|p2a: Amoonguss|Amoonguss, F|330\/432
|move|p1a: Garchomp|Dragon Claw|p2a: Amoonguss
|-damage|p2a: Amoonguss|0 fnt
|faint|p2a: Amoonguss
|
|
|switch|p2a: Landorus-Therian|Landorus-Therian, M|320\/320
|-ability|p2a: Landorus-Therian|Intimidate|[of] p1a: Garchomp
|-unboost|p1a: Garchomp|atk|1
|turn|16
|
|move|p1a: Garchomp|Dragon Claw|p2a: Landorus-Therian
|-damage|p2a: Landorus-Therian|0 fnt
|faint|p2a: Landorus-Therian
|
|
|switch|p2a: Chesnaught|Chesnaught, M|318\/318
|turn|17
|
|move|p1a: Garchomp|Dragon Claw|p2a: Chesnaught
|-damage|p2a: Chesnaught|80\/318
|move|p2a: Chesnaught|Drain Punch|p1a: Garchomp
|-damage|p1a: Garchomp|0 fnt
|-heal|p2a: Chesnaught|118\/318|[from] drain|[of] p1a: Garchomp
|-damage|p2a: Chesnaught|79\/318|[from] ability: Rough Skin|[of] p1a: Garchomp
|faint|p1a: Garchomp
|
|-heal|p2a: Chesnaught|98\/318|[from] item: Leftovers
|
|switch|p1a: Klefki|Klefki, F|317\/317
|turn|18
|
|switch|p2a: Diancie|Diancie-Mega|107\/241
|move|p1a: Klefki|Dazzling Gleam|p2a: Diancie
|-damage|p2a: Diancie|23\/241
|
|turn|19
|
|move|p1a: Klefki|Magnet Rise|p1a: Klefki
|-start|p1a: Klefki|Magnet Rise
|move|p2a: Diancie|Earth Power|p1a: Klefki
|-immune|p1a: Klefki|[msg]
|
|turn|20
|
|move|p2a: Diancie|Hidden Power|p1a: Klefki
|-supereffective|p1a: Klefki
|-damage|p1a: Klefki|181\/317
|move|p1a: Klefki|Dazzling Gleam|p2a: Diancie
|-damage|p2a: Diancie|0 fnt
|faint|p2a: Diancie
|
|
|switch|p2a: Excadrill|Excadrill, F|362\/362
|turn|21
|
|move|p1a: Klefki|Spikes|p2a: Excadrill
|-sidestart|p2: With No Survivors|Spikes
|move|p2a: Excadrill|Iron Head|p1a: Klefki
|-damage|p1a: Klefki|18\/317
|-enditem|p1a: Klefki|Sitrus Berry|[eat]
|-heal|p1a: Klefki|97\/317|[from] item: Sitrus Berry
|
|turn|22
|
|move|p1a: Klefki|Spikes|p2a: Excadrill
|-sidestart|p2: With No Survivors|Spikes
|move|p2a: Excadrill|Rapid Spin|p1a: Klefki
|-resisted|p1a: Klefki
|-damage|p1a: Klefki|82\/317
|-sideend|p2: With No Survivors|Spikes|[from] move: Rapid Spin|[of] p2a: Excadrill
|
|turn|23
|
|move|p1a: Klefki|Spikes|p2a: Excadrill
|-sidestart|p2: With No Survivors|Spikes
|move|p2a: Excadrill|Iron Head|p1a: Klefki
|-damage|p1a: Klefki|0 fnt
|faint|p1a: Klefki
|
|
|switch|p1a: Azumarill|Azumarill, M|220\/362
|turn|24
|
|move|p1a: Azumarill|Aqua Jet|p2a: Excadrill
|-supereffective|p2a: Excadrill
|-damage|p2a: Excadrill|0 fnt
|faint|p2a: Excadrill
|
|
|switch|p2a: Chesnaught|Chesnaught, M|98\/318
|-damage|p2a: Chesnaught|59\/318|[from] Spikes
|turn|25
|c|âBraken ToTheStars|gg
|c|âWith No Survivors|gg
|
|move|p1a: Azumarill|Aqua Jet|p2a: Chesnaught
|-resisted|p2a: Chesnaught
|-damage|p2a: Chesnaught|1\/318
|move|p2a: Chesnaught|Wood Hammer|p1a: Azumarill
|-supereffective|p1a: Azumarill
|-damage|p1a: Azumarill|0 fnt
|-damage|p2a: Chesnaught|0 fnt|[from] recoil|[of] p1a: Azumarill
|faint|p1a: Azumarill
|faint|p2a: Chesnaught
|
|win|With No Survivors
|raw|Ladder updating...
|raw|Braken ToTheStars's rating: 1620 &rarr; <strong>1596<\/strong><br \/>(-24 for losing)
|raw|With No Survivors's rating: 1554 &rarr; <strong>1578<\/strong><br \/>(+24 for winning)
|c|âWith No Survivors|wow, 1