|join|Braken ToTheStars
|join|brewplanner
|player|p1|Braken ToTheStars|99
|player|p2|brewplanner|163
|gametype|singles
|gen|6
|tier|OU
|rated
|clearpoke
|poke|p1|Keldeo
|poke|p1|Ferrothorn, F
|poke|p1|Cofagrigus, M
|poke|p1|Talonflame, M
|poke|p1|Tyranitar, F
|poke|p1|Latias, F
|poke|p2|Latias, F
|poke|p2|Keldeo-Resolute
|poke|p2|Sylveon, F
|poke|p2|Bisharp, F
|poke|p2|Ferrothorn, M
|poke|p2|Rotom-Wash
|rule|Swagger Clause: Swagger is banned
|rule|Baton Pass Clause: Limit one PokÃ©mon knowing Baton Pass
|rule|Sleep Clause Mod: Limit one foe put to sleep
|rule|Species Clause: Limit one of each PokÃ©mon
|rule|OHKO Clause: OHKO moves are banned
|rule|Moody Clause: Moody is banned
|rule|Evasion Moves Clause: Evasion moves are banned
|rule|Endless Battle Clause: Forcing endless battles is banned
|rule|HP Percentage Mod: HP is shown in percentages
|teampreview
Braken ToTheStars turned on modjoin.
|raw|<div class="broadcast-red"><b>Moderated chat was set to +!<\/b><br \/>Only users of rank + and higher can talk.<\/div>
Braken ToTheStars made this room hidden.
|
|start
|switch|p1a: Ferrothorn|Ferrothorn, F|352\/352
|switch|p2a: Sylveon|Sylveon, F|392\/392
|turn|1
|
|move|p2a: Sylveon|Hidden Power|p1a: Ferrothorn
|-supereffective|p1a: Ferrothorn
|-damage|p1a: Ferrothorn|52\/352
|move|p1a: Ferrothorn|Stealth Rock|p2a: Sylveon
|-sidestart|p2: brewplanner|move: Stealth Rock
|
|-heal|p1a: Ferrothorn|74\/352|[from] item: Leftovers
|turn|2
|
|switch|p2a: Keldeo-Resolute|Keldeo-Resolute|323\/323
|-damage|p2a: Keldeo-Resolute|303\/323|[from] Stealth Rock
|move|p1a: Ferrothorn|Protect|p1a: Ferrothorn
|-fail|p1a: Ferrothorn
|
|-heal|p1a: Ferrothorn|96\/352|[from] item: Leftovers
|turn|3
|
|switch|p1a: Latias|Latias, F|319\/319
|move|p2a: Keldeo-Resolute|Secret Sword|p1a: Latias
|-resisted|p1a: Latias
|-damage|p1a: Latias|238\/319
|
|-heal|p1a: Latias|257\/319|[from] item: Leftovers
|turn|4
|
|switch|p2a: Ferrothorn|Ferrothorn, M|352\/352
|-damage|p2a: Ferrothorn|330\/352|[from] Stealth Rock
|switch|p1a: Keldeo|Keldeo|323\/323
|
|turn|5
|
|move|p2a: Ferrothorn|Protect|p2a: Ferrothorn
|-singleturn|p2a: Ferrothorn|Protect
|move|p1a: Keldeo|Secret Sword|p2a: Ferrothorn
|-activate|p2a: Ferrothorn|Protect
|
|turn|6
|
|move|p1a: Keldeo|Substitute|p1a: Keldeo
|-start|p1a: Keldeo|Substitute
|-damage|p1a: Keldeo|243\/323
|move|p2a: Ferrothorn|Stealth Rock|p1a: Keldeo
|-sidestart|p1: Braken ToTheStars|move: Stealth Rock
|
|-heal|p1a: Keldeo|263\/323|[from] item: Leftovers
|turn|7
|
|switch|p2a: Rotom-Wash|Rotom-Wash|304\/304
|-damage|p2a: Rotom-Wash|266\/304|[from] Stealth Rock
|move|p1a: Keldeo|Scald|p2a: Rotom-Wash
|-resisted|p2a: Rotom-Wash
|-damage|p2a: Rotom-Wash|198\/304
|-status|p2a: Rotom-Wash|brn
|
|-heal|p1a: Keldeo|283\/323|[from] item: Leftovers
|-heal|p2a: Rotom-Wash|217\/304 brn|[from] item: Leftovers
|-damage|p2a: Rotom-Wash|179\/304 brn|[from] brn
|turn|8
|
|move|p1a: Keldeo|Secret Sword|p2a: Rotom-Wash
|-damage|p2a: Rotom-Wash|77\/304 brn
|move|p2a: Rotom-Wash|Volt Switch|p1a: Keldeo
|-supereffective|p1a: Keldeo
|-end|p1a: Keldeo|Substitute
|
|switch|p2a: Sylveon|Sylveon, F|392\/392
|-damage|p2a: Sylveon|343\/392|[from] Stealth Rock
|
|-heal|p1a: Keldeo|303\/323|[from] item: Leftovers
|turn|9
|
|switch|p1a: Ferrothorn|Ferrothorn, F|96\/352
|-damage|p1a: Ferrothorn|74\/352|[from] Stealth Rock
|move|p2a: Sylveon|Hyper Voice|p1a: Ferrothorn
|-resisted|p1a: Ferrothorn
|-damage|p1a: Ferrothorn|0 fnt
|faint|p1a: Ferrothorn
|
|
|switch|p1a: Tyranitar|Tyranitar, F|341\/341
|-damage|p1a: Tyranitar|299\/341|[from] Stealth Rock
|-weather|Sandstorm
|turn|10
|
|move|p1a: Tyranitar|Stone Edge|p2a: Sylveon
|-damage|p2a: Sylveon|75\/392
|move|p2a: Sylveon|Hyper Voice|p1a: Tyranitar
|-supereffective|p1a: Tyranitar
|-damage|p1a: Tyranitar|0 fnt
|faint|p1a: Tyranitar
|
|-weather|Sandstorm|[upkeep]
|-damage|p2a: Sylveon|51\/392|[from] sandstorm
|
|switch|p1a: Keldeo|Keldeo|303\/323
|-damage|p1a: Keldeo|283\/323|[from] Stealth Rock
|turn|11
|
|move|p1a: Keldeo|Scald|p2a: Sylveon
|-damage|p2a: Sylveon|0 fnt
|faint|p2a: Sylveon
|
|-weather|Sandstorm|[upkeep]
|-damage|p1a: Keldeo|263\/323|[from] sandstorm
|-heal|p1a: Keldeo|283\/323|[from] item: Leftovers
|
|switch|p2a: Latias|Latias, F|363\/363
|-damage|p2a: Latias|318\/363|[from] Stealth Rock
|turn|12
|
|switch|p1a: Cofagrigus|Cofagrigus, M|319\/319
|-damage|p1a: Cofagrigus|280\/319|[from] Stealth Rock
|detailschange|p2a: Latias|Latias-Mega, F
|-mega|p2a: Latias|Latias|Latiasite
|move|p2a: Latias|Calm Mind|p2a: Latias
|-boost|p2a: Latias|spa|1
|-boost|p2a: Latias|spd|1
|
|-weather|Sandstorm|[upkeep]
|-damage|p2a: Latias|296\/363|[from] sandstorm
|-damage|p1a: Cofagrigus|261\/319|[from] sandstorm
|-heal|p1a: Cofagrigus|280\/319|[from] item: Leftovers
|turn|13
|
|switch|p1a: Latias|Latias, F|257\/319
|-damage|p1a: Latias|218\/319|[from] Stealth Rock
|move|p2a: Latias|Substitute|p2a: Latias
|-start|p2a: Latias|Substitute
|-damage|p2a: Latias|206\/363
|
|-weather|Sandstorm|[upkeep]
|-damage|p1a: Latias|199\/319|[from] sandstorm
|-damage|p2a: Latias|184\/363|[from] sandstorm
|-heal|p1a: Latias|218\/319|[from] item: Leftovers
|turn|14
|
|move|p1a: Latias|Defog|p2a: Latias
|-sideend|p2: brewplanner|Stealth Rock|[from] move: Defog|[of] p2a: Latias
|-sideend|p1: Braken ToTheStars|Stealth Rock|[from] move: Defog|[of] p1a: Latias
|move|p2a: Latias|Calm Mind|p2a: Latias
|-boost|p2a: Latias|spa|1
|-boost|p2a: Latias|spd|1
|
|-weather|none
|-heal|p1a: Latias|237\/319|[from] item: Leftovers
|turn|15
|
|move|p1a: Latias|Psyshock|p2a: Latias
|-resisted|p2a: Latias
|-activate|p2a: Latias|Substitute|[damage]
|move|p2a: Latias|Roost|p2a: Latias
|-heal|p2a: Latias|363\/363
|
|-heal|p1a: Latias|256\/319|[from] item: Leftovers
|turn|16
|
|move|p1a: Latias|Psyshock|p2a: Latias
|-resisted|p2a: Latias
|-activate|p2a: Latias|Substitute|[damage]
|move|p2a: Latias|Calm Mind|p2a: Latias
|-boost|p2a: Latias|spa|1
|-boost|p2a: Latias|spd|1
|
|-heal|p1a: Latias|275\/319|[from] item: Leftovers
|turn|17
|
|move|p1a: Latias|Psyshock|p2a: Latias
|-resisted|p2a: Latias
|-end|p2a: Latias|Substitute
|move|p2a: Latias|Substitute|p2a: Latias
|-start|p2a: Latias|Substitute
|-damage|p2a: Latias|273\/363
|
|-heal|p1a: Latias|294\/319|[from] item: Leftovers
|turn|18
|
|move|p1a: Latias|Draco Meteor|p2a: Latias
|-supereffective|p2a: Latias
|-end|p2a: Latias|Substitute
|-unboost|p1a: Latias|spa|2
|move|p2a: Latias|Calm Mind|p2a: Latias
|-boost|p2a: Latias|spa|1
|-boost|p2a: Latias|spd|1
|
|-heal|p1a: Latias|313\/319|[from] item: Leftovers
|turn|19
|
|move|p1a: Latias|Draco Meteor|p2a: Latias
|-supereffective|p2a: Latias
|-damage|p2a: Latias|223\/363
|-unboost|p1a: Latias|spa|2
|move|p2a: Latias|Roost|p2a: Latias
|-heal|p2a: Latias|363\/363
|
|-heal|p1a: Latias|319\/319|[from] item: Leftovers
|turn|20
|
|move|p1a: Latias|Draco Meteor|p2a: Latias|[miss]
|-miss|p1a: Latias|p2a: Latias
|move|p2a: Latias|Substitute|p2a: Latias
|-start|p2a: Latias|Substitute
|-damage|p2a: Latias|273\/363
|
|turn|21
|-message|Braken ToTheStars forfeited.
|
|win|brewplanner
|raw|Ladder updating...
|leave|Braken ToTheStars
|player|p1
|raw|Braken ToTheStars's rating: 1536 &rarr; <strong>1521<\/strong><br \/>(-15 for losing)
|raw|brewplanner's rating: 1626 &rarr; <strong>1641<\/strong><br \/>(+15 for winning)