|join|ActAgain
|join|MintyShade
|player|p1|ActAgain|3
|player|p2|MintyShade|148
|gametype|singles
|gen|6
|tier|OU
|rated
|clearpoke
|poke|p1|Charizard, F
|poke|p1|Sylveon, F
|poke|p1|Wobbuffet, F
|poke|p1|Conkeldurr, F
|poke|p1|Hydreigon, F
|poke|p1|Tentacruel, F
|poke|p2|Kyurem-Black
|poke|p2|Bisharp, M
|poke|p2|Garchomp, F
|poke|p2|Ferrothorn, F
|poke|p2|Gliscor, M
|poke|p2|Starmie
|rule|Swagger Clause: Swagger is banned
|rule|Baton Pass Clause: Limit one PokÃ©mon knowing Baton Pass
|rule|Sleep Clause Mod: Limit one foe put to sleep
|rule|Species Clause: Limit one of each PokÃ©mon
|rule|OHKO Clause: OHKO moves are banned
|rule|Moody Clause: Moody is banned
|rule|Evasion Moves Clause: Evasion moves are banned
|rule|Endless Battle Clause: Forcing endless battles is banned
|rule|HP Percentage Mod: HP is reported as percentages
|teampreview
|
|start
|switch|p1a: Hydreigon|Hydreigon, F|346\/346
|switch|p2a: Garchomp|Garchomp, F|358\/358
|turn|1
|
|switch|p2a: Ferrothorn|Ferrothorn, F|352\/352
|move|p1a: Hydreigon|Draco Meteor|p2a: Ferrothorn|[miss]
|-miss|p1a: Hydreigon|p2a: Ferrothorn
|
|turn|2
|
|switch|p1a: Charizard|Charizard, F|346\/346
|move|p2a: Ferrothorn|Knock Off|p1a: Charizard
|-damage|p1a: Charizard|290\/346
|
|turn|3
|
|switch|p2a: Gliscor|Gliscor, M|354\/354
|detailschange|p1a: Charizard|Charizard-Mega-X, F
|message|Charizard has Mega Evolved into Mega Charizard!
|move|p1a: Charizard|Dragon Dance|p1a: Charizard
|-boost|p1a: Charizard|atk|1
|-boost|p1a: Charizard|spe|1
|
|-status|p2a: Gliscor|tox|[from] item: Toxic Orb
|turn|4
|
|move|p1a: Charizard|Flare Blitz|p2a: Gliscor
|-damage|p2a: Gliscor|20\/354 tox
|-damage|p1a: Charizard|180\/346|[from] recoil|[of] p2a: Gliscor
|move|p2a: Gliscor|Toxic|p1a: Charizard
|-status|p1a: Charizard|tox
|
|-damage|p1a: Charizard|159\/346 tox|[from] psn
|-heal|p2a: Gliscor|64\/354 tox|[from] ability: Poison Heal
|turn|5
|
|move|p1a: Charizard|Roost|p1a: Charizard
|-heal|p1a: Charizard|332\/346 tox
|move|p2a: Gliscor|Earthquake|p1a: Charizard
|-supereffective|p1a: Charizard
|-damage|p1a: Charizard|122\/346 tox
|
|-damage|p1a: Charizard|80\/346 tox|[from] psn
|-heal|p2a: Gliscor|108\/354 tox|[from] ability: Poison Heal
|turn|6
|
|move|p2a: Gliscor|Protect|p2a: Gliscor
|-singleturn|p2a: Gliscor|Protect
|move|p1a: Charizard|Dragon Claw|p2a: Gliscor
|-activate|p2a: Gliscor|Protect
|
|-damage|p1a: Charizard|17\/346 tox|[from] psn
|-heal|p2a: Gliscor|152\/354 tox|[from] ability: Poison Heal
|turn|7
|
|move|p1a: Charizard|Flare Blitz|p2a: Gliscor
|-damage|p2a: Gliscor|0 fnt
|-damage|p1a: Charizard|0 fnt|[from] recoil|[of] p2a: Gliscor
|faint|p2a: Gliscor
|faint|p1a: Charizard
|
|
|switch|p1a: Conkeldurr|Conkeldurr, F|414\/414
|switch|p2a: Ferrothorn|Ferrothorn, F|352\/352
|turn|8
|
|move|p1a: Conkeldurr|Drain Punch|p2a: Ferrothorn
|-supereffective|p2a: Ferrothorn
|-damage|p2a: Ferrothorn|154\/352
|-damage|p1a: Conkeldurr|363\/414|[from] ability: Iron Barbs|[of] p2a: Ferrothorn
|move|p2a: Ferrothorn|Leech Seed|p1a: Conkeldurr
|-start|p1a: Conkeldurr|move: Leech Seed
|
|-heal|p2a: Ferrothorn|176\/352|[from] item: Leftovers
|-damage|p1a: Conkeldurr|312\/414|[from] Leech Seed|[of] p2a: Ferrothorn
|-heal|p2a: Ferrothorn|227\/352|[silent]
|turn|9
|
|move|p1a: Conkeldurr|Drain Punch|p2a: Ferrothorn
|-supereffective|p2a: Ferrothorn
|-damage|p2a: Ferrothorn|39\/352
|-heal|p1a: Conkeldurr|406\/414|[from] drain|[of] p2a: Ferrothorn
|-damage|p1a: Conkeldurr|355\/414|[from] ability: Iron Barbs|[of] p2a: Ferrothorn
|move|p2a: Ferrothorn|Knock Off|p1a: Conkeldurr
|-resisted|p1a: Conkeldurr
|-damage|p1a: Conkeldurr|314\/414
|-enditem|p1a: Conkeldurr|Assault Vest|[from] move: Knock Off|[of] p2a: Ferrothorn
|
|-heal|p2a: Ferrothorn|61\/352|[from] item: Leftovers
|-damage|p1a: Conkeldurr|263\/414|[from] Leech Seed|[of] p2a: Ferrothorn
|-heal|p2a: Ferrothorn|112\/352|[silent]
|turn|10
|
|move|p1a: Conkeldurr|Drain Punch|p2a: Ferrothorn
|-supereffective|p2a: Ferrothorn
|-damage|p2a: Ferrothorn|0 fnt
|-heal|p1a: Conkeldurr|319\/414|[from] drain|[of] p2a: Ferrothorn
|-damage|p1a: Conkeldurr|268\/414|[from] ability: Iron Barbs|[of] p2a: Ferrothorn
|faint|p2a: Ferrothorn
|
|
|switch|p2a: Starmie|Starmie|261\/261
|turn|11
|
|switch|p1a: Wobbuffet|Wobbuffet, F|584\/584
|move|p2a: Starmie|Hydro Pump|p1a: Wobbuffet|[miss]
|-miss|p2a: Starmie|p1a: Wobbuffet
|
|turn|12
|
|move|p2a: Starmie|Rapid Spin|p1a: Wobbuffet
|-damage|p1a: Wobbuffet|567\/584
|-damage|p2a: Starmie|235\/261|[from] item: Life Orb
|move|p1a: Wobbuffet|Encore|p2a: Starmie
|-start|p2a: Starmie|Encore
|
|-heal|p1a: Wobbuffet|584\/584|[from] item: Leftovers
|turn|13
|
|move|p2a: Starmie|Rapid Spin|p1a: Wobbuffet
|-damage|p1a: Wobbuffet|567\/584
|-damage|p2a: Starmie|209\/261|[from] item: Life Orb
|move|p1a: Wobbuffet|Counter|p2a: Starmie
|-damage|p2a: Starmie|175\/261
|
|-heal|p1a: Wobbuffet|584\/584|[from] item: Leftovers
|turn|14
|
|move|p2a: Starmie|Rapid Spin|p1a: Wobbuffet
|-damage|p1a: Wobbuffet|567\/584
|-damage|p2a: Starmie|149\/261|[from] item: Life Orb
|move|p1a: Wobbuffet|Counter|p2a: Starmie
|-damage|p2a: Starmie|115\/261
|
|-heal|p1a: Wobbuffet|584\/584|[from] item: Leftovers
|turn|15
|
|move|p2a: Starmie|Rapid Spin|p1a: Wobbuffet
|-damage|p1a: Wobbuffet|567\/584
|-damage|p2a: Starmie|89\/261|[from] item: Life Orb
|move|p1a: Wobbuffet|Counter|p2a: Starmie
|-damage|p2a: Starmie|55\/261
|
|-heal|p1a: Wobbuffet|584\/584|[from] item: Leftovers
|-end|p2a: Starmie|Encore
|turn|16
|
|move|p2a: Starmie|Hydro Pump|p1a: Wobbuffet
|-damage|p1a: Wobbuffet|315\/584
|-damage|p2a: Starmie|29\/261|[from] item: Life Orb
|move|p1a: Wobbuffet|Encore|p2a: Starmie
|-start|p2a: Starmie|Encore
|
|-heal|p1a: Wobbuffet|351\/584|[from] item: Leftovers
|turn|17
|
|switch|p1a: Tentacruel|Tentacruel, F|364\/364
|move|p2a: Starmie|Hydro Pump|p1a: Tentacruel|[miss]
|-miss|p2a: Starmie|p1a: Tentacruel
|
|turn|18
|
|move|p2a: Starmie|Hydro Pump|p1a: Tentacruel
|-resisted|p1a: Tentacruel
|-damage|p1a: Tentacruel|308\/364
|-damage|p2a: Starmie|3\/261|[from] item: Life Orb
|move|p1a: Tentacruel|Scald|p2a: Starmie
|-resisted|p2a: Starmie
|-damage|p2a: Starmie|0 fnt
|faint|p2a: Starmie
|
|
|switch|p2a: Kyurem-Black|Kyurem-Black|405\/405
|-ability|p2a: Kyurem-Black|Teravolt
|turn|19
|
|move|p2a: Kyurem-Black|Substitute|p2a: Kyurem-Black
|-start|p2a: Kyurem-Black|Substitute
|-damage|p2a: Kyurem-Black|304\/405
|move|p1a: Tentacruel|Sludge Bomb|p2a: Kyurem-Black
|-end|p2a: Kyurem-Black|Substitute
|
|-heal|p2a: Kyurem-Black|329\/405|[from] item: Leftovers
|turn|20
|
|move|p2a: Kyurem-Black|Earth Power|p1a: Tentacruel
|-supereffective|p1a: Tentacruel
|-damage|p1a: Tentacruel|186\/364
|move|p1a: Tentacruel|Sludge Bomb|p2a: Kyurem-Black
|-damage|p2a: Kyurem-Black|220\/405
|
|-heal|p2a: Kyurem-Black|245\/405|[from] item: Leftovers
|turn|21
|
|move|p2a: Kyurem-Black|Fusion Bolt|p1a: Tentacruel
|-supereffective|p1a: Tentacruel
|-damage|p1a: Tentacruel|0 fnt
|faint|p1a: Tentacruel
|
|-heal|p2a: Kyurem-Black|270\/405|[from] item: Leftovers
|
|switch|p1a: Conkeldurr|Conkeldurr, F|268\/414
|turn|22
|
|move|p2a: Kyurem-Black|Fusion Bolt|p1a: Conkeldurr
|-damage|p1a: Conkeldurr|142\/414
|move|p1a: Conkeldurr|Drain Punch|p2a: Kyurem-Black
|-supereffective|p2a: Kyurem-Black
|-damage|p2a: Kyurem-Black|0 fnt
|-heal|p1a: Conkeldurr|277\/414|[from] drain|[of] p2a: Kyurem-Black
|faint|p2a: Kyurem-Black
|
|
|switch|p2a: Garchomp|Garchomp, F|358\/358
|turn|23
|
|switch|p1a: Hydreigon|Hydreigon, F|346\/346
|move|p2a: Garchomp|Swords Dance|p2a: Garchomp
|-boost|p2a: Garchomp|atk|2
|
|turn|24
|
|move|p1a: Hydreigon|Draco Meteor|p2a: Garchomp
|-supereffective|p2a: Garchomp
|-damage|p2a: Garchomp|0 fnt
|-unboost|p1a: Hydreigon|spa|2
|faint|p2a: Garchomp
|
|
|switch|p2a: Bisharp|Bisharp, M|271\/271
|turn|25
|
|switch|p1a: Wobbuffet|Wobbuffet, F|351\/584
|move|p2a: Bisharp|Swords Dance|p2a: Bisharp
|-boost|p2a: Bisharp|atk|2
|
|-heal|p1a: Wobbuffet|387\/584|[from] item: Leftovers
|turn|26
|
|move|p2a: Bisharp|Swords Dance|p2a: Bisharp
|-boost|p2a: Bisharp|atk|2
|move|p1a: Wobbuffet|Encore|p2a: Bisharp
|-start|p2a: Bisharp|Encore
|
|-heal|p1a: Wobbuffet|423\/584|[from] item: Leftovers
|turn|27
|
|switch|p1a: Conkeldurr|Conkeldurr, F|277\/414
|move|p2a: Bisharp|Swords Dance|p2a: Bisharp
|-boost|p2a: Bisharp|atk|2
|
|turn|28
|
|move|p2a: Bisharp|Swords Dance|p2a: Bisharp
|-fail|p2a: Bisharp
|move|p1a: Conkeldurr|Drain Punch|p2a: Bisharp
|-supereffective|p2a: Bisharp
|-damage|p2a: Bisharp|0 fnt
|-heal|p1a: Conkeldurr|413\/414|[from] drain|[of] p2a: Bisharp
|faint|p2a: Bisharp
|
|win|ActAgain
|raw|Ladder updating...
|raw|ActAgain's rating: 1536 &rarr; <strong>1556<\/strong><br \/>(+20 for winning)
|raw|MintyShade's rating: 1546 &rarr; <strong>1526<\/strong><br \/>(-20 for losing)
|chat|ActAgain|gg
|chat|MintyShade|gg
|leave|MintyShade
|player|p2