|join|Sam_Kil
|join|MintyShade
|player|p1|Sam_Kil|266
|player|p2|MintyShade|2
|gametype|singles
|gen|6
|tier|OU
|rated
|clearpoke
|poke|p1|Meloetta
|poke|p1|Mawile, F, shiny
|poke|p1|Mamoswine, M
|poke|p1|Sylveon, F
|poke|p1|Mandibuzz, F
|poke|p1|Aegislash, M
|poke|p2|Tyranitar, M
|poke|p2|Excadrill, F
|poke|p2|Dragonite, M
|poke|p2|Pinsir, F
|poke|p2|Aegislash, M
|poke|p2|Keldeo
|rule|Sleep Clause Mod: Limit one foe put to sleep
|rule|Species Clause: Limit one of each Pokemon
|rule|OHKO Clause: OHKO moves are banned
|rule|Moody Clause: Moody is banned
|rule|Evasion Moves Clause: Evasion moves are banned
|rule|Endless Battle Clause: Forcing endless battles is banned.
|rule|HP Percentage Mod: HP is reported as percentages
|teampreview
|
|start
|switch|p1a: Mawile|Mawile, F, shiny|282\/282
|switch|p2a: Tyranitar|Tyranitar, M|341\/341
|-weather|Sandstorm
|-ability|p1a: Mawile|Intimidate|[of] p2a: Tyranitar
|-unboost|p2a: Tyranitar|atk|1
|turn|1
|
|switch|p1a: Mandibuzz|Mandibuzz, F|424\/424
|move|p2a: Tyranitar|Stealth Rock|p1a: Mandibuzz
|-sidestart|p1: Sam_Kil|move: Stealth Rock
|
|-weather|Sandstorm|[upkeep]
|-damage|p1a: Mandibuzz|398\/424|[from] sandstorm
|-heal|p1a: Mandibuzz|424\/424|[from] item: Leftovers
|turn|2
|
|switch|p2a: Excadrill|Excadrill, F|362\/362
|-item|p2a: Excadrill|Air Balloon
|move|p1a: Mandibuzz|Defog|p2a: Excadrill
|-unboost|p2a: Excadrill|evasion|1
|-sideend|p1: Sam_Kil|Stealth Rock|[from] move: Defog|[of] p1a: Mandibuzz
|
|-weather|Sandstorm|[upkeep]
|-damage|p1a: Mandibuzz|398\/424|[from] sandstorm
|-heal|p1a: Mandibuzz|424\/424|[from] item: Leftovers
|turn|3
|chat|MintyShade|no overcoat?
|chat|Sam_Kil|oh forgot to change it
|
|move|p2a: Excadrill|Rock Slide|p1a: Mandibuzz
|-supereffective|p1a: Mandibuzz
|-damage|p1a: Mandibuzz|294\/424
|move|p1a: Mandibuzz|Foul Play|p2a: Excadrill
|-crit|p2a: Excadrill
|-damage|p2a: Excadrill|0 fnt
|-enditem|p2a: Excadrill|Air Balloon
|faint|p2a: Excadrill
|
|-weather|Sandstorm|[upkeep]
|-damage|p1a: Mandibuzz|268\/424|[from] sandstorm
|-heal|p1a: Mandibuzz|294\/424|[from] item: Leftovers
|chat|Sam_Kil|sry
|
|switch|p2a: Keldeo|Keldeo|323\/323
|turn|4
|chat|MintyShade|it happens
|
|switch|p1a: Meloetta|Meloetta|341\/341
|move|p2a: Keldeo|Hydro Pump|p1a: Meloetta
|-damage|p1a: Meloetta|209\/341
|
|-weather|Sandstorm|[upkeep]
|-damage|p2a: Keldeo|303\/323|[from] sandstorm
|-damage|p1a: Meloetta|188\/341|[from] sandstorm
|turn|5
|
|switch|p2a: Aegislash|Aegislash, M|324\/324
|move|p1a: Meloetta|Psyshock|p2a: Aegislash
|-resisted|p2a: Aegislash
|-damage|p2a: Aegislash|270\/324
|
|-weather|none
|-heal|p2a: Aegislash|290\/324|[from] item: Leftovers
|turn|6
|
|switch|p1a: Mandibuzz|Mandibuzz, F|294\/424
|switch|p2a: Tyranitar|Tyranitar, M|341\/341
|-weather|Sandstorm
|
|-weather|Sandstorm|[upkeep]
|-damage|p1a: Mandibuzz|268\/424|[from] sandstorm
|-heal|p1a: Mandibuzz|294\/424|[from] item: Leftovers
|turn|7
|
|move|p2a: Tyranitar|Stealth Rock|p1a: Mandibuzz
|-sidestart|p1: Sam_Kil|move: Stealth Rock
|move|p1a: Mandibuzz|Roost|p1a: Mandibuzz
|-heal|p1a: Mandibuzz|424\/424
|
|-weather|Sandstorm|[upkeep]
|-damage|p1a: Mandibuzz|398\/424|[from] sandstorm
|-heal|p1a: Mandibuzz|424\/424|[from] item: Leftovers
|turn|8
|
|switch|p2a: Keldeo|Keldeo|303\/323
|move|p1a: Mandibuzz|Defog|p2a: Keldeo
|-unboost|p2a: Keldeo|evasion|1
|-sideend|p1: Sam_Kil|Stealth Rock|[from] move: Defog|[of] p1a: Mandibuzz
|
|-weather|Sandstorm|[upkeep]
|-damage|p2a: Keldeo|283\/323|[from] sandstorm
|-damage|p1a: Mandibuzz|398\/424|[from] sandstorm
|-heal|p1a: Mandibuzz|424\/424|[from] item: Leftovers
|turn|9
|
|move|p2a: Keldeo|Hydro Pump|p1a: Mandibuzz
|-damage|p1a: Mandibuzz|129\/424
|move|p1a: Mandibuzz|Knock Off|p2a: Keldeo
|-resisted|p2a: Keldeo
|-damage|p2a: Keldeo|244\/323
|-boost|p2a: Keldeo|atk|1|[from] ability: Justified
|-enditem|p2a: Keldeo|Choice Specs|[from] move: Knock Off|[of] p1a: Mandibuzz
|
|-weather|Sandstorm|[upkeep]
|-damage|p2a: Keldeo|224\/323|[from] sandstorm
|-damage|p1a: Mandibuzz|103\/424|[from] sandstorm
|-heal|p1a: Mandibuzz|129\/424|[from] item: Leftovers
|turn|10
|
|move|p2a: Keldeo|Scald|p1a: Mandibuzz
|-damage|p1a: Mandibuzz|0 fnt
|faint|p1a: Mandibuzz
|
|-weather|none
|
|switch|p1a: Sylveon|Sylveon, F|352\/352
|turn|11
|
|switch|p2a: Aegislash|Aegislash, M|290\/324
|move|p1a: Sylveon|Wish|p1a: Sylveon
|
|-heal|p2a: Aegislash|310\/324|[from] item: Leftovers
|turn|12
|
|switch|p1a: Mawile|Mawile, F, shiny|282\/282
|-ability|p1a: Mawile|Intimidate|[of] p2a: Aegislash
|-unboost|p2a: Aegislash|atk|1
|-formechange|p2a: Aegislash|Aegislash-Blade
|move|p2a: Aegislash|Sacred Sword|p1a: Mawile
|-damage|p1a: Mawile|210\/282
|
|-heal|p1a: Mawile|282\/282|[from] move: Wish|[wisher] Sylveon
|-heal|p2a: Aegislash|324\/324|[from] item: Leftovers
|turn|13
|
|switch|p2a: Tyranitar|Tyranitar, M|341\/341
|-weather|Sandstorm
|detailschange|p1a: Mawile|Mawile-Mega, F, shiny
|message|Mawile has Mega Evolved into Mega Mawile!
|move|p1a: Mawile|Sucker Punch|p2a: Tyranitar
|-fail|p2a: Tyranitar
|
|-weather|Sandstorm|[upkeep]
|turn|14
|
|move|p2a: Tyranitar|Stealth Rock|p1a: Mawile
|-sidestart|p1: Sam_Kil|move: Stealth Rock
|move|p1a: Mawile|Play Rough|p2a: Tyranitar
|-supereffective|p2a: Tyranitar
|-enditem|p2a: Tyranitar|Focus Sash
|-damage|p2a: Tyranitar|1\/341
|
|-weather|Sandstorm|[upkeep]
|turn|15
|
|switch|p2a: Keldeo|Keldeo|224\/323
|move|p1a: Mawile|Sucker Punch|p2a: Keldeo
|-fail|p2a: Keldeo
|
|-weather|Sandstorm|[upkeep]
|-damage|p2a: Keldeo|204\/323|[from] sandstorm
|turn|16
|
|move|p2a: Keldeo|Scald|p1a: Mawile
|-damage|p1a: Mawile|131\/282
|move|p1a: Mawile|Play Rough|p2a: Keldeo
|-crit|p2a: Keldeo
|-supereffective|p2a: Keldeo
|-damage|p2a: Keldeo|0 fnt
|faint|p2a: Keldeo
|
|-weather|Sandstorm|[upkeep]
|
|switch|p2a: Aegislash|Aegislash, M|324\/324
|turn|17
|
|switch|p1a: Aegislash|Aegislash, M|324\/324
|-damage|p1a: Aegislash|304\/324|[from] Stealth Rock
|-formechange|p2a: Aegislash|Aegislash-Blade
|move|p2a: Aegislash|Shadow Ball|p1a: Aegislash
|-crit|p1a: Aegislash
|-supereffective|p1a: Aegislash
|-damage|p1a: Aegislash|0 fnt
|faint|p1a: Aegislash
|
|-weather|none
|
|switch|p1a: Mamoswine|Mamoswine, M|361\/361
|-damage|p1a: Mamoswine|316\/361|[from] Stealth Rock
|turn|18
|
|-formechange|p2a: Aegislash|Aegislash
|move|p2a: Aegislash|King's Shield|p2a: Aegislash
|-singleturn|p2a: Aegislash|Protect
|move|p1a: Mamoswine|Earthquake|p2a: Aegislash
|-activate|p2a: Aegislash|Protect
|
|turn|19
|
|move|p1a: Mamoswine|Stealth Rock|p2a: Aegislash
|-sidestart|p2: MintyShade|move: Stealth Rock
|-formechange|p2a: Aegislash|Aegislash-Blade
|move|p2a: Aegislash|Sacred Sword|p1a: Mamoswine
|-supereffective|p1a: Mamoswine
|-damage|p1a: Mamoswine|94\/361
|
|turn|20
|
|-formechange|p2a: Aegislash|Aegislash
|move|p2a: Aegislash|King's Shield|p2a: Aegislash
|-singleturn|p2a: Aegislash|Protect
|move|p1a: Mamoswine|Earthquake|p2a: Aegislash
|-activate|p2a: Aegislash|Protect
|
|turn|21
|
|move|p1a: Mamoswine|Earthquake|p2a: Aegislash
|-supereffective|p2a: Aegislash
|-damage|p2a: Aegislash|0 fnt
|-damage|p1a: Mamoswine|58\/361|[from] item: Life Orb
|faint|p2a: Aegislash
|
|
|switch|p2a: Dragonite|Dragonite, M|386\/386
|-damage|p2a: Dragonite|290\/386|[from] Stealth Rock
|turn|22
|
|move|p2a: Dragonite|Extreme Speed|p1a: Mamoswine
|-damage|p1a: Mamoswine|0 fnt
|faint|p1a: Mamoswine
|
|
|switch|p1a: Sylveon|Sylveon, F|352\/352
|-damage|p1a: Sylveon|308\/352|[from] Stealth Rock
|turn|23
|
|move|p2a: Dragonite|Extreme Speed|p1a: Sylveon
|-damage|p1a: Sylveon|96\/352
|move|p1a: Sylveon|Hyper Voice|p2a: Dragonite
|-supereffective|p2a: Dragonite
|-damage|p2a: Dragonite|0 fnt
|faint|p2a: Dragonite
|
|-heal|p1a: Sylveon|118\/352|[from] item: Leftovers
|
|switch|p2a: Pinsir|Pinsir, F|271\/271
|-damage|p2a: Pinsir|204\/271|[from] Stealth Rock
|turn|24
|
|detailschange|p2a: Pinsir|Pinsir-Mega, F
|message|Pinsir has Mega Evolved into Mega Pinsir!
|move|p2a: Pinsir|Frustration|p1a: Sylveon
|-damage|p1a: Sylveon|0 fnt
|faint|p1a: Sylveon
|
|
|switch|p1a: Mawile|Mawile-Mega, F, shiny|131\/282
|-damage|p1a: Mawile|114\/282|[from] Stealth Rock
|turn|25
|
|move|p2a: Pinsir|Quick Attack|p1a: Mawile
|-resisted|p1a: Mawile
|-damage|p1a: Mawile|71\/282
|move|p1a: Mawile|Fire Fang|p2a: Pinsir
|-supereffective|p2a: Pinsir
|-damage|p2a: Pinsir|0 fnt
|faint|p2a: Pinsir
|
|chat|Sam_Kil|gg
|chat|MintyShade|gg
|
|switch|p2a: Tyranitar|Tyranitar, M|1\/341
|-damage|p2a: Tyranitar|0 fnt|[from] Stealth Rock
|faint|p2a: Tyranitar
|
|win|Sam_Kil
|raw|Ladder updating...
|raw|Sam_Kil's rating: 1502 &rarr; <strong>1525<\/strong><br \/>(+23 for winning)
|raw|MintyShade's rating: 1550 &rarr; <strong>1528<\/strong><br \/>(-22 for losing)
|leave|MintyShade
|player|p2