|join|Donaka
|join|MintyShade
|player|p1|Donaka|223
|player|p2|MintyShade|169
|gametype|singles
|tier|OU
|rated
|clearpoke
|poke|p1|Jirachi
|poke|p1|Togekiss, F
|poke|p1|Ditto
|poke|p1|Tentacruel, M
|poke|p1|Charizard, F
|poke|p1|Breloom, M
|poke|p2|Lucario, M
|poke|p2|Genesect, shiny
|poke|p2|Cloyster, M
|poke|p2|Tornadus-Therian, M
|poke|p2|Beheeyem, F
|poke|p2|Volcarona, M
|rule|Sleep Clause Mod: Limit one foe put to sleep
|rule|Species Clause: Limit one of each Pokemon
|rule|OHKO Clause: OHKO moves are banned
|rule|Moody Clause: Moody is banned
|rule|Evasion Moves Clause: Evasion moves are banned
|rule|Endless Battle Clause: Forcing endless battles is banned.
|rule|HP Percentage Mod: HP is reported as percentages
|teampreview
|callback|decision
|
|start
|switch|p1a: Breloom|Breloom, M|261\/261
|switch|p2a: Cloyster|Cloyster, M|304\/304
|turn|1
|callback|decision
|
|switch|p2a: Beheeyem|Beheeyem, F|354\/354
|move|p1a: Breloom|Spore|p2a: Beheeyem
|-status|p2a: Beheeyem|slp
|
|-activate|p1a: Breloom|item: Toxic Orb
|-status|p1a: Breloom|tox
|turn|2
|callback|decision
|
|move|p1a: Breloom|Substitute|p1a: Breloom
|-start|p1a: Breloom|Substitute
|-damage|p1a: Breloom|196\/261 tox
|cant|p2a: Beheeyem|slp
|
|-heal|p1a: Breloom|228\/261 tox|[from] ability: Poison Heal
|turn|3
|callback|decision
|
|move|p1a: Breloom|Leech Seed|p2a: Beheeyem|[miss]
|-miss|p1a: Breloom|p2a: Beheeyem
|cant|p2a: Beheeyem|slp
|
|-heal|p1a: Breloom|260\/261 tox|[from] ability: Poison Heal
|turn|4
|callback|decision
|
|-singleturn|p1a: Breloom|move: Focus Punch
|-curestatus|p2a: Beheeyem|slp
|move|p2a: Beheeyem|Psychic|p1a: Breloom
|-supereffective|p1a: Breloom
|-end|p1a: Breloom|Substitute
|-damage|p2a: Beheeyem|319\/354|[from] item: Life Orb
|move|p1a: Breloom|Focus Punch|p2a: Beheeyem
|-resisted|p2a: Beheeyem
|-damage|p2a: Beheeyem|145\/354
|
|-heal|p1a: Breloom|261\/261 tox|[from] ability: Poison Heal
|turn|5
|callback|decision
|
|move|p1a: Breloom|Spore|p2a: Beheeyem
|-status|p2a: Beheeyem|slp
|cant|p2a: Beheeyem|slp
|
|turn|6
|callback|decision
|
|switch|p2a: Volcarona|Volcarona, M|374\/374
|move|p1a: Breloom|Substitute|p1a: Breloom
|-start|p1a: Breloom|Substitute
|-damage|p1a: Breloom|196\/261 tox
|
|-heal|p1a: Breloom|228\/261 tox|[from] ability: Poison Heal
|turn|7
|callback|decision
|
|move|p1a: Breloom|Leech Seed|p2a: Volcarona
|-start|p2a: Volcarona|move: Leech Seed
|move|p2a: Volcarona|Quiver Dance|p2a: Volcarona
|-boost|p2a: Volcarona|spa|1
|-boost|p2a: Volcarona|spd|1
|-boost|p2a: Volcarona|spe|1
|
|-damage|p2a: Volcarona|328\/374|[from] Leech Seed|[of] p1a: Breloom
|-heal|p1a: Breloom|261\/261 tox|[silent]
|turn|8
|callback|decision
|
|-singleturn|p1a: Breloom|move: Focus Punch
|move|p2a: Volcarona|Fiery Dance|p1a: Breloom
|-supereffective|p1a: Breloom
|-end|p1a: Breloom|Substitute
|-boost|p2a: Volcarona|spa|1
|move|p1a: Breloom|Focus Punch|p2a: Volcarona
|-resisted|p2a: Volcarona
|-damage|p2a: Volcarona|144\/374
|
|-heal|p2a: Volcarona|167\/374|[from] item: Leftovers
|-damage|p2a: Volcarona|121\/374|[from] Leech Seed|[of] p1a: Breloom
|turn|9
|callback|decision
|
|switch|p1a: Tentacruel|Tentacruel, M|364\/364
|move|p2a: Volcarona|Roost|p2a: Volcarona
|-heal|p2a: Volcarona|308\/374
|
|-heal|p2a: Volcarona|331\/374|[from] item: Leftovers
|-damage|p2a: Volcarona|285\/374|[from] Leech Seed|[of] p1a: Tentacruel
|turn|10
|callback|decision
|
|switch|p2a: Tornadus-Therian|Tornadus-Therian, M|361\/361
|move|p1a: Tentacruel|Scald|p2a: Tornadus-Therian
|-damage|p2a: Tornadus-Therian|279\/361
|
|-heal|p2a: Tornadus-Therian|301\/361|[from] item: Leftovers
|turn|11
|callback|decision
|
|switch|p1a: Jirachi|Jirachi|404\/404
|move|p2a: Tornadus-Therian|Taunt|p1a: Jirachi
|-start|p1a: Jirachi|move: Taunt
|
|-heal|p2a: Tornadus-Therian|323\/361|[from] item: Leftovers
|turn|12
|callback|decision
|
|move|p2a: Tornadus-Therian|Knock Off|p1a: Jirachi
|-supereffective|p1a: Jirachi
|-damage|p1a: Jirachi|248\/404
|-enditem|p1a: Jirachi|Leftovers|[from] move: Knock Off|[of] p2a: Tornadus-Therian
|move|p1a: Jirachi|Body Slam|p2a: Tornadus-Therian
|-damage|p2a: Tornadus-Therian|230\/361
|-status|p2a: Tornadus-Therian|par
|
|-heal|p2a: Tornadus-Therian|252\/361 par|[from] item: Leftovers
|turn|13
|callback|decision
|
|move|p1a: Jirachi|Iron Head|p2a: Tornadus-Therian
|-damage|p2a: Tornadus-Therian|132\/361 par
|move|p2a: Tornadus-Therian|Heat Wave|p1a: Jirachi
|-supereffective|p1a: Jirachi
|-damage|p1a: Jirachi|74\/404
|
|-heal|p2a: Tornadus-Therian|154\/361 par|[from] item: Leftovers
|turn|14
|callback|decision
|
|move|p1a: Jirachi|U-turn|p2a: Tornadus-Therian
|-resisted|p2a: Tornadus-Therian
|-damage|p2a: Tornadus-Therian|116\/361 par
|callback|decision
|
|switch|p1a: Togekiss|Togekiss, F|374\/374
|move|p2a: Tornadus-Therian|Heat Wave|p1a: Togekiss
|-damage|p1a: Togekiss|300\/374
|
|-heal|p1a: Togekiss|323\/374|[from] item: Leftovers
|-heal|p2a: Tornadus-Therian|138\/361 par|[from] item: Leftovers
|turn|15
|callback|decision
|
|move|p1a: Togekiss|Air Slash|p2a: Tornadus-Therian
|-damage|p2a: Tornadus-Therian|27\/361 par
|move|p2a: Tornadus-Therian|Knock Off|p1a: Togekiss
|-resisted|p1a: Togekiss
|-damage|p1a: Togekiss|283\/374
|-enditem|p1a: Togekiss|Leftovers|[from] move: Knock Off|[of] p2a: Tornadus-Therian
|
|-heal|p2a: Tornadus-Therian|49\/361 par|[from] item: Leftovers
|turn|16
|callback|decision
|
|switch|p2a: Cloyster|Cloyster, M|304\/304
|move|p1a: Togekiss|Air Slash|p2a: Cloyster
|-damage|p2a: Cloyster|114\/304
|
|-heal|p2a: Cloyster|133\/304|[from] item: Leftovers
|turn|17
|callback|decision
|
|switch|p2a: Tornadus-Therian|Tornadus-Therian, M|169\/361 par
|move|p1a: Togekiss|Air Slash|p2a: Tornadus-Therian
|-damage|p2a: Tornadus-Therian|58\/361 par
|
|-heal|p2a: Tornadus-Therian|80\/361 par|[from] item: Leftovers
|turn|18
|callback|decision
|
|switch|p2a: Genesect|Genesect, shiny|283\/283
|-boost|p2a: Genesect|atk|1|[from] ability: Download
|move|p1a: Togekiss|Air Slash|p2a: Genesect
|-damage|p2a: Genesect|172\/283
|
|-heal|p2a: Genesect|189\/283|[from] item: Leftovers
|turn|19
|callback|decision
|
|move|p2a: Genesect|Shift Gear|p2a: Genesect
|-boost|p2a: Genesect|atk|1
|-boost|p2a: Genesect|spe|2
|move|p1a: Togekiss|Thunder Wave|p2a: Genesect
|-status|p2a: Genesect|par
|
|-heal|p2a: Genesect|206\/283 par|[from] item: Leftovers
|turn|20
|callback|decision
|
|move|p1a: Togekiss|Air Slash|p2a: Genesect
|-damage|p2a: Genesect|95\/283 par
|cant|p2a: Genesect|par
|
|-heal|p2a: Genesect|112\/283 par|[from] item: Leftovers
|turn|21
|callback|decision
|
|move|p1a: Togekiss|Air Slash|p2a: Genesect
|-damage|p2a: Genesect|6\/283 par
|cant|p2a: Genesect|par
|
|-heal|p2a: Genesect|23\/283 par|[from] item: Leftovers
|turn|22
|callback|decision
|
|move|p1a: Togekiss|Air Slash|p2a: Genesect
|-damage|p2a: Genesect|0 fnt
|faint|p2a: Genesect
|
|callback|decision
|
|switch|p2a: Volcarona|Volcarona, M|285\/374
|turn|23
|callback|decision
|
|move|p1a: Togekiss|Thunder Wave|p2a: Volcarona
|-status|p2a: Volcarona|par
|move|p2a: Volcarona|Toxic|p1a: Togekiss
|-status|p1a: Togekiss|tox
|
|-heal|p2a: Volcarona|308\/374 par|[from] item: Leftovers
|-damage|p1a: Togekiss|260\/374 tox|[from] psn
|turn|24
|callback|decision
|
|move|p1a: Togekiss|Air Slash|p2a: Volcarona
|-supereffective|p2a: Volcarona
|-damage|p2a: Volcarona|158\/374 par
|cant|p2a: Volcarona|par
|
|-heal|p2a: Volcarona|181\/374 par|[from] item: Leftovers
|-damage|p1a: Togekiss|214\/374 tox|[from] psn
|turn|25
|callback|decision
|
|move|p1a: Togekiss|Air Slash|p2a: Volcarona
|-supereffective|p2a: Volcarona
|-damage|p2a: Volcarona|25\/374 par
|cant|p2a: Volcarona|par
|
|-heal|p2a: Volcarona|48\/374 par|[from] item: Leftovers
|-damage|p1a: Togekiss|145\/374 tox|[from] psn
|turn|26
|callback|decision
|
|move|p1a: Togekiss|Air Slash|p2a: Volcarona
|-supereffective|p2a: Volcarona
|-damage|p2a: Volcarona|0 fnt
|faint|p2a: Volcarona
|
|-damage|p1a: Togekiss|53\/374 tox|[from] psn
|callback|decision
|
|switch|p2a: Beheeyem|Beheeyem, F|145\/354 slp
|turn|27
|callback|decision
|
|move|p1a: Togekiss|Wish|p1a: Togekiss
|-curestatus|p2a: Beheeyem|slp
|move|p2a: Beheeyem|Recover|p2a: Beheeyem
|-heal|p2a: Beheeyem|322\/354
|
|-damage|p1a: Togekiss|0 fnt|[from] psn
|faint|p1a: Togekiss
|callback|decision
|
|switch|p1a: Jirachi|Jirachi|74\/404
|turn|28
|callback|decision
|
|move|p1a: Jirachi|Body Slam|p2a: Beheeyem
|-damage|p2a: Beheeyem|239\/354
|-status|p2a: Beheeyem|par
|cant|p2a: Beheeyem|par
|
|-heal|p1a: Jirachi|261\/404|[from] move: Wish|[wisher] Togekiss
|turn|29
|callback|decision
|-message|MintyShade forfeited.
|
|win|Donaka
|raw|Ladder updating...
|raw|Donaka's rating: 1708 &rarr; <strong>1717<\/strong><br \/>(+9 for winning)
|raw|MintyShade's rating: 1727 &rarr; <strong>1716<\/strong><br \/>(-11 for losing)
|leave|MintyShade
|player|p2