|join|DrZombieologist
|join|MintyShade
|player|p1|DrZombieologist|126
|player|p2|MintyShade|169
|gametype|singles
|tier|Pokebank OU (beta)
|rated
|clearpoke
|poke|p1|Slowbro, M
|poke|p1|Heracross, M
|poke|p1|Heatran, M, shiny
|poke|p1|Cresselia, F, shiny
|poke|p1|Malamar, M
|poke|p1|Braviary, M
|poke|p2|Scizor, F
|poke|p2|Celebi
|poke|p2|Tyrantrum, M
|poke|p2|Gyarados, F
|poke|p2|Blissey, F
|poke|p2|Noivern, F
|rule|Sleep Clause Mod: Limit one foe put to sleep
|rule|Species Clause: Limit one of each Pokemon
|rule|Moody Clause: Moody is banned
|rule|OHKO Clause: OHKO moves are banned
|rule|Evasion Moves Clause: Evasion moves are banned
|rule|HP Percentage Mod: HP is reported as percentages
|teampreview
|callback|decision
|
|start
|switch|p1a: Selene|Cresselia, F, shiny|444\/444
|switch|p2a: Tyrantrum|Tyrantrum, M|306\/306
|turn|1
|callback|decision
|
|move|p2a: Tyrantrum|Crunch|p1a: Selene
|-crit|p1a: Selene
|-supereffective|p1a: Selene
|-damage|p1a: Selene|48\/444
|move|p1a: Selene|Trick Room|p1a: Selene
|-fieldstart|move: Trick Room|[of] p1a: Selene
|
|-heal|p1a: Selene|75\/444|[from] item: Leftovers
|turn|2
|callback|decision
|
|switch|p1a: Farenheit|Heatran, M, shiny|386\/386
|switch|p2a: Scizor|Scizor, F|344\/344
|
|turn|3
|callback|decision
|
|switch|p2a: Blissey|Blissey, F|651\/651
|move|p1a: Farenheit|Fire Blast|p2a: Blissey
|-damage|p2a: Blissey|468\/651
|-damage|p1a: Farenheit|348\/386|[from] item: Life Orb
|
|-heal|p2a: Blissey|508\/651|[from] item: Leftovers
|turn|4
|callback|decision
|
|switch|p1a: Hercules|Heracross, M|364\/364
|move|p2a: Blissey|Seismic Toss|p1a: Hercules
|-damage|p1a: Hercules|264\/364
|
|-heal|p2a: Blissey|548\/651|[from] item: Leftovers
|turn|5
|callback|decision
|
|switch|p2a: Noivern|Noivern, F|311\/311
|-item|p1a: Hercules|Heracronite|[from] ability: Frisk|[of] p2a: Noivern|[identify]
|-formechange|p1a: Hercules|Heracross-Mega
|message|Heracross has Mega Evolved into Mega Heracross!
|move|p1a: Hercules|Arm Thrust|p2a: Noivern
|-resisted|p2a: Noivern
|-damage|p2a: Noivern|287\/311
|-crit|p2a: Noivern
|-resisted|p2a: Noivern
|-damage|p2a: Noivern|254\/311
|-resisted|p2a: Noivern
|-damage|p2a: Noivern|230\/311
|-resisted|p2a: Noivern
|-damage|p2a: Noivern|205\/311
|-resisted|p2a: Noivern
|-damage|p2a: Noivern|182\/311
|-hitcount|p2a: Noivern|5
|
|-fieldend|move: Trick Room
|turn|6
|callback|decision
|
|switch|p1a: Slowbro|Slowbro, M|394\/394
|move|p2a: Noivern|Boomburst|p1a: Slowbro
|-damage|p1a: Slowbro|140\/394
|
|-heal|p1a: Slowbro|164\/394|[from] item: Leftovers
|turn|7
|callback|decision
|
|move|p2a: Noivern|Boomburst|p1a: Slowbro
|-damage|p1a: Slowbro|0 fnt
|faint|p1a: Slowbro
|
|callback|decision
|
|switch|p1a: Mirage|Malamar, M|376\/376
|turn|8
|callback|decision
|
|move|p2a: Noivern|Boomburst|p1a: Mirage
|-damage|p1a: Mirage|111\/376
|move|p1a: Mirage|Trick Room|p1a: Mirage
|-fieldstart|move: Trick Room|[of] p1a: Mirage
|
|-heal|p1a: Mirage|134\/376|[from] item: Leftovers
|turn|9
|callback|decision
|
|move|p1a: Mirage|Destiny Bond|p1a: Mirage
|-singlemove|p1a: Mirage|Destiny Bond
|move|p2a: Noivern|Boomburst|p1a: Mirage
|-damage|p1a: Mirage|0 fnt
|faint|p1a: Mirage
|-activate|p1a: Mirage|Destiny Bond
|faint|p2a: Noivern
|
|callback|decision
|
|switch|p2a: Gyarados|Gyarados, F|341\/341
|switch|p1a: Hercules|Heracross, M|264\/364
|-formechange|p1a: Hercules|Heracross-Mega
|-ability|p2a: Gyarados|Intimidate|[of] p1a: Hercules
|-unboost|p1a: Hercules|atk|1
|turn|10
|callback|decision
|
|move|p1a: Hercules|Rock Blast|p2a: Gyarados
|-supereffective|p2a: Gyarados
|-damage|p2a: Gyarados|267\/341
|-supereffective|p2a: Gyarados
|-damage|p2a: Gyarados|189\/341
|-supereffective|p2a: Gyarados
|-damage|p2a: Gyarados|115\/341
|-supereffective|p2a: Gyarados
|-damage|p2a: Gyarados|43\/341
|-supereffective|p2a: Gyarados
|-damage|p2a: Gyarados|0 fnt
|-hitcount|p2a: Gyarados|5
|faint|p2a: Gyarados
|
|callback|decision
|
|switch|p2a: Tyrantrum|Tyrantrum, M|306\/306
|turn|11
|callback|decision
|
|switch|p2a: Celebi|Celebi|368\/368
|move|p1a: Hercules|Arm Thrust|p2a: Celebi
|-resisted|p2a: Celebi
|-damage|p2a: Celebi|356\/368
|-resisted|p2a: Celebi
|-damage|p2a: Celebi|344\/368
|-resisted|p2a: Celebi
|-damage|p2a: Celebi|332\/368
|-resisted|p2a: Celebi
|-damage|p2a: Celebi|318\/368
|-resisted|p2a: Celebi
|-damage|p2a: Celebi|304\/368
|-hitcount|p2a: Celebi|5
|
|-heal|p2a: Celebi|327\/368|[from] item: Leftovers
|turn|12
|callback|decision
|
|switch|p2a: Scizor|Scizor, F|344\/344
|move|p1a: Hercules|Pin Missile|p2a: Scizor|[miss]
|-miss|p1a: Hercules|p2a: Scizor
|
|-fieldend|move: Trick Room
|turn|13
|callback|decision
|
|switch|p1a: Farenheit|Heatran, M, shiny|348\/386
|move|p2a: Scizor|U-turn|p1a: Farenheit
|-resisted|p1a: Farenheit
|-damage|p1a: Farenheit|296\/386
|callback|decision
|
|switch|p2a: Tyrantrum|Tyrantrum, M|306\/306
|
|turn|14
|callback|decision
|
|switch|p1a: Selene|Cresselia, F, shiny|75\/444
|move|p2a: Tyrantrum|Earthquake|p1a: Selene
|-immune|p1a: Selene|[msg]
|
|-heal|p1a: Selene|102\/444|[from] item: Leftovers
|turn|15
|callback|decision
|
|switch|p2a: Celebi|Celebi|327\/368
|switch|p1a: Farenheit|Heatran, M, shiny|296\/386
|
|-heal|p2a: Celebi|350\/368|[from] item: Leftovers
|turn|16
|callback|decision
|
|move|p2a: Celebi|Earth Power|p1a: Farenheit
|-supereffective|p1a: Farenheit
|-damage|p1a: Farenheit|0 fnt
|faint|p1a: Farenheit
|
|-heal|p2a: Celebi|368\/368|[from] item: Leftovers
|callback|decision
|
|switch|p1a: Selene|Cresselia, F, shiny|102\/444
|turn|17
|callback|decision
|
|move|p2a: Celebi|Giga Drain|p1a: Selene
|-damage|p1a: Selene|27\/444
|move|p1a: Selene|Moonlight|p1a: Selene
|-heal|p1a: Selene|249\/444
|
|-heal|p1a: Selene|276\/444|[from] item: Leftovers
|turn|18
|callback|decision
|
|move|p2a: Celebi|Nasty Plot|p2a: Celebi
|-boost|p2a: Celebi|spa|2
|move|p1a: Selene|Trick Room|p1a: Selene
|-fieldstart|move: Trick Room|[of] p1a: Selene
|
|-heal|p1a: Selene|303\/444|[from] item: Leftovers
|turn|19
|callback|decision
|
|switch|p1a: Braviary|Braviary, M|404\/404
|move|p2a: Celebi|Psychic|p1a: Braviary
|-damage|p1a: Braviary|53\/404
|
|-heal|p1a: Braviary|78\/404|[from] item: Leftovers
|turn|20
|callback|decision
|
|switch|p2a: Scizor|Scizor, F|344\/344
|move|p1a: Braviary|Superpower|p2a: Scizor
|-damage|p2a: Scizor|183\/344
|-unboost|p1a: Braviary|atk|1
|-unboost|p1a: Braviary|def|1
|
|-heal|p1a: Braviary|103\/404|[from] item: Leftovers
|turn|21
|callback|decision
|
|move|p2a: Scizor|Bullet Punch|p1a: Braviary
|-damage|p1a: Braviary|0 fnt
|faint|p1a: Braviary
|
|callback|decision
|
|switch|p1a: Hercules|Heracross, M|264\/364
|-formechange|p1a: Hercules|Heracross-Mega
|turn|22
|callback|decision
|
|move|p2a: Scizor|Bullet Punch|p1a: Hercules
|-damage|p1a: Hercules|99\/364
|move|p1a: Hercules|Arm Thrust|p2a: Scizor
|-damage|p2a: Scizor|147\/344
|-damage|p2a: Scizor|105\/344
|-damage|p2a: Scizor|69\/344
|-damage|p2a: Scizor|33\/344
|-damage|p2a: Scizor|0 fnt
|-hitcount|p2a: Scizor|5
|faint|p2a: Scizor
|
|-fieldend|move: Trick Room
|callback|decision
|
|switch|p2a: Celebi|Celebi|368\/368
|turn|23
|callback|decision
|
|switch|p1a: Selene|Cresselia, F, shiny|303\/444
|move|p2a: Celebi|Psychic|p1a: Selene
|-resisted|p1a: Selene
|-damage|p1a: Selene|257\/444
|
|-heal|p1a: Selene|284\/444|[from] item: Leftovers
|turn|24
|callback|decision
|
|move|p2a: Celebi|Nasty Plot|p2a: Celebi
|-boost|p2a: Celebi|spa|2
|move|p1a: Selene|Trick Room|p1a: Selene
|-fieldstart|move: Trick Room|[of] p1a: Selene
|
|-heal|p1a: Selene|311\/444|[from] item: Leftovers
|turn|25
|callback|decision
|
|move|p1a: Selene|Lunar Dance|p1a: Selene
|faint|p1a: Selene
|move|p2a: Celebi|Psychic|p1: Selene|[notarget]
|-notarget
|
|callback|decision
|
|switch|p1a: Hercules|Heracross, M|99\/364
|-formechange|p1a: Hercules|Heracross-Mega
|-heal|p1a: Hercules|364\/364|[from] move: Lunar Dance
|turn|26
|callback|decision
|
|switch|p2a: Blissey|Blissey, F|548\/651
|move|p1a: Hercules|Arm Thrust|p2a: Blissey
|-supereffective|p2a: Blissey
|-damage|p2a: Blissey|402\/651
|-supereffective|p2a: Blissey
|-damage|p2a: Blissey|256\/651
|-supereffective|p2a: Blissey
|-damage|p2a: Blissey|110\/651
|-supereffective|p2a: Blissey
|-damage|p2a: Blissey|0 fnt
|-hitcount|p2a: Blissey|4
|faint|p2a: Blissey
|
|callback|decision
|
|switch|p2a: Tyrantrum|Tyrantrum, M|306\/306
|turn|27
|callback|decision
|
|move|p1a: Hercules|Arm Thrust|p2a: Tyrantrum
|-supereffective|p2a: Tyrantrum
|-damage|p2a: Tyrantrum|244\/306
|-supereffective|p2a: Tyrantrum
|-damage|p2a: Tyrantrum|182\/306
|-supereffective|p2a: Tyrantrum
|-damage|p2a: Tyrantrum|114\/306
|-supereffective|p2a: Tyrantrum
|-damage|p2a: Tyrantrum|46\/306
|-supereffective|p2a: Tyrantrum
|-damage|p2a: Tyrantrum|0 fnt
|-hitcount|p2a: Tyrantrum|5
|faint|p2a: Tyrantrum
|
|callback|decision
|
|switch|p2a: Celebi|Celebi|368\/368
|turn|28
|callback|decision
|chat|DrZombieologist|yeah gg
|chat|MintyShade|gg
|
|move|p1a: Hercules|Pin Missile|p2a: Celebi
|-supereffective|p2a: Celebi
|-damage|p2a: Celebi|128\/368
|-crit|p2a: Celebi
|-supereffective|p2a: Celebi
|-damage|p2a: Celebi|0 fnt
|-hitcount|p2a: Celebi|2
|faint|p2a: Celebi
|
|win|DrZombieologist
|raw|Ladder updating...
|leave|MintyShade
|chat|DrZombieologist|yup
|player|p2