|join|MintyShade
|join|RyÅ«ten
|player|p1|MintyShade|169
|player|p2|RyÅ«ten|141
|gametype|singles
|tier|Pokebank OU (beta)
|rated
|clearpoke
|poke|p1|Victini
|poke|p1|Porygon2
|poke|p1|Alakazam, F
|poke|p1|Registeel
|poke|p1|Suicune
|poke|p1|Sylveon, M
|poke|p2|Gyarados, M
|poke|p2|Espeon, F
|poke|p2|Galvantula, M
|poke|p2|Heatran, M
|poke|p2|Gengar, M
|poke|p2|Dragonite, M
|rule|Sleep Clause Mod: Limit one foe put to sleep
|rule|Species Clause: Limit one of each Pokemon
|rule|Moody Clause: Moody is banned
|rule|OHKO Clause: OHKO moves are banned
|rule|Evasion Moves Clause: Evasion moves are banned
|rule|HP Percentage Mod: HP is reported as percentages
|teampreview
|callback|decision
|
|start
|switch|p1a: Victini|Victini|341\/341
|switch|p2a: Galvantula|Galvantula, M|282\/282
|turn|1
|callback|decision
|
|move|p2a: Galvantula|Sticky Web|p1a: Victini
|-sidestart|p1: MintyShade|move: Sticky Web
|move|p1a: Victini|U-turn|p2a: Galvantula
|-damage|p2a: Galvantula|119\/282
|callback|decision
|
|switch|p1a: Porygon2|Porygon2|374\/374
|-activate|p1a: Porygon2|move: Sticky Web
|-unboost|p1a: Porygon2|spe|1
|-ability|p1a: Porygon2|Compound Eyes|[from] ability: Trace|[of] p2a: Galvantula
|
|turn|2
|callback|decision
|
|move|p2a: Galvantula|Thunder|p1a: Porygon2
|-damage|p1a: Porygon2|275\/374
|move|p1a: Porygon2|Discharge|p2a: Galvantula
|-resisted|p2a: Galvantula
|-damage|p2a: Galvantula|70\/282
|
|turn|3
|callback|decision
|
|move|p2a: Galvantula|Thunder|p1a: Porygon2
|-damage|p1a: Porygon2|167\/374
|move|p1a: Porygon2|Recover|p1a: Porygon2
|-heal|p1a: Porygon2|354\/374
|
|turn|4
|callback|decision
|
|move|p2a: Galvantula|Thunder|p1a: Porygon2|[miss]
|-miss|p2a: Galvantula|p1a: Porygon2
|move|p1a: Porygon2|Discharge|p2a: Galvantula
|-resisted|p2a: Galvantula
|-damage|p2a: Galvantula|20\/282
|
|turn|5
|callback|decision
|
|move|p2a: Galvantula|Thunder|p1a: Porygon2
|-damage|p1a: Porygon2|252\/374
|move|p1a: Porygon2|Discharge|p2a: Galvantula
|-resisted|p2a: Galvantula
|-damage|p2a: Galvantula|0 fnt
|faint|p2a: Galvantula
|
|callback|decision
|
|switch|p2a: Gengar|Gengar, M|262\/262
|turn|6
|callback|decision
|
|move|p2a: Gengar|Shadow Ball|p1a: Porygon2
|-immune|p1a: Porygon2|[msg]
|move|p1a: Porygon2|Discharge|p2a: Gengar
|-damage|p2a: Gengar|185\/262
|-status|p2a: Gengar|par
|
|-heal|p2a: Gengar|201\/262 par|[from] item: Leftovers
|turn|7
|callback|decision
|chat|RyÅ«ten|oops
|
|move|p1a: Porygon2|Recover|p1a: Porygon2
|-heal|p1a: Porygon2|374\/374
|move|p2a: Gengar|Focus Blast|p1a: Porygon2
|-crit|p1a: Porygon2
|-supereffective|p1a: Porygon2
|-damage|p1a: Porygon2|56\/374
|
|-heal|p2a: Gengar|217\/262 par|[from] item: Leftovers
|turn|8
|callback|decision
|
|move|p1a: Porygon2|Recover|p1a: Porygon2
|-heal|p1a: Porygon2|243\/374
|move|p2a: Gengar|Focus Blast|p1a: Porygon2
|-supereffective|p1a: Porygon2
|-damage|p1a: Porygon2|33\/374
|
|-heal|p2a: Gengar|233\/262 par|[from] item: Leftovers
|turn|9
|callback|decision
|chat|RyÅ«ten|o.o
|
|move|p1a: Porygon2|Recover|p1a: Porygon2
|-heal|p1a: Porygon2|220\/374
|cant|p2a: Gengar|par
|
|-heal|p2a: Gengar|249\/262 par|[from] item: Leftovers
|turn|10
|callback|decision
|
|move|p1a: Porygon2|Recover|p1a: Porygon2
|-heal|p1a: Porygon2|374\/374
|cant|p2a: Gengar|par
|
|-heal|p2a: Gengar|262\/262 par|[from] item: Leftovers
|turn|11
|callback|decision
|
|move|p1a: Porygon2|Ice Beam|p2a: Gengar
|-damage|p2a: Gengar|164\/262 par
|move|p2a: Gengar|Focus Blast|p1a: Porygon2
|-supereffective|p1a: Porygon2
|-damage|p1a: Porygon2|188\/374
|
|-heal|p2a: Gengar|180\/262 par|[from] item: Leftovers
|turn|12
|callback|decision
|
|move|p1a: Porygon2|Recover|p1a: Porygon2
|-heal|p1a: Porygon2|374\/374
|cant|p2a: Gengar|par
|
|-heal|p2a: Gengar|196\/262 par|[from] item: Leftovers
|turn|13
|callback|decision
|
|move|p1a: Porygon2|Ice Beam|p2a: Gengar
|-damage|p2a: Gengar|106\/262 par
|move|p2a: Gengar|Thunderbolt|p1a: Porygon2
|-damage|p1a: Porygon2|292\/374
|
|-heal|p2a: Gengar|122\/262 par|[from] item: Leftovers
|turn|14
|callback|decision
|
|move|p1a: Porygon2|Ice Beam|p2a: Gengar
|-damage|p2a: Gengar|33\/262 par
|move|p2a: Gengar|Destiny Bond|p2a: Gengar
|-singlemove|p2a: Gengar|Destiny Bond
|
|-heal|p2a: Gengar|49\/262 par|[from] item: Leftovers
|turn|15
|callback|decision
|
|move|p1a: Porygon2|Recover|p1a: Porygon2
|-heal|p1a: Porygon2|374\/374
|move|p2a: Gengar|Shadow Ball|p1a: Porygon2
|-immune|p1a: Porygon2|[msg]
|
|-heal|p2a: Gengar|65\/262 par|[from] item: Leftovers
|turn|16
|callback|decision
|
|move|p1a: Porygon2|Ice Beam|p2a: Gengar
|-damage|p2a: Gengar|0 fnt
|faint|p2a: Gengar
|
|callback|decision
|
|switch|p2a: Gyarados|Gyarados, M|331\/331
|turn|17
|callback|decision
|
|switch|p2a: Espeon|Espeon, F|272\/272
|move|p1a: Porygon2|Discharge|p2a: Espeon
|-damage|p2a: Espeon|206\/272
|
|-heal|p2a: Espeon|223\/272|[from] item: Leftovers
|turn|18
|callback|decision
|
|move|p2a: Espeon|Calm Mind|p2a: Espeon
|-boost|p2a: Espeon|spa|1
|-boost|p2a: Espeon|spd|1
|move|p1a: Porygon2|Discharge|p2a: Espeon
|-damage|p2a: Espeon|181\/272
|
|-heal|p2a: Espeon|198\/272|[from] item: Leftovers
|turn|19
|callback|decision
|
|move|p2a: Espeon|Calm Mind|p2a: Espeon
|-boost|p2a: Espeon|spa|1
|-boost|p2a: Espeon|spd|1
|move|p1a: Porygon2|Discharge|p2a: Espeon
|-damage|p2a: Espeon|161\/272
|
|-heal|p2a: Espeon|178\/272|[from] item: Leftovers
|turn|20
|callback|decision
|
|switch|p1a: Victini|Victini|341\/341
|-activate|p1a: Victini|move: Sticky Web
|-unboost|p1a: Victini|spe|1
|move|p2a: Espeon|Psychic|p1a: Victini
|-resisted|p1a: Victini
|-damage|p1a: Victini|176\/341
|
|-heal|p2a: Espeon|195\/272|[from] item: Leftovers
|turn|21
|callback|decision
|
|move|p2a: Espeon|Shadow Ball|p1a: Victini
|-supereffective|p1a: Victini
|-damage|p1a: Victini|0 fnt
|faint|p1a: Victini
|
|-heal|p2a: Espeon|212\/272|[from] item: Leftovers
|callback|decision
|
|switch|p1a: Alakazam|Alakazam, F|252\/252
|-activate|p1a: Alakazam|move: Sticky Web
|-unboost|p1a: Alakazam|spe|1
|turn|22
|callback|decision
|
|-formechange|p1a: Alakazam|Alakazam-Mega
|message|Alakazam has Mega Evolved into Mega Alakazam!
|-ability|p1a: Alakazam|Magic Bounce|[from] ability: Trace|[of] p2a: Espeon
|move|p2a: Espeon|Shadow Ball|p1a: Alakazam
|-supereffective|p1a: Alakazam
|-damage|p1a: Alakazam|0 fnt
|faint|p1a: Alakazam
|
|-heal|p2a: Espeon|229\/272|[from] item: Leftovers
|callback|decision
|
|switch|p1a: Registeel|Registeel|364\/364
|-activate|p1a: Registeel|move: Sticky Web
|-fail|p1a: Registeel|unboost|[from] ability: Clear Body|[of] p1a: Registeel
|turn|23
|callback|decision
|
|move|p2a: Espeon|Hidden Power|p1a: Registeel
|-supereffective|p1a: Registeel
|-damage|p1a: Registeel|148\/364
|move|p1a: Registeel|Seismic Toss|p2a: Espeon
|-damage|p2a: Espeon|129\/272
|
|-heal|p2a: Espeon|146\/272|[from] item: Leftovers
|-heal|p1a: Registeel|170\/364|[from] item: Leftovers
|turn|24
|callback|decision
|
|move|p2a: Espeon|Hidden Power|p1a: Registeel
|-supereffective|p1a: Registeel
|-damage|p1a: Registeel|0 fnt
|faint|p1a: Registeel
|
|-heal|p2a: Espeon|163\/272|[from] item: Leftovers
|callback|decision
|
|switch|p1a: Sylveon|Sylveon, M|394\/394
|-activate|p1a: Sylveon|move: Sticky Web
|-unboost|p1a: Sylveon|spe|1
|turn|25
|callback|decision
|
|move|p2a: Espeon|Psychic|p1a: Sylveon
|-damage|p1a: Sylveon|133\/394
|move|p1a: Sylveon|Hyper Voice|p2a: Espeon
|-damage|p2a: Espeon|90\/272
|
|-heal|p2a: Espeon|107\/272|[from] item: Leftovers
|-heal|p1a: Sylveon|157\/394|[from] item: Leftovers
|turn|26
|callback|decision
|
|move|p2a: Espeon|Psychic|p1a: Sylveon
|-damage|p1a: Sylveon|0 fnt
|faint|p1a: Sylveon
|
|-heal|p2a: Espeon|124\/272|[from] item: Leftovers
|callback|decision
|
|switch|p1a: Suicune|Suicune|404\/404
|-activate|p1a: Suicune|move: Sticky Web
|-unboost|p1a: Suicune|spe|1
|-ability|p1a: Suicune|Pressure
|turn|27
|callback|decision
|
|move|p2a: Espeon|Calm Mind|p2a: Espeon
|-boost|p2a: Espeon|spa|1
|-boost|p2a: Espeon|spd|1
|move|p1a: Suicune|Scald|p2a: Espeon
|-damage|p2a: Espeon|87\/272
|
|-heal|p2a: Espeon|104\/272|[from] item: Leftovers
|turn|28
|callback|decision
|
|move|p2a: Espeon|Psychic|p1a: Suicune
|-damage|p1a: Suicune|71\/404
|move|p1a: Suicune|Calm Mind|p1a: Suicune
|-boost|p1a: Suicune|spa|1
|-boost|p1a: Suicune|spd|1
|
|-heal|p2a: Espeon|121\/272|[from] item: Leftovers
|-heal|p1a: Suicune|96\/404|[from] item: Leftovers
|turn|29
|callback|decision
|
|move|p2a: Espeon|Psychic|p1a: Suicune
|-damage|p1a: Suicune|0 fnt
|faint|p1a: Suicune
|
|-heal|p2a: Espeon|138\/272|[from] item: Leftovers
|callback|decision
|chat|MintyShade|gg
|-message|MintyShade forfeited.
|
|win|RyÅ«ten
|raw|Ladder updating...
|leave|MintyShade
|player|p1
|raw|MintyShade's rating: 1623 &rarr; <strong>1618<\/strong><br \/>(-5 for losing)
|raw|RyÅ«ten's rating: 1376 &rarr; <strong>1398<\/strong><br \/>(+22 for winning)