|join|wish killer
|join|Robbenwithlasers
|player|p1|wish killer|288
|player|p2|Robbenwithlasers|266
|gametype|singles
|gen|6
|tier|OU
|rated
|clearpoke
|poke|p1|Bisharp, F
|poke|p1|Venusaur, M
|poke|p1|Heatran, F
|poke|p1|Keldeo
|poke|p1|Chansey, F
|poke|p1|Skarmory, F
|poke|p2|Venusaur, M
|poke|p2|Keldeo
|poke|p2|Heatran, F
|poke|p2|Clefable, M
|poke|p2|Bisharp, F
|poke|p2|Landorus-Therian, M
|rule|Swagger Clause: Swagger is banned
|rule|Baton Pass Clause: Limit one PokÃ©mon knowing Baton Pass
|rule|Sleep Clause Mod: Limit one foe put to sleep
|rule|Species Clause: Limit one of each PokÃ©mon
|rule|OHKO Clause: OHKO moves are banned
|rule|Moody Clause: Moody is banned
|rule|Evasion Moves Clause: Evasion moves are banned
|rule|Endless Battle Clause: Forcing endless battles is banned
|rule|HP Percentage Mod: HP is shown in percentages
|teampreview
|
|start
|switch|p1a: Heatran|Heatran, F|340\/340
|switch|p2a: Heatran|Heatran, F|385\/385
|-item|p1a: Heatran|Air Balloon
|-item|p2a: Heatran|Air Balloon
|turn|1
|
|move|p1a: Heatran|Stealth Rock|p2a: Heatran
|-sidestart|p2: Robbenwithlasers|move: Stealth Rock
|move|p2a: Heatran|Stealth Rock|p1a: Heatran
|-sidestart|p1: wish killer|move: Stealth Rock
|
|turn|2
|
|move|p1a: Heatran|Taunt|p2a: Heatran
|-start|p2a: Heatran|move: Taunt
|move|p2a: Heatran|Lava Plume|p1a: Heatran
|-start|p1a: Heatran|ability: Flash Fire
|
|turn|3
|
|move|p1a: Heatran|Fire Blast|p2a: Heatran
|-start|p2a: Heatran|ability: Flash Fire
|move|p2a: Heatran|Lava Plume|p1a: Heatran
|-immune|p1a: Heatran|[msg]
|
|turn|4
|
|move|p1a: Heatran|Taunt|p2a: Heatran
|-fail|p2a: Heatran
|move|p2a: Heatran|Lava Plume|p1a: Heatran
|-immune|p1a: Heatran|[msg]
|
|-end|p2a: Heatran|move: Taunt
|turn|5
|
|move|p1a: Heatran|Toxic|p2a: Heatran
|-fail|p2a: Heatran
|move|p2a: Heatran|Toxic|p1a: Heatran
|-fail|p1a: Heatran
|
|turn|6
|
|switch|p2a: Clefable|Clefable, M|394\/394
|move|p1a: Heatran|Taunt|p2a: Clefable
|-start|p2a: Clefable|move: Taunt
|
|turn|7
|
|switch|p2a: Heatran|Heatran, F|385\/385
|-damage|p2a: Heatran|337\/385|[from] Stealth Rock
|-item|p2a: Heatran|Air Balloon
|move|p1a: Heatran|Fire Blast|p2a: Heatran
|-start|p2a: Heatran|ability: Flash Fire
|
|turn|8
|
|move|p1a: Heatran|Taunt|p2a: Heatran
|-start|p2a: Heatran|move: Taunt
|cant|p2a: Heatran|move: Taunt|Toxic
|
|turn|9
|
|switch|p2a: Clefable|Clefable, M|394\/394
|move|p1a: Heatran|Stealth Rock|p2a: Clefable
|-fail|p2a: Clefable
|
|turn|10
|
|switch|p2a: Keldeo|Keldeo|323\/323
|-damage|p2a: Keldeo|303\/323|[from] Stealth Rock
|move|p1a: Heatran|Taunt|p2a: Keldeo
|-start|p2a: Keldeo|move: Taunt
|
|turn|11
|
|switch|p1a: Venusaur|Venusaur, M|364\/364
|-damage|p1a: Venusaur|319\/364|[from] Stealth Rock
|move|p2a: Keldeo|Scald|p1a: Venusaur
|-resisted|p1a: Venusaur
|-damage|p1a: Venusaur|207\/364
|
|turn|12
|
|switch|p2a: Heatran|Heatran, F|337\/385
|-damage|p2a: Heatran|289\/385|[from] Stealth Rock
|-item|p2a: Heatran|Air Balloon
|detailschange|p1a: Venusaur|Venusaur-Mega, M
|message|Venusaur has Mega Evolved into Mega Venusaur!
|move|p1a: Venusaur|Leech Seed|p2a: Heatran
|-start|p2a: Heatran|move: Leech Seed
|
|-damage|p2a: Heatran|241\/385|[from] Leech Seed|[of] p1a: Venusaur
|-heal|p1a: Venusaur|255\/364|[silent]
|turn|13
|
|switch|p2a: Venusaur|Venusaur, M|364\/364
|-damage|p2a: Venusaur|319\/364|[from] Stealth Rock
|move|p1a: Venusaur|Giga Drain|p2a: Venusaur
|-resisted|p2a: Venusaur
|-damage|p2a: Venusaur|292\/364
|-heal|p1a: Venusaur|269\/364|[from] drain|[of] p2a: Venusaur
|
|turn|14
|
|switch|p1a: Skarmory|Skarmory, F|334\/334
|-damage|p1a: Skarmory|293\/334|[from] Stealth Rock
|detailschange|p2a: Venusaur|Venusaur-Mega, M
|message|Venusaur has Mega Evolved into Mega Venusaur!
|move|p2a: Venusaur|Giga Drain|p1a: Skarmory
|-resisted|p1a: Skarmory
|-damage|p1a: Skarmory|255\/334
|-heal|p2a: Venusaur|311\/364|[from] drain|[of] p1a: Skarmory
|
|turn|15
|
|move|p2a: Venusaur|Hidden Power|p1a: Skarmory
|-supereffective|p1a: Skarmory
|-damage|p1a: Skarmory|83\/334
|move|p1a: Skarmory|Spikes|p2a: Venusaur
|-sidestart|p2: Robbenwithlasers|Spikes
|
|turn|16
|
|switch|p1a: Chansey|Chansey, F|684\/684
|-damage|p1a: Chansey|599\/684|[from] Stealth Rock
|move|p2a: Venusaur|Hidden Power|p1a: Chansey
|-damage|p1a: Chansey|558\/684
|
|turn|17
|
|move|p2a: Venusaur|Giga Drain|p1a: Chansey
|-damage|p1a: Chansey|470\/684
|-heal|p2a: Venusaur|355\/364|[from] drain|[of] p1a: Chansey
|move|p1a: Chansey|Seismic Toss|p2a: Venusaur
|-damage|p2a: Venusaur|255\/364
|
|turn|18
|
|switch|p2a: Keldeo|Keldeo|303\/323
|-damage|p2a: Keldeo|263\/323|[from] Spikes
|-damage|p2a: Keldeo|243\/323|[from] Stealth Rock
|move|p1a: Chansey|Soft-Boiled|p1a: Chansey
|-heal|p1a: Chansey|684\/684
|
|turn|19
|
|switch|p2a: Bisharp|Bisharp, F|272\/272
|-damage|p2a: Bisharp|238\/272|[from] Spikes
|-damage|p2a: Bisharp|221\/272|[from] Stealth Rock
|switch|p1a: Venusaur|Venusaur-Mega, M|269\/364
|-damage|p1a: Venusaur|224\/364|[from] Stealth Rock
|
|turn|20
|
|move|p2a: Bisharp|Iron Head|p1a: Venusaur
|-damage|p1a: Venusaur|137\/364
|move|p1a: Venusaur|Synthesis|p1a: Venusaur
|-heal|p1a: Venusaur|319\/364
|
|turn|21
|
|switch|p2a: Venusaur|Venusaur-Mega, M|255\/364
|-damage|p2a: Venusaur|210\/364|[from] Stealth Rock
|-damage|p2a: Venusaur|165\/364|[from] Spikes
|move|p1a: Venusaur|Leech Seed|p2a: Venusaur
|-immune|p2a: Venusaur|[msg]
|
|turn|22
|
|switch|p1a: Chansey|Chansey, F|684\/684
|-damage|p1a: Chansey|599\/684|[from] Stealth Rock
|move|p2a: Venusaur|Synthesis|p2a: Venusaur
|-heal|p2a: Venusaur|347\/364
|
|turn|23
|
|switch|p2a: Clefable|Clefable, M|394\/394
|move|p1a: Chansey|Seismic Toss|p2a: Clefable
|-damage|p2a: Clefable|294\/394
|
|-heal|p2a: Clefable|318\/394|[from] item: Leftovers
|turn|24
|
|switch|p1a: Bisharp|Bisharp, F|334\/334
|-damage|p1a: Bisharp|314\/334|[from] Stealth Rock
|move|p2a: Clefable|Moonblast|p1a: Bisharp
|-damage|p1a: Bisharp|182\/334
|
|-heal|p1a: Bisharp|202\/334|[from] item: Leftovers
|-heal|p2a: Clefable|342\/394|[from] item: Leftovers
|turn|25
|
|move|p1a: Bisharp|Knock Off|p2a: Clefable
|-resisted|p2a: Clefable
|-damage|p2a: Clefable|266\/394
|-enditem|p2a: Clefable|Leftovers|[from] move: Knock Off|[of] p1a: Bisharp
|move|p2a: Clefable|Flamethrower|p1a: Bisharp
|-supereffective|p1a: Bisharp
|-damage|p1a: Bisharp|22\/334
|
|-heal|p1a: Bisharp|42\/334|[from] item: Leftovers
|turn|26
|
|switch|p2a: Keldeo|Keldeo|243\/323
|-damage|p2a: Keldeo|203\/323|[from] Spikes
|-damage|p2a: Keldeo|183\/323|[from] Stealth Rock
|move|p1a: Bisharp|Iron Head|p2a: Keldeo
|-resisted|p2a: Keldeo
|-damage|p2a: Keldeo|99\/323
|
|-heal|p1a: Bisharp|62\/334|[from] item: Leftovers
|turn|27
|
|switch|p1a: Venusaur|Venusaur-Mega, M|319\/364
|-damage|p1a: Venusaur|274\/364|[from] Stealth Rock
|move|p2a: Keldeo|Scald|p1a: Venusaur
|-resisted|p1a: Venusaur
|-damage|p1a: Venusaur|187\/364
|
|turn|28
|
|switch|p2a: Heatran|Heatran, F|241\/385
|-damage|p2a: Heatran|193\/385|[from] Stealth Rock
|-item|p2a: Heatran|Air Balloon
|move|p1a: Venusaur|Giga Drain|p2a: Heatran
|-resisted|p2a: Heatran
|-damage|p2a: Heatran|176\/385
|-heal|p1a: Venusaur|196\/364|[from] drain|[of] p2a: Heatran
|-enditem|p2a: Heatran|Air Balloon
|
|turn|29
|
|move|p1a: Venusaur|Leech Seed|p2a: Heatran|[miss]
|-miss|p1a: Venusaur|p2a: Heatran
|move|p2a: Heatran|Lava Plume|p1a: Venusaur
|-supereffective|p1a: Venusaur
|-damage|p1a: Venusaur|94\/364
|-status|p1a: Venusaur|brn
|
|-damage|p1a: Venusaur|49\/364 brn|[from] brn
|turn|30
|
|move|p1a: Venusaur|Synthesis|p1a: Venusaur
|-heal|p1a: Venusaur|231\/364 brn
|move|p2a: Heatran|Lava Plume|p1a: Venusaur
|-supereffective|p1a: Venusaur
|-damage|p1a: Venusaur|123\/364 brn
|
|-damage|p1a: Venusaur|78\/364 brn|[from] brn
|turn|31
|
|move|p1a: Venusaur|Synthesis|p1a: Venusaur
|-heal|p1a: Venusaur|260\/364 brn
|move|p2a: Heatran|Lava Plume|p1a: Venusaur
|-supereffective|p1a: Venusaur
|-damage|p1a: Venusaur|158\/364 brn
|
|-damage|p1a: Venusaur|113\/364 brn|[from] brn
|turn|32
|
|move|p1a: Venusaur|Synthesis|p1a: Venusaur
|-heal|p1a: Venusaur|295\/364 brn
|move|p2a: Heatran|Lava Plume|p1a: Venusaur
|-supereffective|p1a: Venusaur
|-damage|p1a: Venusaur|197\/364 brn
|
|-damage|p1a: Venusaur|152\/364 brn|[from] brn
|turn|33
|
|move|p1a: Venusaur|Leech Seed|p2a: Heatran
|-start|p2a: Heatran|move: Leech Seed
|move|p2a: Heatran|Lava Plume|p1a: Venusaur
|-supereffective|p1a: Venusaur
|-damage|p1a: Venusaur|44\/364 brn
|
|-damage|p2a: Heatran|128\/385|[from] Leech Seed|[of] p1a: Venusaur
|-heal|p1a: Venusaur|92\/364 brn|[silent]
|-damage|p1a: Venusaur|47\/364 brn|[from] brn
|turn|34
|
|switch|p2a: Venusaur|Venusaur-Mega, M|347\/364
|-damage|p2a: Venusaur|302\/364|[from] Stealth Rock
|-damage|p2a: Venusaur|257\/364|[from] Spikes
|move|p1a: Venusaur|Synthesis|p1a: Venusaur
|-heal|p1a: Venusaur|229\/364 brn
|
|-damage|p1a: Venusaur|184\/364 brn|[from] brn
|turn|35
|
|switch|p2a: Bisharp|Bisharp, F|221\/272
|-damage|p2a: Bisharp|187\/272|[from] Spikes
|-damage|p2a: Bisharp|170\/272|[from] Stealth Rock
|move|p1a: Venusaur|Synthesis|p1a: Venusaur
|-heal|p1a: Venusaur|364\/364 brn
|
|-damage|p1a: Venusaur|319\/364 brn|[from] brn
|turn|36
|
|switch|p2a: Venusaur|Venusaur-Mega, M|257\/364
|-damage|p2a: Venusaur|212\/364|[from] Stealth Rock
|-damage|p2a: Venusaur|167\/364|[from] Spikes
|move|p1a: Venusaur|Leech Seed|p2a: Venusaur
|-immune|p2a: Venusaur|[msg]
|
|-damage|p1a: Venusaur|274\/364 brn|[from] brn
|turn|37
|
|switch|p1a: Heatran|Heatran, F|340\/340
|-damage|p1a: Heatran|298\/340|[from] Stealth Rock
|-item|p1a: Heatran|Air Balloon
|move|p2a: Venusaur|Synthesis|p2a: Venusaur
|-heal|p2a: Venusaur|349\/364
|
|turn|38
|
|move|p1a: Heatran|Fire Blast|p2a: Venusaur
|-supereffective|p2a: Venusaur
|-damage|p2a: Venusaur|193\/364
|move|p2a: Venusaur|Giga Drain|p1a: Heatran
|-resisted|p1a: Heatran
|-damage|p1a: Heatran|264\/340
|-heal|p2a: Venusaur|210\/364|[from] drain|[of] p1a: Heatran
|-enditem|p1a: Heatran|Air Balloon
|
|turn|39
|
|move|p1a: Heatran|Taunt|p2a: Venusaur
|-start|p2a: Venusaur|move: Taunt
|cant|p2a: Venusaur|move: Taunt|Synthesis
|
|turn|40
|
|switch|p2a: Heatran|Heatran, F|128\/385
|-damage|p2a: Heatran|80\/385|[from] Stealth Rock
|-damage|p2a: Heatran|32\/385|[from] Spikes
|move|p1a: Heatran|Fire Blast|p2a: Heatran
|-start|p2a: Heatran|ability: Flash Fire
|
|turn|41
|
|move|p1a: Heatran|Taunt|p2a: Heatran
|-start|p2a: Heatran|move: Taunt
|move|p2a: Heatran|Lava Plume|p1a: Heatran
|-start|p1a: Heatran|ability: Flash Fire
|
|turn|42
|
|move|p1a: Heatran|Stealth Rock|p2a: Heatran
|-fail|p2a: Heatran
|move|p2a: Heatran|Lava Plume|p1a: Heatran
|-immune|p1a: Heatran|[msg]
|
|turn|43
|
|move|p1a: Heatran|Stealth Rock|p2a: Heatran
|-fail|p2a: Heatran
|move|p2a: Heatran|Lava Plume|p1a: Heatran
|-immune|p1a: Heatran|[msg]
|
|-end|p2a: Heatran|move: Taunt
|turn|44
|
|move|p1a: Heatran|Taunt|p2a: Heatran
|-start|p2a: Heatran|move: Taunt
|move|p2a: Heatran|Lava Plume|p1a: Heatran
|-immune|p1a: Heatran|[msg]
|
|turn|45
|
|switch|p2a: Landorus-Therian|Landorus-Therian, M|320\/320
|-damage|p2a: Landorus-Therian|280\/320|[from] Stealth Rock
|-ability|p2a: Landorus-Therian|Intimidate|[of] p1a: Heatran
|-unboost|p1a: Heatran|atk|1
|move|p1a: Heatran|Stealth Rock|p2a: Landorus-Therian
|-fail|p2a: Landorus-Therian
|
|turn|46
|
|move|p2a: Landorus-Therian|Stone Edge|p1a: Heatran
|-damage|p1a: Heatran|163\/340
|move|p1a: Heatran|Fire Blast|p2a: Landorus-Therian
|-damage|p2a: Landorus-Therian|0 fnt
|faint|p2a: Landorus-Therian
|
|
|switch|p2a: Keldeo|Keldeo|99\/323
|-damage|p2a: Keldeo|59\/323|[from] Spikes
|-damage|p2a: Keldeo|39\/323|[from] Stealth Rock
|turn|47
|
|switch|p1a: Venusaur|Venusaur-Mega, M|274\/364 brn
|-damage|p1a: Venusaur|229\/364 brn|[from] Stealth Rock
|move|p2a: Keldeo|Scald|p1a: Venusaur
|-resisted|p1a: Venusaur
|-damage|p1a: Venusaur|138\/364 brn
|
|-damage|p1a: Venusaur|93\/364 brn|[from] brn
|turn|48
|
|move|p2a: Keldeo|Scald|p1a: Venusaur
|-resisted|p1a: Venusaur
|-damage|p1a: Venusaur|0 fnt
|faint|p1a: Venusaur
|
|
|switch|p1a: Chansey|Chansey, F|599\/684
|-damage|p1a: Chansey|514\/684|[from] Stealth Rock
|turn|49
|
|switch|p2a: Clefable|Clefable, M|266\/394
|move|p1a: Chansey|Soft-Boiled|p1a: Chansey
|-heal|p1a: Chansey|684\/684
|
|turn|50
|
|move|p2a: Clefable|Moonblast|p1a: Chansey
|-damage|p1a: Chansey|618\/684
|move|p1a: Chansey|Thunder Wave|p2a: Clefable
|-status|p2a: Clefable|par
|
|turn|51
|
|move|p1a: Chansey|Seismic Toss|p2a: Clefable
|-damage|p2a: Clefable|166\/394 par
|move|p2a: Clefable|Moonblast|p1a: Chansey
|-damage|p1a: Chansey|549\/684
|
|turn|52
|
|move|p1a: Chansey|Seismic Toss|p2a: Clefable
|-damage|p2a: Clefable|66\/394 par
|move|p2a: Clefable|Soft-Boiled|p2a: Clefable
|-heal|p2a: Clefable|263\/394 par
|
|turn|53
|
|move|p1a: Chansey|Seismic Toss|p2a: Clefable
|-damage|p2a: Clefable|163\/394 par
|cant|p2a: Clefable|par
|
|turn|54
|
|move|p1a: Chansey|Seismic Toss|p2a: Clefable
|-damage|p2a: Clefable|63\/394 par
|move|p2a: Clefable|Soft-Boiled|p2a: Clefable
|-heal|p2a: Clefable|260\/394 par
|
|turn|55
|
|switch|p1a: Skarmory|Skarmory, F|83\/334
|-damage|p1a: Skarmory|42\/334|[from] Stealth Rock
|move|p2a: Clefable|Soft-Boiled|p2a: Clefable
|-heal|p2a: Clefable|394\/394 par
|
|turn|56
|
|move|p1a: Skarmory|Roost|p1a: Skarmory
|-heal|p1a: Skarmory|209\/334
|move|p2a: Clefable|Flamethrower|p1a: Skarmory
|-supereffective|p1a: Skarmory
|-damage|p1a: Skarmory|67\/334
|
|turn|57
|
|move|p1a: Skarmory|Roost|p1a: Skarmory
|-heal|p1a: Skarmory|234\/334
|move|p2a: Clefable|Calm Mind|p2a: Clefable
|-boost|p2a: Clefable|spa|1
|-boost|p2a: Clefable|spd|1
|
|turn|58
|
|move|p1a: Skarmory|Spikes|p2a: Clefable
|-sidestart|p2: Robbenwithlasers|Spikes
|move|p2a: Clefable|Flamethrower|p1a: Skarmory
|-supereffective|p1a: Skarmory
|-damage|p1a: Skarmory|6\/334
|
|turn|59
|
|move|p1a: Skarmory|Spikes|p2a: Clefable
|-sidestart|p2: Robbenwithlasers|Spikes
|move|p2a: Clefable|Flamethrower|p1a: Skarmory
|-supereffective|p1a: Skarmory
|-damage|p1a: Skarmory|0 fnt
|faint|p1a: Skarmory
|
|join|LadderSoTall
|
|switch|p1a: Heatran|Heatran, F|163\/340
|-damage|p1a: Heatran|121\/340|[from] Stealth Rock
|turn|60
|
|move|p1a: Heatran|Fire Blast|p2a: Clefable
|-damage|p2a: Clefable|267\/394 par
|move|p2a: Clefable|Moonblast|p1a: Heatran
|-resisted|p1a: Heatran
|-damage|p1a: Heatran|82\/340
|
|turn|61
|
|move|p1a: Heatran|Taunt|p2a: Clefable
|-start|p2a: Clefable|move: Taunt
|move|p2a: Clefable|Moonblast|p1a: Heatran
|-resisted|p1a: Heatran
|-damage|p1a: Heatran|44\/340
|
|turn|62
|
|switch|p2a: Keldeo|Keldeo|39\/323
|-damage|p2a: Keldeo|19\/323|[from] Stealth Rock
|-damage|p2a: Keldeo|0 fnt|[from] Spikes
|faint|p2a: Keldeo
|move|p1a: Heatran|Fire Blast|p2: Keldeo|[notarget]
|-notarget
|
|
|switch|p2a: Bisharp|Bisharp, F|170\/272
|-damage|p2a: Bisharp|153\/272|[from] Stealth Rock
|-damage|p2a: Bisharp|85\/272|[from] Spikes
|turn|63
|
|move|p1a: Heatran|Fire Blast|p2a: Bisharp
|-supereffective|p2a: Bisharp
|-damage|p2a: Bisharp|0 fnt
|faint|p2a: Bisharp
|
|
|switch|p2a: Clefable|Clefable, M|267\/394 par
|turn|64
|-message|Robbenwithlasers forfeited.
|leave|Robbenwithlasers
|
|win|wish killer
|raw|Ladder updating...
|player|p2
|raw|wish killer's rating: 1722 &rarr; <strong>1740<\/strong><br \/>(+18 for winning)
|raw|Robbenwithlasers's rating: 1682 &rarr; <strong>1664<\/strong><br \/>(-18 for losing)