|join|Robbenwithlasers
|join|lil manaphy
|player|p1|Robbenwithlasers|170
|player|p2|lil manaphy|4
|gametype|singles
|gen|6
|tier|OU
|rated
|clearpoke
|poke|p1|Bisharp, M
|poke|p1|Landorus-Therian, M
|poke|p1|Gardevoir, F
|poke|p1|Keldeo
|poke|p1|Mew
|poke|p1|Ferrothorn, M
|poke|p2|Scizor, F
|poke|p2|Gothitelle, M
|poke|p2|Chansey, F
|poke|p2|Alomomola, F
|poke|p2|Cresselia, F
|poke|p2|Zapdos
|rule|Swagger Clause: Swagger is banned
|rule|Baton Pass Clause: Limit one PokÃ©mon knowing Baton Pass
|rule|Sleep Clause Mod: Limit one foe put to sleep
|rule|Species Clause: Limit one of each PokÃ©mon
|rule|OHKO Clause: OHKO moves are banned
|rule|Moody Clause: Moody is banned
|rule|Evasion Moves Clause: Evasion moves are banned
|rule|Endless Battle Clause: Forcing endless battles is banned
|rule|HP Percentage Mod: HP is shown in percentages
|teampreview
|
|start
|switch|p1a: Gardevoir|Gardevoir, F|277\/277
|switch|p2a: Zapdos|Zapdos|384\/384
|-ability|p1a: Gardevoir|Pressure|[from] ability: Trace|[of] p2a: Zapdos
|-ability|p1a: Gardevoir|Pressure
|-ability|p2a: Zapdos|Pressure
|turn|1
|
|switch|p2a: Chansey|Chansey, F|704\/704
|detailschange|p1a: Gardevoir|Gardevoir-Mega, F
|message|Gardevoir has Mega Evolved into Mega Gardevoir!
|move|p1a: Gardevoir|Hyper Voice|p2a: Chansey
|-damage|p2a: Chansey|557\/704
|
|turn|2
|
|switch|p1a: Bisharp|Bisharp, M|271\/271
|move|p2a: Chansey|Seismic Toss|p1a: Bisharp
|-damage|p1a: Bisharp|171\/271
|
|turn|3
|
|switch|p2a: Scizor|Scizor, F|344\/344
|move|p1a: Bisharp|Knock Off|p2a: Scizor
|-damage|p2a: Scizor|233\/344
|
|turn|4
|
|switch|p1a: Keldeo|Keldeo|322\/322
|detailschange|p2a: Scizor|Scizor-Mega, F
|message|Scizor has Mega Evolved into Mega Scizor!
|move|p2a: Scizor|Roost|p2a: Scizor
|-heal|p2a: Scizor|344\/344
|
|turn|5
|
|switch|p2a: Cresselia|Cresselia, F|444\/444
|move|p1a: Keldeo|Scald|p2a: Cresselia
|-damage|p2a: Cresselia|317\/444
|
|-heal|p2a: Cresselia|344\/444|[from] item: Leftovers
|turn|6
|
|switch|p1a: Ferrothorn|Ferrothorn, M|352\/352
|switch|p2a: Zapdos|Zapdos|384\/384
|-ability|p2a: Zapdos|Pressure
|
|turn|7
|
|switch|p1a: Mew|Mew|404\/404
|move|p2a: Zapdos|Heat Wave|p1a: Mew
|-damage|p1a: Mew|338\/404
|
|-heal|p1a: Mew|363\/404|[from] item: Leftovers
|turn|8
|
|move|p1a: Mew|Knock Off|p2a: Zapdos
|-crit|p2a: Zapdos
|-damage|p2a: Zapdos|287\/384
|-enditem|p2a: Zapdos|Leftovers|[from] move: Knock Off|[of] p1a: Mew
|move|p2a: Zapdos|Volt Switch|p1a: Mew
|-damage|p1a: Mew|290\/404
|
|switch|p2a: Gothitelle|Gothitelle, M|301\/301
|
|-heal|p1a: Mew|315\/404|[from] item: Leftovers
|turn|9
|
|move|p2a: Gothitelle|Trick|p1a: Mew
|-activate|p2a: Gothitelle|move: Trick|[of] p1a: Mew
|-item|p1a: Mew|Choice Scarf|[from] move: Trick
|-item|p2a: Gothitelle|Leftovers|[from] move: Trick
|move|p1a: Mew|Knock Off|p2a: Gothitelle
|-supereffective|p2a: Gothitelle
|-damage|p2a: Gothitelle|145\/301
|-enditem|p2a: Gothitelle|Leftovers|[from] move: Knock Off|[of] p1a: Mew
|
|turn|10
|
|switch|p2a: Scizor|Scizor-Mega, F|344\/344
|move|p1a: Mew|Knock Off|p2a: Scizor
|-damage|p2a: Scizor|316\/344
|
|turn|11
|
|switch|p1a: Keldeo|Keldeo|322\/322
|move|p2a: Scizor|Swords Dance|p2a: Scizor
|-boost|p2a: Scizor|atk|2
|
|turn|12
|
|switch|p2a: Chansey|Chansey, F|557\/704
|move|p1a: Keldeo|Scald|p2a: Chansey
|-damage|p2a: Chansey|418\/704
|-status|p2a: Chansey|brn
|
|-damage|p2a: Chansey|330\/704 brn|[from] brn
|turn|13
|
|switch|p1a: Ferrothorn|Ferrothorn, M|352\/352
|move|p2a: Chansey|Soft-Boiled|p2a: Chansey
|-heal|p2a: Chansey|682\/704 brn
|
|-damage|p2a: Chansey|594\/704 brn|[from] brn
|turn|14
|
|move|p2a: Chansey|Stealth Rock|p1a: Ferrothorn
|-sidestart|p1: Robbenwithlasers|move: Stealth Rock
|move|p1a: Ferrothorn|Stealth Rock|p2a: Chansey
|-sidestart|p2: lil manaphy|move: Stealth Rock
|
|-damage|p2a: Chansey|506\/704 brn|[from] brn
|turn|15
|
|switch|p2a: Scizor|Scizor-Mega, F|316\/344
|-damage|p2a: Scizor|273\/344|[from] Stealth Rock
|move|p1a: Ferrothorn|Leech Seed|p2a: Scizor
|-start|p2a: Scizor|move: Leech Seed
|
|-damage|p2a: Scizor|230\/344|[from] Leech Seed|[of] p1a: Ferrothorn
|turn|16
|
|switch|p1a: Keldeo|Keldeo|322\/322
|-damage|p1a: Keldeo|302\/322|[from] Stealth Rock
|move|p2a: Scizor|Roost|p2a: Scizor
|-heal|p2a: Scizor|344\/344
|
|-damage|p2a: Scizor|301\/344|[from] Leech Seed|[of] p1a: Keldeo
|-heal|p1a: Keldeo|322\/322|[silent]
|turn|17
|
|switch|p2a: Alomomola|Alomomola, F|534\/534
|-damage|p2a: Alomomola|468\/534|[from] Stealth Rock
|move|p1a: Keldeo|Scald|p2a: Alomomola
|-resisted|p2a: Alomomola
|-damage|p2a: Alomomola|270\/534
|-status|p2a: Alomomola|brn
|
|-heal|p2a: Alomomola|303\/534 brn|[from] item: Leftovers
|-damage|p2a: Alomomola|237\/534 brn|[from] brn
|turn|18
|
|switch|p1a: Gardevoir|Gardevoir-Mega, F|277\/277
|-damage|p1a: Gardevoir|243\/277|[from] Stealth Rock
|move|p2a: Alomomola|Toxic|p1a: Gardevoir
|-status|p1a: Gardevoir|tox
|
|-heal|p2a: Alomomola|270\/534 brn|[from] item: Leftovers
|-damage|p1a: Gardevoir|226\/277 tox|[from] psn
|-damage|p2a: Alomomola|204\/534 brn|[from] brn
|turn|19
|
|switch|p2a: Chansey|Chansey, F|506\/704
|-damage|p2a: Chansey|418\/704|[from] Stealth Rock
|move|p1a: Gardevoir|Future Sight|p2a: Chansey
|-start|p1a: Gardevoir|move: Future Sight
|
|-damage|p1a: Gardevoir|192\/277 tox|[from] psn
|turn|20
|
|switch|p1a: Keldeo|Keldeo|322\/322
|-damage|p1a: Keldeo|302\/322|[from] Stealth Rock
|move|p2a: Chansey|Soft-Boiled|p2a: Chansey
|-heal|p2a: Chansey|704\/704
|
|turn|21
|
|move|p1a: Keldeo|Scald|p2a: Chansey
|-damage|p2a: Chansey|562\/704
|-status|p2a: Chansey|brn
|move|p2a: Chansey|Soft-Boiled|p2a: Chansey
|-heal|p2a: Chansey|704\/704 brn
|
|-message|Future Sight hit! (placeholder)
|-damage|p2a: Chansey|527\/704 brn
|-damage|p2a: Chansey|439\/704 brn|[from] brn
|turn|22
|
|switch|p1a: Bisharp|Bisharp, M|171\/271
|-damage|p1a: Bisharp|155\/271|[from] Stealth Rock
|move|p2a: Chansey|Soft-Boiled|p2a: Chansey
|-heal|p2a: Chansey|704\/704 brn
|
|-damage|p2a: Chansey|616\/704 brn|[from] brn
|turn|23
|
|switch|p2a: Scizor|Scizor-Mega, F|301\/344
|-damage|p2a: Scizor|258\/344|[from] Stealth Rock
|move|p1a: Bisharp|Swords Dance|p1a: Bisharp
|-boost|p1a: Bisharp|atk|2
|
|turn|24
|
|move|p1a: Bisharp|Knock Off|p2a: Scizor
|-damage|p2a: Scizor|87\/344
|move|p2a: Scizor|Superpower|p1a: Bisharp
|-supereffective|p1a: Bisharp
|-damage|p1a: Bisharp|0 fnt
|-unboost|p2a: Scizor|atk|1
|-unboost|p2a: Scizor|def|1
|faint|p1a: Bisharp
|
|
|switch|p1a: Keldeo|Keldeo|302\/322
|-damage|p1a: Keldeo|282\/322|[from] Stealth Rock
|turn|25
|
|switch|p2a: Cresselia|Cresselia, F|344\/444
|-damage|p2a: Cresselia|289\/444|[from] Stealth Rock
|move|p1a: Keldeo|Scald|p2a: Cresselia
|-damage|p2a: Cresselia|153\/444
|
|-heal|p2a: Cresselia|180\/444|[from] item: Leftovers
|turn|26
|
|move|p1a: Keldeo|Scald|p2a: Cresselia
|-damage|p2a: Cresselia|57\/444
|-status|p2a: Cresselia|brn
|move|p2a: Cresselia|Moonlight|p2a: Cresselia
|-heal|p2a: Cresselia|279\/444 brn
|
|-heal|p2a: Cresselia|306\/444 brn|[from] item: Leftovers
|-damage|p2a: Cresselia|251\/444 brn|[from] brn
|turn|27
|
|switch|p1a: Gardevoir|Gardevoir-Mega, F|192\/277 tox
|-damage|p1a: Gardevoir|158\/277 tox|[from] Stealth Rock
|move|p2a: Cresselia|Moonlight|p2a: Cresselia
|-heal|p2a: Cresselia|444\/444 brn
|
|-damage|p1a: Gardevoir|141\/277 tox|[from] psn
|-damage|p2a: Cresselia|389\/444 brn|[from] brn
|turn|28
|
|switch|p2a: Chansey|Chansey, F|616\/704
|-damage|p2a: Chansey|528\/704|[from] Stealth Rock
|move|p1a: Gardevoir|Hyper Voice|p2a: Chansey
|-damage|p2a: Chansey|374\/704
|
|-damage|p1a: Gardevoir|107\/277 tox|[from] psn
|turn|29
|
|switch|p1a: Keldeo|Keldeo|282\/322
|-damage|p1a: Keldeo|262\/322|[from] Stealth Rock
|move|p2a: Chansey|Seismic Toss|p1a: Keldeo
|-damage|p1a: Keldeo|162\/322
|
|turn|30
|
|move|p1a: Keldeo|Secret Sword|p2a: Chansey
|-crit|p2a: Chansey
|-supereffective|p2a: Chansey
|-damage|p2a: Chansey|0 fnt
|faint|p2a: Chansey
|
|
|switch|p2a: Gothitelle|Gothitelle, M|145\/301
|-damage|p2a: Gothitelle|108\/301|[from] Stealth Rock
|turn|31
|
|move|p1a: Keldeo|Secret Sword|p2a: Gothitelle
|-resisted|p2a: Gothitelle
|-damage|p2a: Gothitelle|0 fnt
|faint|p2a: Gothitelle
|
|
|switch|p2a: Zapdos|Zapdos|287\/384
|-damage|p2a: Zapdos|191\/384|[from] Stealth Rock
|-ability|p2a: Zapdos|Pressure
|turn|32
|
|switch|p1a: Landorus-Therian|Landorus-Therian, M|320\/320
|-damage|p1a: Landorus-Therian|280\/320|[from] Stealth Rock
|-ability|p1a: Landorus-Therian|Intimidate|[of] p2a: Zapdos
|-unboost|p2a: Zapdos|atk|1
|move|p2a: Zapdos|Roost|p2a: Zapdos
|-heal|p2a: Zapdos|383\/384
|
|turn|33
|
|move|p1a: Landorus-Therian|Stone Edge|p2a: Zapdos
|-supereffective|p2a: Zapdos
|-damage|p2a: Zapdos|181\/384
|move|p2a: Zapdos|Defog|p1a: Landorus-Therian
|-unboost|p1a: Landorus-Therian|evasion|1
|-sideend|p1: Robbenwithlasers|Stealth Rock|[from] move: Defog|[of] p1a: Landorus-Therian
|-sideend|p2: lil manaphy|Stealth Rock|[from] move: Defog|[of] p2a: Zapdos
|
|turn|34
|
|switch|p2a: Alomomola|Alomomola, F|382\/534 brn
|move|p1a: Landorus-Therian|Stone Edge|p2a: Alomomola|[miss]
|-miss|p1a: Landorus-Therian|p2a: Alomomola
|
|-heal|p2a: Alomomola|415\/534 brn|[from] item: Leftovers
|-damage|p2a: Alomomola|349\/534 brn|[from] brn
|turn|35
|
|switch|p1a: Ferrothorn|Ferrothorn, M|352\/352
|switch|p2a: Zapdos|Zapdos|181\/384
|-ability|p2a: Zapdos|Pressure
|
|turn|36
|
|move|p2a: Zapdos|Heat Wave|p1a: Ferrothorn
|-supereffective|p1a: Ferrothorn
|-damage|p1a: Ferrothorn|20\/352
|move|p1a: Ferrothorn|Stealth Rock|p2a: Zapdos
|-sidestart|p2: lil manaphy|move: Stealth Rock
|
|-heal|p1a: Ferrothorn|42\/352|[from] item: Leftovers
|turn|37
|
|move|p2a: Zapdos|Defog|p1a: Ferrothorn
|-unboost|p1a: Ferrothorn|evasion|1
|-sideend|p2: lil manaphy|Stealth Rock|[from] move: Defog|[of] p2a: Zapdos
|move|p1a: Ferrothorn|Leech Seed|p2a: Zapdos
|-start|p2a: Zapdos|move: Leech Seed
|
|-heal|p1a: Ferrothorn|64\/352|[from] item: Leftovers
|-damage|p2a: Zapdos|133\/384|[from] Leech Seed|[of] p1a: Ferrothorn
|-heal|p1a: Ferrothorn|112\/352|[silent]
|turn|38
|
|switch|p1a: Keldeo|Keldeo|162\/322
|move|p2a: Zapdos|Heat Wave|p1a: Keldeo
|-resisted|p1a: Keldeo
|-damage|p1a: Keldeo|111\/322
|-status|p1a: Keldeo|brn
|
|-damage|p2a: Zapdos|85\/384|[from] Leech Seed|[of] p1a: Keldeo
|-heal|p1a: Keldeo|159\/322 brn|[silent]
|-damage|p1a: Keldeo|119\/322 brn|[from] brn
|turn|39
|
|switch|p2a: Cresselia|Cresselia, F|389\/444 brn
|move|p1a: Keldeo|Scald|p2a: Cresselia
|-damage|p2a: Cresselia|256\/444 brn
|
|-heal|p2a: Cresselia|283\/444 brn|[from] item: Leftovers
|-damage|p1a: Keldeo|79\/322 brn|[from] brn
|-damage|p2a: Cresselia|228\/444 brn|[from] brn
|turn|40
|
|switch|p1a: Ferrothorn|Ferrothorn, M|112\/352
|move|p2a: Cresselia|Moonlight|p2a: Cresselia
|-heal|p2a: Cresselia|444\/444 brn
|
|-heal|p1a: Ferrothorn|134\/352|[from] item: Leftovers
|-damage|p2a: Cresselia|389\/444 brn|[from] brn
|turn|41
|
|switch|p2a: Zapdos|Zapdos|85\/384
|-ability|p2a: Zapdos|Pressure
|move|p1a: Ferrothorn|Leech Seed|p2a: Zapdos
|-start|p2a: Zapdos|move: Leech Seed
|
|-heal|p1a: Ferrothorn|156\/352|[from] item: Leftovers
|-damage|p2a: Zapdos|37\/384|[from] Leech Seed|[of] p1a: Ferrothorn
|-heal|p1a: Ferrothorn|204\/352|[silent]
|turn|42
|
|move|p2a: Zapdos|Roost|p2a: Zapdos
|-heal|p2a: Zapdos|229\/384
|move|p1a: Ferrothorn|Stealth Rock|p2a: Zapdos
|-sidestart|p2: lil manaphy|move: Stealth Rock
|
|-heal|p1a: Ferrothorn|226\/352|[from] item: Leftovers
|-damage|p2a: Zapdos|181\/384|[from] Leech Seed|[of] p1a: Ferrothorn
|-heal|p1a: Ferrothorn|274\/352|[silent]
|turn|43
|
|switch|p1a: Landorus-Therian|Landorus-Therian, M|280\/320
|-ability|p1a: Landorus-Therian|Intimidate|[of] p2a: Zapdos
|-unboost|p2a: Zapdos|atk|1
|move|p2a: Zapdos|Defog|p1a: Landorus-Therian
|-unboost|p1a: Landorus-Therian|evasion|1
|-sideend|p2: lil manaphy|Stealth Rock|[from] move: Defog|[of] p2a: Zapdos
|
|-damage|p2a: Zapdos|133\/384|[from] Leech Seed|[of] p1a: Landorus-Therian
|-heal|p1a: Landorus-Therian|320\/320|[silent]
|turn|44
|
|move|p1a: Landorus-Therian|U-turn|p2a: Zapdos
|-resisted|p2a: Zapdos
|-damage|p2a: Zapdos|97\/384
|
|switch|p1a: Mew|Mew|315\/404
|move|p2a: Zapdos|Roost|p2a: Zapdos
|-heal|p2a: Zapdos|289\/384
|
|-damage|p2a: Zapdos|241\/384|[from] Leech Seed|[of] p1a: Mew
|-heal|p1a: Mew|363\/404|[silent]
|turn|45
|
|switch|p1a: Gardevoir|Gardevoir-Mega, F|107\/277 tox
|switch|p2a: Alomomola|Alomomola, F|527\/534 brn
|
|-heal|p2a: Alomomola|534\/534 brn|[from] item: Leftovers
|-damage|p1a: Gardevoir|90\/277 tox|[from] psn
|-damage|p2a: Alomomola|468\/534 brn|[from] brn
|turn|46
|
|move|p2a: Alomomola|Protect|p2a: Alomomola
|-singleturn|p2a: Alomomola|Protect
|move|p1a: Gardevoir|Hyper Voice|p2a: Alomomola
|-activate|p2a: Alomomola|Protect
|
|-heal|p2a: Alomomola|501\/534 brn|[from] item: Leftovers
|-damage|p1a: Gardevoir|56\/277 tox|[from] psn
|-damage|p2a: Alomomola|435\/534 brn|[from] brn
|turn|47
|join|tele
|
|switch|p2a: Cresselia|Cresselia, F|389\/444 brn
|move|p1a: Gardevoir|Future Sight|p2a: Cresselia
|-start|p1a: Gardevoir|move: Future Sight
|
|-heal|p2a: Cresselia|416\/444 brn|[from] item: Leftovers
|-damage|p1a: Gardevoir|5\/277 tox|[from] psn
|-damage|p2a: Cresselia|361\/444 brn|[from] brn
|turn|48
|join|Gizmo $_$
|
|switch|p1a: Ferrothorn|Ferrothorn, M|274\/352
|move|p2a: Cresselia|Psyshock|p1a: Ferrothorn
|-resisted|p1a: Ferrothorn
|-damage|p1a: Ferrothorn|250\/352
|
|-heal|p2a: Cresselia|388\/444 brn|[from] item: Leftovers
|-heal|p1a: Ferrothorn|272\/352|[from] item: Leftovers
|-damage|p2a: Cresselia|333\/444 brn|[from] brn
|turn|49
|
|move|p2a: Cresselia|Psyshock|p1a: Ferrothorn
|-resisted|p1a: Ferrothorn
|-damage|p1a: Ferrothorn|248\/352
|move|p1a: Ferrothorn|Stealth Rock|p2a: Cresselia
|-sidestart|p2: lil manaphy|move: Stealth Rock
|
|-message|Future Sight hit! (placeholder)
|-resisted|p2a: Cresselia
|-damage|p2a: Cresselia|255\/444 brn
|-heal|p2a: Cresselia|282\/444 brn|[from] item: Leftovers
|-heal|p1a: Ferrothorn|270\/352|[from] item: Leftovers
|-damage|p2a: Cresselia|227\/444 brn|[from] brn
|turn|50
|
|switch|p1a: Landorus-Therian|Landorus-Therian, M|320\/320
|-ability|p1a: Landorus-Therian|Intimidate|[of] p2a: Cresselia
|-unboost|p2a: Cresselia|atk|1
|move|p2a: Cresselia|Moonlight|p2a: Cresselia
|-heal|p2a: Cresselia|444\/444 brn
|
|-damage|p2a: Cresselia|389\/444 brn|[from] brn
|turn|51
|
|switch|p2a: Alomomola|Alomomola, F|534\/534 brn
|-damage|p2a: Alomomola|468\/534 brn|[from] Stealth Rock
|move|p1a: Landorus-Therian|U-turn|p2a: Alomomola
|-damage|p2a: Alomomola|389\/534 brn
|
|switch|p1a: Ferrothorn|Ferrothorn, M|270\/352
|
|-heal|p2a: Alomomola|422\/534 brn|[from] item: Leftovers
|-heal|p1a: Ferrothorn|292\/352|[from] item: Leftovers
|-damage|p2a: Alomomola|356\/534 brn|[from] brn
|turn|52
|
|move|p2a: Alomomola|Wish|p2a: Alomomola
|move|p1a: Ferrothorn|Leech Seed|p2a: Alomomola
|-start|p2a: Alomomola|move: Leech Seed
|
|-heal|p2a: Alomomola|389\/534 brn|[from] item: Leftovers
|-heal|p1a: Ferrothorn|314\/352|[from] item: Leftovers
|-damage|p2a: Alomomola|323\/534 brn|[from] Leech Seed|[of] p1a: Ferrothorn
|-heal|p1a: Ferrothorn|352\/352|[silent]
|-damage|p2a: Alomomola|257\/534 brn|[from] brn
|turn|53
|
|switch|p2a: Zapdos|Zapdos|241\/384
|-damage|p2a: Zapdos|145\/384|[from] Stealth Rock
|-ability|p2a: Zapdos|Pressure
|switch|p1a: Keldeo|Keldeo|79\/322 brn
|
|-heal|p2a: Zapdos|384\/384|[from] move: Wish|[wisher] Alomomola
|-damage|p1a: Keldeo|39\/322 brn|[from] brn
|turn|54
|join|Cienight
|
|switch|p2a: Cresselia|Cresselia, F|389\/444 brn
|-damage|p2a: Cresselia|334\/444 brn|[from] Stealth Rock
|move|p1a: Keldeo|Scald|p2a: Cresselia
|-damage|p2a: Cresselia|204\/444 brn
|
|-heal|p2a: Cresselia|231\/444 brn|[from] item: Leftovers
|-damage|p1a: Keldeo|0 fnt|[from] brn
|-damage|p2a: Cresselia|176\/444 brn|[from] brn
|faint|p1a: Keldeo
|leave|Gizmo $_$
|
|switch|p1a: Landorus-Therian|Landorus-Therian, M|320\/320
|-ability|p1a: Landorus-Therian|Intimidate|[of] p2a: Cresselia
|-unboost|p2a: Cresselia|atk|1
|turn|55
|
|switch|p2a: Alomomola|Alomomola, F|435\/534 brn
|-damage|p2a: Alomomola|369\/534 brn|[from] Stealth Rock
|move|p1a: Landorus-Therian|Knock Off|p2a: Alomomola
|-damage|p2a: Alomomola|270\/534 brn
|-enditem|p2a: Alomomola|Leftovers|[from] move: Knock Off|[of] p1a: Landorus-Therian
|
|-damage|p2a: Alomomola|204\/534 brn|[from] brn
|turn|56
|
|switch|p1a: Mew|Mew|363\/404
|move|p2a: Alomomola|Wish|p2a: Alomomola
|
|-damage|p2a: Alomomola|138\/534 brn|[from] brn
|turn|57
|
|move|p2a: Alomomola|Protect|p2a: Alomomola
|-singleturn|p2a: Alomomola|Protect
|move|p1a: Mew|Will-O-Wisp|p2a: Alomomola
|-activate|p2a: Alomomola|Protect
|
|-heal|p2a: Alomomola|405\/534 brn|[from] move: Wish|[wisher] Alomomola
|-damage|p2a: Alomomola|339\/534 brn|[from] brn
|turn|58
|
|switch|p1a: Ferrothorn|Ferrothorn, M|352\/352
|move|p2a: Alomomola|Wish|p2a: Alomomola
|
|-damage|p2a: Alomomola|273\/534 brn|[from] brn
|turn|59
|
|switch|p2a: Zapdos|Zapdos|384\/384
|-damage|p2a: Zapdos|288\/384|[from] Stealth Rock
|-ability|p2a: Zapdos|Pressure
|move|p1a: Ferrothorn|Leech Seed|p2a: Zapdos
|-start|p2a: Zapdos|move: Leech Seed
|
|-heal|p2a: Zapdos|384\/384|[from] move: Wish|[wisher] Alomomola
|-damage|p2a: Zapdos|336\/384|[from] Leech Seed|[of] p1a: Ferrothorn
|turn|60
|join|Funnelby
|
|switch|p1a: Gardevoir|Gardevoir-Mega, F|5\/277 tox
|move|p2a: Zapdos|Defog|p1a: Gardevoir
|-unboost|p1a: Gardevoir|evasion|1
|-sideend|p2: lil manaphy|Stealth Rock|[from] move: Defog|[of] p2a: Zapdos
|
|-damage|p2a: Zapdos|288\/384|[from] Leech Seed|[of] p1a: Gardevoir
|-heal|p1a: Gardevoir|53\/277 tox|[silent]
|-damage|p1a: Gardevoir|36\/277 tox|[from] psn
|turn|61
|join|Finn Zape :3
|
|switch|p2a: Cresselia|Cresselia, F|176\/444 brn
|move|p1a: Gardevoir|Hyper Voice|p2a: Cresselia
|-crit|p2a: Cresselia
|-damage|p2a: Cresselia|0 fnt
|faint|p2a: Cresselia
|
|-damage|p1a: Gardevoir|2\/277 tox|[from] psn
|
|switch|p2a: Scizor|Scizor-Mega, F|87\/344
|turn|62
|
|switch|p1a: Mew|Mew|363\/404
|move|p2a: Scizor|Bullet Punch|p1a: Mew
|-damage|p1a: Mew|263\/404
|
|turn|63
|
|move|p1a: Mew|Will-O-Wisp|p2a: Scizor
|-status|p2a: Scizor|brn
|move|p2a: Scizor|Roost|p2a: Scizor
|-heal|p2a: Scizor|259\/344 brn
|
|-damage|p2a: Scizor|216\/344 brn|[from] brn
|turn|64
|
|switch|p1a: Landorus-Therian|Landorus-Therian, M|320\/320
|-ability|p1a: Landorus-Therian|Intimidate|[of] p2a: Scizor
|-unboost|p2a: Scizor|atk|1
|move|p2a: Scizor|Swords Dance|p2a: Scizor
|-boost|p2a: Scizor|atk|2
|
|-damage|p2a: Scizor|173\/344 brn|[from] brn
|turn|65
|
|move|p1a: Landorus-Therian|Earthquake|p2a: Scizor
|-damage|p2a: Scizor|65\/344 brn
|move|p2a: Scizor|Roost|p2a: Scizor
|-heal|p2a: Scizor|237\/344 brn
|
|-damage|p2a: Scizor|194\/344 brn|[from] brn
|turn|66
|
|move|p1a: Landorus-Therian|Earthquake|p2a: Scizor
|-damage|p2a: Scizor|91\/344 brn
|move|p2a: Scizor|Roost|p2a: Scizor
|-heal|p2a: Scizor|263\/344 brn
|
|-damage|p2a: Scizor|220\/344 brn|[from] brn
|turn|67
|
|switch|p2a: Zapdos|Zapdos|288\/384
|-ability|p2a: Zapdos|Pressure
|move|p1a: Landorus-Therian|Earthquake|p2a: Zapdos
|-immune|p2a: Zapdos|[msg]
|
|turn|68
|
|switch|p1a: Mew|Mew|263\/404
|move|p2a: Zapdos|Heat Wave|p1a: Mew
|-damage|p1a: Mew|202\/404
|
|turn|69
|
|move|p1a: Mew|Will-O-Wisp|p2a: Zapdos
|-status|p2a: Zapdos|brn
|move|p2a: Zapdos|Volt Switch|p1a: Mew
|-damage|p1a: Mew|132\/404
|
|switch|p2a: Alomomola|Alomomola, F|451\/534 brn
|
|-damage|p2a: Alomomola|385\/534 brn|[from] brn
|turn|70
|
|switch|p1a: Ferrothorn|Ferrothorn, M|352\/352
|move|p2a: Alomomola|Scald|p1a: Ferrothorn
|-resisted|p1a: Ferrothorn
|-damage|p1a: Ferrothorn|333\/352
|-status|p1a: Ferrothorn|brn
|
|-heal|p1a: Ferrothorn|352\/352 brn|[from] item: Leftovers
|-damage|p2a: Alomomola|319\/534 brn|[from] brn
|-damage|p1a: Ferrothorn|308\/352 brn|[from] brn
|turn|71
|
|switch|p2a: Zapdos|Zapdos|288\/384 brn
|-ability|p2a: Zapdos|Pressure
|switch|p1a: Mew|Mew|132\/404
|
|-damage|p2a: Zapdos|240\/384 brn|[from] brn
|turn|72
|
|move|p1a: Mew|Roost|p1a: Mew
|-heal|p1a: Mew|334\/404
|move|p2a: Zapdos|Roost|p2a: Zapdos
|-heal|p2a: Zapdos|384\/384 brn
|
|-damage|p2a: Zapdos|336\/384 brn|[from] brn
|turn|73
|
|move|p1a: Mew|Roost|p1a: Mew
|-heal|p1a: Mew|404\/404
|move|p2a: Zapdos|Volt Switch|p1a: Mew
|-damage|p1a: Mew|329\/404
|
|switch|p2a: Alomomola|Alomomola, F|497\/534 brn
|
|-damage|p2a: Alomomola|431\/534 brn|[from] brn
|turn|74
|
|switch|p1a: Ferrothorn|Ferrothorn, M|308\/352 brn
|move|p2a: Alomomola|Wish|p2a: Alomomola
|
|-heal|p1a: Ferrothorn|330\/352 brn|[from] item: Leftovers
|-damage|p2a: Alomomola|365\/534 brn|[from] brn
|-damage|p1a: Ferrothorn|286\/352 brn|[from] brn
|turn|75
|
|switch|p2a: Zapdos|Zapdos|336\/384 brn
|-ability|p2a: Zapdos|Pressure
|move|p1a: Ferrothorn|Leech Seed|p2a: Zapdos
|-start|p2a: Zapdos|move: Leech Seed
|
|-heal|p2a: Zapdos|384\/384 brn|[from] move: Wish|[wisher] Alomomola
|-heal|p1a: Ferrothorn|308\/352 brn|[from] item: Leftovers
|-damage|p2a: Zapdos|336\/384 brn|[from] Leech Seed|[of] p1a: Ferrothorn
|-heal|p1a: Ferrothorn|352\/352 brn|[silent]
|-damage|p2a: Zapdos|288\/384 brn|[from] brn
|-damage|p1a: Ferrothorn|308\/352 brn|[from] brn
|turn|76
|
|switch|p1a: Landorus-Therian|Landorus-Therian, M|320\/320
|-ability|p1a: Landorus-Therian|Intimidate|[of] p2a: Zapdos
|-unboost|p2a: Zapdos|atk|1
|move|p2a: Zapdos|Heat Wave|p1a: Landorus-Therian
|-damage|p1a: Landorus-Therian|206\/320
|
|-damage|p2a: Zapdos|240\/384 brn|[from] Leech Seed|[of] p1a: Landorus-Therian
|-heal|p1a: Landorus-Therian|254\/320|[silent]
|-damage|p2a: Zapdos|192\/384 brn|[from] brn
|turn|77
|
|switch|p2a: Alomomola|Alomomola, F|534\/534 brn
|move|p1a: Landorus-Therian|U-turn|p2a: Alomomola
|-damage|p2a: Alomomola|462\/534 brn
|
|switch|p1a: Ferrothorn|Ferrothorn, M|308\/352 brn
|
|-heal|p1a: Ferrothorn|330\/352 brn|[from] item: Leftovers
|-damage|p2a: Alomomola|396\/534 brn|[from] brn
|-damage|p1a: Ferrothorn|286\/352 brn|[from] brn
|turn|78
|
|switch|p2a: Zapdos|Zapdos|192\/384 brn
|-ability|p2a: Zapdos|Pressure
|move|p1a: Ferrothorn|Stealth Rock|p2a: Zapdos
|-sidestart|p2: lil manaphy|move: Stealth Rock
|
|-heal|p1a: Ferrothorn|308\/352 brn|[from] item: Leftovers
|-damage|p2a: Zapdos|144\/384 brn|[from] brn
|-damage|p1a: Ferrothorn|264\/352 brn|[from] brn
|turn|79
|
|switch|p1a: Mew|Mew|329\/404
|move|p2a: Zapdos|Defog|p1a: Mew
|-unboost|p1a: Mew|evasion|1
|-sideend|p2: lil manaphy|Stealth Rock|[from] move: Defog|[of] p2a: Zapdos
|
|-damage|p2a: Zapdos|96\/384 brn|[from] brn
|turn|80
|join|Reverb
|
|move|p1a: Mew|Knock Off|p2a: Zapdos
|-damage|p2a: Zapdos|54\/384 brn
|move|p2a: Zapdos|Volt Switch|p1a: Mew
|-damage|p1a: Mew|254\/404
|
|switch|p2a: Alomomola|Alomomola, F|534\/534 brn
|
|-damage|p2a: Alomomola|468\/534 brn|[from] brn
|turn|81
|
|move|p1a: Mew|Knock Off|p2a: Alomomola
|-crit|p2a: Alomomola
|-damage|p2a: Alomomola|400\/534 brn
|move|p2a: Alomomola|Scald|p1a: Mew
|-damage|p1a: Mew|220\/404
|
|-damage|p2a: Alomomola|334\/534 brn|[from] brn
|turn|82
|
|switch|p1a: Ferrothorn|Ferrothorn, M|264\/352 brn
|move|p2a: Alomomola|Toxic|p1a: Ferrothorn|[miss]
|-miss|p2a: Alomomola|p1a: Ferrothorn
|
|-heal|p1a: Ferrothorn|286\/352 brn|[from] item: Leftovers
|-damage|p2a: Alomomola|268\/534 brn|[from] brn
|-damage|p1a: Ferrothorn|242\/352 brn|[from] brn
|turn|83
|
|move|p2a: Alomomola|Wish|p2a: Alomomola
|move|p1a: Ferrothorn|Leech Seed|p2a: Alomomola
|-start|p2a: Alomomola|move: Leech Seed
|
|-heal|p1a: Ferrothorn|264\/352 brn|[from] item: Leftovers
|-damage|p2a: Alomomola|202\/534 brn|[from] Leech Seed|[of] p1a: Ferrothorn
|-heal|p1a: Ferrothorn|330\/352 brn|[silent]
|-damage|p2a: Alomomola|136\/534 brn|[from] brn
|-damage|p1a: Ferrothorn|286\/352 brn|[from] brn
|turn|84
|
|switch|p2a: Scizor|Scizor-Mega, F|220\/344 brn
|switch|p1a: Gardevoir|Gardevoir-Mega, F|2\/277 tox
|
|-heal|p2a: Scizor|344\/344 brn|[from] move: Wish|[wisher] Alomomola
|-damage|p1a: Gardevoir|0 fnt|[from] psn
|-damage|p2a: Scizor|301\/344 brn|[from] brn
|faint|p1a: Gardevoir
|
|switch|p1a: Landorus-Therian|Landorus-Therian, M|254\/320
|-ability|p1a: Landorus-Therian|Intimidate|[of] p2a: Scizor
|-unboost|p2a: Scizor|atk|1
|turn|85
|c|@Reverb|seems kinda like a choke
|join|JustB1az3
|
|move|p1a: Landorus-Therian|U-turn|p2a: Scizor
|-resisted|p2a: Scizor
|-damage|p2a: Scizor|277\/344 brn
|
|switch|p1a: Ferrothorn|Ferrothorn, M|286\/352 brn
|move|p2a: Scizor|Roost|p2a: Scizor
|-heal|p2a: Scizor|344\/344 brn
|
|-heal|p1a: Ferrothorn|308\/352 brn|[from] item: Leftovers
|-damage|p2a: Scizor|301\/344 brn|[from] brn
|-damage|p1a: Ferrothorn|264\/352 brn|[from] brn
|turn|86
|
|switch|p2a: Zapdos|Zapdos|54\/384 brn
|-ability|p2a: Zapdos|Pressure
|move|p1a: Ferrothorn|Leech Seed|p2a: Zapdos|[miss]
|-miss|p1a: Ferrothorn|p2a: Zapdos
|
|-heal|p1a: Ferrothorn|286\/352 brn|[from] item: Leftovers
|-damage|p2a: Zapdos|6\/384 brn|[from] brn
|-damage|p1a: Ferrothorn|242\/352 brn|[from] brn
|turn|87
|
|switch|p1a: Landorus-Therian|Landorus-Therian, M|254\/320
|-ability|p1a: Landorus-Therian|Intimidate|[of] p2a: Zapdos
|-unboost|p2a: Zapdos|atk|1
|move|p2a: Zapdos|Heat Wave|p1a: Landorus-Therian
|-damage|p1a: Landorus-Therian|141\/320
|
|-damage|p2a: Zapdos|0 fnt|[from] brn
|faint|p2a: Zapdos
|
|switch|p2a: Alomomola|Alomomola, F|314\/534 brn
|turn|88
|
|move|p1a: Landorus-Therian|U-turn|p2a: Alomomola
|-damage|p2a: Alomomola|240\/534 brn
|
|switch|p1a: Ferrothorn|Ferrothorn, M|242\/352 brn
|move|p2a: Alomomola|Wish|p2a: Alomomola
|
|-heal|p1a: Ferrothorn|264\/352 brn|[from] item: Leftovers
|-damage|p2a: Alomomola|174\/534 brn|[from] brn
|-damage|p1a: Ferrothorn|220\/352 brn|[from] brn
|turn|89
|
|move|p2a: Alomomola|Protect|p2a: Alomomola
|-singleturn|p2a: Alomomola|Protect
|move|p1a: Ferrothorn|Stealth Rock|p2a: Alomomola
|-sidestart|p2: lil manaphy|move: Stealth Rock
|
|-heal|p2a: Alomomola|441\/534 brn|[from] move: Wish|[wisher] Alomomola
|-heal|p1a: Ferrothorn|242\/352 brn|[from] item: Leftovers
|-damage|p2a: Alomomola|375\/534 brn|[from] brn
|-damage|p1a: Ferrothorn|198\/352 brn|[from] brn
|turn|90
|join|Gros orteil._.
|join|Henry
|join|Starmaster
|join|Dread Arceus
|join|Zamrock
|
|switch|p2a: Scizor|Scizor-Mega, F|301\/344 brn
|-damage|p2a: Scizor|258\/344 brn|[from] Stealth Rock
|move|p1a: Ferrothorn|Leech Seed|p2a: Scizor
|-start|p2a: Scizor|move: Leech Seed
|
|-heal|p1a: Ferrothorn|220\/352 brn|[from] item: Leftovers
|-damage|p2a: Scizor|215\/344 brn|[from] Leech Seed|[of] p1a: Ferrothorn
|-heal|p1a: Ferrothorn|263\/352 brn|[silent]
|-damage|p2a: Scizor|172\/344 brn|[from] brn
|-damage|p1a: Ferrothorn|219\/352 brn|[from] brn
|turn|91
|join|Leftiez
|join|Dragonite VII
|join|Praj.pran
|
|switch|p2a: Alomomola|Alomomola, F|534\/534 brn
|-damage|p2a: Alomomola|468\/534 brn|[from] Stealth Rock
|switch|p1a: Landorus-Therian|Landorus-Therian, M|141\/320
|-ability|p1a: Landorus-Therian|Intimidate|[of] p2a: Alomomola
|-unboost|p2a: Alomomola|atk|1
|
|-damage|p2a: Alomomola|402\/534 brn|[from] brn
|turn|92
|
|move|p1a: Landorus-Therian|U-turn|p2a: Alomomola
|-damage|p2a: Alomomola|323\/534 brn
|
|switch|p1a: Mew|Mew|220\/404
|move|p2a: Alomomola|Wish|p2a: Alomomola
|
|-damage|p2a: Alomomola|257\/534 brn|[from] brn
|turn|93
|leave|Dragonite VII
|
|switch|p1a: Landorus-Therian|Landorus-Therian, M|141\/320
|-ability|p1a: Landorus-Therian|Intimidate|[of] p2a: Alomomola
|-unboost|p2a: Alomomola|atk|1
|move|p2a: Alomomola|Toxic|p1a: Landorus-Therian
|-status|p1a: Landorus-Therian|tox
|
|-heal|p2a: Alomomola|524\/534 brn|[from] move: Wish|[wisher] Alomomola
|-damage|p1a: Landorus-Therian|121\/320 tox|[from] psn
|-damage|p2a: Alomomola|458\/534 brn|[from] brn
|turn|94
|join|Plz time stall (ã)
|
|move|p1a: Landorus-Therian|U-turn|p2a: Alomomola
|-damage|p2a: Alomomola|386\/534 brn
|join|Escavalier
|
|switch|p1a: Ferrothorn|Ferrothorn, M|219\/352 brn
|move|p2a: Alomomola|Wish|p2a: Alomomola
|
|-heal|p1a: Ferrothorn|241\/352 brn|[from] item: Leftovers
|-damage|p2a: Alomomola|320\/534 brn|[from] brn
|-damage|p1a: Ferrothorn|197\/352 brn|[from] brn
|turn|95
|
|switch|p2a: Scizor|Scizor-Mega, F|172\/344 brn
|-damage|p2a: Scizor|129\/344 brn|[from] Stealth Rock
|move|p1a: Ferrothorn|Power Whip|p2a: Scizor
|-resisted|p2a: Scizor
|-damage|p2a: Scizor|119\/344 brn
|
|-heal|p2a: Scizor|344\/344 brn|[from] move: Wish|[wisher] Alomomola
|-heal|p1a: Ferrothorn|219\/352 brn|[from] item: Leftovers
|-damage|p2a: Scizor|301\/344 brn|[from] brn
|-damage|p1a: Ferrothorn|175\/352 brn|[from] brn
|turn|96
|
|move|p2a: Scizor|Swords Dance|p2a: Scizor
|-boost|p2a: Scizor|atk|2
|move|p1a: Ferrothorn|Leech Seed|p2a: Scizor
|-start|p2a: Scizor|move: Leech Seed
|
|-heal|p1a: Ferrothorn|197\/352 brn|[from] item: Leftovers
|-damage|p2a: Scizor|258\/344 brn|[from] Leech Seed|[of] p1a: Ferrothorn
|-heal|p1a: Ferrothorn|240\/352 brn|[silent]
|-damage|p2a: Scizor|215\/344 brn|[from] brn
|-damage|p1a: Ferrothorn|196\/352 brn|[from] brn
|turn|97
|
|move|p1a: Ferrothorn|Protect|p1a: Ferrothorn
|-singleturn|p1a: Ferrothorn|Protect
|move|p2a: Scizor|Superpower|p1a: Ferrothorn
|-activate|p1a: Ferrothorn|Protect
|
|-heal|p1a: Ferrothorn|218\/352 brn|[from] item: Leftovers
|-damage|p2a: Scizor|172\/344 brn|[from] Leech Seed|[of] p1a: Ferrothorn
|-heal|p1a: Ferrothorn|261\/352 brn|[silent]
|-damage|p2a: Scizor|129\/344 brn|[from] brn
|-damage|p1a: Ferrothorn|217\/352 brn|[from] brn
|turn|98
|leave|Zamrock
|
|switch|p1a: Mew|Mew|220\/404
|move|p2a: Scizor|Roost|p2a: Scizor
|-heal|p2a: Scizor|301\/344 brn
|
|-damage|p2a: Scizor|258\/344 brn|[from] Leech Seed|[of] p1a: Mew
|-heal|p1a: Mew|263\/404|[silent]
|-damage|p2a: Scizor|215\/344 brn|[from] brn
|turn|99
|
|move|p1a: Mew|Knock Off|p2a: Scizor
|-damage|p2a: Scizor|186\/344 brn
|move|p2a: Scizor|Roost|p2a: Scizor
|-heal|p2a: Scizor|344\/344 brn
|
|-damage|p2a: Scizor|301\/344 brn|[from] Leech Seed|[of] p1a: Mew
|-heal|p1a: Mew|306\/404|[silent]
|-damage|p2a: Scizor|258\/344 brn|[from] brn
|turn|100
|
|move|p1a: Mew|Knock Off|p2a: Scizor
|-damage|p2a: Scizor|227\/344 brn
|move|p2a: Scizor|Swords Dance|p2a: Scizor
|-boost|p2a: Scizor|atk|2
|
|-damage|p2a: Scizor|184\/344 brn|[from] Leech Seed|[of] p1a: Mew
|-heal|p1a: Mew|349\/404|[silent]
|-damage|p2a: Scizor|141\/344 brn|[from] brn
|turn|101
|join|finalninja243
|
|switch|p1a: Landorus-Therian|Landorus-Therian, M|121\/320 tox
|-ability|p1a: Landorus-Therian|Intimidate|[of] p2a: Scizor
|-unboost|p2a: Scizor|atk|1
|move|p2a: Scizor|Roost|p2a: Scizor
|-heal|p2a: Scizor|313\/344 brn
|
|-damage|p2a: Scizor|270\/344 brn|[from] Leech Seed|[of] p1a: Landorus-Therian
|-heal|p1a: Landorus-Therian|164\/320 tox|[silent]
|-damage|p1a: Landorus-Therian|144\/320 tox|[from] psn
|-damage|p2a: Scizor|227\/344 brn|[from] brn
|turn|102
|
|switch|p1a: Mew|Mew|349\/404
|move|p2a: Scizor|Bullet Punch|p1a: Mew
|-damage|p1a: Mew|222\/404
|
|-damage|p2a: Scizor|184\/344 brn|[from] Leech Seed|[of] p1a: Mew
|-heal|p1a: Mew|265\/404|[silent]
|-damage|p2a: Scizor|141\/344 brn|[from] brn
|turn|103
|c|@Reverb|yeah
|c|@Reverb|this is a choke
|
|move|p1a: Mew|Knock Off|p2a: Scizor
|-damage|p2a: Scizor|108\/344 brn
|move|p2a: Scizor|Roost|p2a: Scizor
|-heal|p2a: Scizor|280\/344 brn
|
|-damage|p2a: Scizor|237\/344 brn|[from] Leech Seed|[of] p1a: Mew
|-heal|p1a: Mew|308\/404|[silent]
|-damage|p2a: Scizor|194\/344 brn|[from] brn
|turn|104
|c| Cienight|^
|c| Praj.pran|oh its burned
|
|move|p1a: Mew|Knock Off|p2a: Scizor
|-damage|p2a: Scizor|165\/344 brn
|move|p2a: Scizor|Roost|p2a: Scizor
|-heal|p2a: Scizor|337\/344 brn
|
|-damage|p2a: Scizor|294\/344 brn|[from] Leech Seed|[of] p1a: Mew
|-heal|p1a: Mew|351\/404|[silent]
|-damage|p2a: Scizor|251\/344 brn|[from] brn
|turn|105
|join|Teeny Victory
|c| tele|just knock off
|c|@Reverb|hello
|c|@Reverb|....
|
|move|p1a: Mew|Knock Off|p2a: Scizor
|-damage|p2a: Scizor|220\/344 brn
|move|p2a: Scizor|Swords Dance|p2a: Scizor
|-boost|p2a: Scizor|atk|2
|
|-damage|p2a: Scizor|177\/344 brn|[from] Leech Seed|[of] p1a: Mew
|-heal|p1a: Mew|394\/404|[silent]
|-damage|p2a: Scizor|134\/344 brn|[from] brn
|turn|106
|c| Escavalier|it doesnt have it
|c| tele|lol..
|
|move|p1a: Mew|Knock Off|p2a: Scizor
|-crit|p2a: Scizor
|-damage|p2a: Scizor|91\/344 brn
|move|p2a: Scizor|Roost|p2a: Scizor
|-heal|p2a: Scizor|263\/344 brn
|
|-damage|p2a: Scizor|220\/344 brn|[from] Leech Seed|[of] p1a: Mew
|-heal|p1a: Mew|404\/404|[silent]
|-damage|p2a: Scizor|177\/344 brn|[from] brn
|turn|107
|c| Escavalier|if he ran
|c| Escavalier|a decent mew...
|
|move|p1a: Mew|Knock Off|p2a: Scizor
|-damage|p2a: Scizor|149\/344 brn
|move|p2a: Scizor|Roost|p2a: Scizor
|-heal|p2a: Scizor|321\/344 brn
|
|-damage|p2a: Scizor|278\/344 brn|[from] Leech Seed|[of] p1a: Mew
|-damage|p2a: Scizor|235\/344 brn|[from] brn
|turn|108
|c| Cienight|^
|leave|Starmaster
|
|move|p1a: Mew|Knock Off|p2a: Scizor
|-damage|p2a: Scizor|204\/344 brn
|move|p2a: Scizor|Roost|p2a: Scizor
|-heal|p2a: Scizor|344\/344 brn
|
|-damage|p2a: Scizor|301\/344 brn|[from] Leech Seed|[of] p1a: Mew
|-damage|p2a: Scizor|258\/344 brn|[from] brn
|turn|109
|c|+finalninja243|rofl
|
|move|p2a: Scizor|Bullet Punch|p1a: Mew
|-damage|p1a: Mew|217\/404
|move|p1a: Mew|Knock Off|p2a: Scizor
|-damage|p2a: Scizor|228\/344 brn
|
|-damage|p2a: Scizor|185\/344 brn|[from] Leech Seed|[of] p1a: Mew
|-heal|p1a: Mew|260\/404|[silent]
|-damage|p2a: Scizor|142\/344 brn|[from] brn
|turn|110
|c| tele|tough to watch
|c|@Reverb|wtd does that mew have?
|
|move|p1a: Mew|Knock Off|p2a: Scizor
|-damage|p2a: Scizor|111\/344 brn
|move|p2a: Scizor|Superpower|p1a: Mew
|-resisted|p1a: Mew
|-damage|p1a: Mew|134\/404
|-unboost|p2a: Scizor|atk|1
|-unboost|p2a: Scizor|def|1
|
|-damage|p2a: Scizor|68\/344 brn|[from] Leech Seed|[of] p1a: Mew
|-heal|p1a: Mew|177\/404|[silent]
|-damage|p2a: Scizor|25\/344 brn|[from] brn
|turn|111
|c|@Reverb|*wtf
|c| tele|tough
|
|move|p1a: Mew|Knock Off|p2a: Scizor
|-damage|p2a: Scizor|0 fnt
|faint|p2a: Scizor
|
|c| Gros orteil._.|lol
|
|switch|p2a: Alomomola|Alomomola, F|498\/534 brn
|-damage|p2a: Alomomola|432\/534 brn|[from] Stealth Rock
|turn|112
|c|@Reverb|oh
|c| Leftiez|lol
|leave|Teeny Victory
|c|@Reverb|nice
|c|@Reverb|lol
|join|Teeny Victory
|c| tele|i guess superpower is his save file against sharp
|-message|lil manaphy forfeited.
|
|win|Robbenwithlasers
|raw|Ladder updating...
|leave|lil manaphy
|player|p2
|leave|Escavalier
|leave|Leftiez
|leave|Teeny Victory
|leave|tele
|leave|JustB1az3
|leave|finalninja243
|leave|Finn Zape :3
|leave|Plz time stall (ã)
|raw|Ladder (probably) updated, but score could not be retrieved (timeout).
|raw|Ladder (probably) updated, but score could not be retrieved (Error: socket hang up).
|leave|Henry
|leave|Gros orteil._.
|join|Gizmo $_$
|leave|Gizmo $_$
|leave|Reverb
|leave|Funnelby
|join|Starmaster
|leave|Dread Arceus
|join|churos1.5
|leave|Starmaster
|leave|Cienight
|leave|churos1.5
|leave|Praj.pran