|join|bldjvm
|join|Robbenwithlasers
|player|p1|bldjvm|1
|player|p2|Robbenwithlasers|292
|gametype|singles
|gen|6
|tier|OU (suspect test)
|rated
|clearpoke
|poke|p1|Garchomp, F
|poke|p1|Greninja, M
|poke|p1|Keldeo
|poke|p1|Latias, F
|poke|p1|Gardevoir, F
|poke|p1|Thundurus, M
|poke|p2|Heracross, M
|poke|p2|Excadrill, M
|poke|p2|Azumarill, M
|poke|p2|Talonflame, M
|poke|p2|Tyranitar, M
|poke|p2|Latios, M
|rule|Swagger Clause: Swagger is banned
|rule|Baton Pass Clause: Limit one PokÃ©mon knowing Baton Pass
|rule|Sleep Clause Mod: Limit one foe put to sleep
|rule|Species Clause: Limit one of each PokÃ©mon
|rule|OHKO Clause: OHKO moves are banned
|rule|Moody Clause: Moody is banned
|rule|Evasion Moves Clause: Evasion moves are banned
|rule|Endless Battle Clause: Forcing endless battles is banned
|rule|HP Percentage Mod: HP is shown in percentages
|teampreview
|
|start
|switch|p1a: Gardevoir|Gardevoir, F|277\/277
|switch|p2a: Talonflame|Talonflame, M|297\/297
|-ability|p1a: Gardevoir|Gale Wings|[from] ability: Trace|[of] p2a: Talonflame
|turn|1
|
|detailschange|p1a: Gardevoir|Gardevoir-Mega, F
|message|Gardevoir has Mega Evolved into Mega Gardevoir!
|move|p2a: Talonflame|Brave Bird|p1a: Gardevoir
|-damage|p1a: Gardevoir|0 fnt
|-damage|p2a: Talonflame|206\/297|[from] recoil|[of] p1a: Gardevoir
|faint|p1a: Gardevoir
|
|
|switch|p1a: Thundurus|Thundurus, M|299\/299
|turn|2
|
|switch|p2a: Tyranitar|Tyranitar, M|380\/380
|-weather|Sandstorm
|move|p1a: Thundurus|Focus Blast|p2a: Tyranitar
|-supereffective|p2a: Tyranitar
|-damage|p2a: Tyranitar|0 fnt
|-damage|p1a: Thundurus|270\/299|[from] item: Life Orb
|faint|p2a: Tyranitar
|
|-weather|Sandstorm|[upkeep]
|-damage|p1a: Thundurus|252\/299|[from] sandstorm
|
|switch|p2a: Heracross|Heracross, M|301\/301
|turn|3
|
|switch|p1a: Keldeo|Keldeo|323\/323
|detailschange|p2a: Heracross|Heracross-Mega, M
|message|Heracross has Mega Evolved into Mega Heracross!
|move|p2a: Heracross|Rock Blast|p1a: Keldeo
|-resisted|p1a: Keldeo
|-damage|p1a: Keldeo|301\/323
|-resisted|p1a: Keldeo
|-damage|p1a: Keldeo|278\/323
|-resisted|p1a: Keldeo
|-damage|p1a: Keldeo|256\/323
|-resisted|p1a: Keldeo
|-damage|p1a: Keldeo|233\/323
|-resisted|p1a: Keldeo
|-damage|p1a: Keldeo|210\/323
|-hitcount|p1a: Keldeo|5
|
|-weather|Sandstorm|[upkeep]
|-damage|p1a: Keldeo|190\/323|[from] sandstorm
|-damage|p2a: Heracross|283\/301|[from] sandstorm
|turn|4
|
|switch|p2a: Latios|Latios, M|301\/301
|move|p1a: Keldeo|Hydro Pump|p2a: Latios|[miss]
|-miss|p1a: Keldeo|p2a: Latios
|
|-weather|Sandstorm|[upkeep]
|-damage|p2a: Latios|283\/301|[from] sandstorm
|-damage|p1a: Keldeo|170\/323|[from] sandstorm
|turn|5
|
|move|p2a: Latios|Draco Meteor|p1a: Keldeo
|-damage|p1a: Keldeo|0 fnt
|-unboost|p2a: Latios|spa|2
|faint|p1a: Keldeo
|
|-weather|Sandstorm|[upkeep]
|-damage|p2a: Latios|265\/301|[from] sandstorm
|
|switch|p1a: Greninja|Greninja, M|285\/285
|turn|6
|
|switch|p2a: Azumarill|Azumarill, M|401\/401
|move|p1a: Greninja|U-turn|p2a: Azumarill
|-start|p1a: Greninja|typechange|Bug|[from] Protean
|-resisted|p2a: Azumarill
|-damage|p2a: Azumarill|335\/401
|-damage|p1a: Greninja|257\/285|[from] item: Life Orb
|
|switch|p1a: Thundurus|Thundurus, M|252\/299
|
|-weather|Sandstorm|[upkeep]
|-damage|p1a: Thundurus|234\/299|[from] sandstorm
|-damage|p2a: Azumarill|310\/401|[from] sandstorm
|turn|7
|
|switch|p2a: Excadrill|Excadrill, M|361\/361
|-item|p2a: Excadrill|Air Balloon
|move|p1a: Thundurus|Thunderbolt|p2a: Excadrill
|-immune|p2a: Excadrill|[msg]
|
|-weather|Sandstorm|[upkeep]
|-damage|p1a: Thundurus|216\/299|[from] sandstorm
|turn|8
|
|switch|p1a: Latias|Latias, F|319\/319
|move|p2a: Excadrill|Rock Slide|p1a: Latias
|-damage|p1a: Latias|208\/319
|
|-weather|Sandstorm|[upkeep]
|-damage|p1a: Latias|189\/319|[from] sandstorm
|turn|9
|
|switch|p1a: Thundurus|Thundurus, M|216\/299
|move|p2a: Excadrill|Iron Head|p1a: Thundurus
|-resisted|p1a: Thundurus
|-damage|p1a: Thundurus|105\/299
|
|-weather|none
|turn|10
|
|switch|p2a: Azumarill|Azumarill, M|310\/401
|move|p1a: Thundurus|Focus Blast|p2a: Azumarill
|-resisted|p2a: Azumarill
|-damage|p2a: Azumarill|235\/401
|-damage|p1a: Thundurus|76\/299|[from] item: Life Orb
|
|turn|11
|
|switch|p1a: Latias|Latias, F|189\/319
|move|p2a: Azumarill|Aqua Jet|p1a: Latias
|-resisted|p1a: Latias
|-damage|p1a: Latias|138\/319
|
|turn|12
|
|move|p1a: Latias|Healing Wish|p1a: Latias
|faint|p1a: Latias
|move|p2a: Azumarill|Knock Off|p1: Latias|[notarget]
|-notarget
|
|
|switch|p1a: Thundurus|Thundurus, M|76\/299
|-heal|p1a: Thundurus|299\/299|[from] move: Healing Wish
|turn|13
|
|switch|p2a: Excadrill|Excadrill, M|361\/361
|-item|p2a: Excadrill|Air Balloon
|move|p1a: Thundurus|Thunderbolt|p2a: Excadrill
|-immune|p2a: Excadrill|[msg]
|
|turn|14
|
|move|p1a: Thundurus|Focus Blast|p2a: Excadrill
|-supereffective|p2a: Excadrill
|-damage|p2a: Excadrill|0 fnt
|-enditem|p2a: Excadrill|Air Balloon
|-damage|p1a: Thundurus|270\/299|[from] item: Life Orb
|faint|p2a: Excadrill
|
|
|switch|p2a: Latios|Latios, M|265\/301
|turn|15
|
|move|p1a: Thundurus|Thunder Wave|p2a: Latios
|-status|p2a: Latios|par
|move|p2a: Latios|Surf|p1a: Thundurus
|-damage|p1a: Thundurus|61\/299
|
|turn|16
|
|switch|p1a: Greninja|Greninja, M|257\/285
|move|p2a: Latios|Surf|p1a: Greninja
|-resisted|p1a: Greninja
|-damage|p1a: Greninja|132\/285
|
|turn|17
|
|move|p1a: Greninja|Ice Beam|p2a: Latios
|-start|p1a: Greninja|typechange|Ice|[from] Protean
|-supereffective|p2a: Latios
|-damage|p2a: Latios|0 fnt
|-damage|p1a: Greninja|104\/285|[from] item: Life Orb
|faint|p2a: Latios
|
|
|switch|p2a: Azumarill|Azumarill, M|235\/401
|turn|18
|
|move|p2a: Azumarill|Aqua Jet|p1a: Greninja
|-damage|p1a: Greninja|0 fnt
|faint|p1a: Greninja
|
|
|switch|p1a: Garchomp|Garchomp, F|357\/357
|turn|19
|
|move|p2a: Azumarill|Aqua Jet|p1a: Garchomp
|-damage|p1a: Garchomp|273\/357
|-damage|p2a: Azumarill|185\/401|[from] ability: Rough Skin|[of] p1a: Garchomp
|move|p1a: Garchomp|Stealth Rock|p2a: Azumarill
|-sidestart|p2: Robbenwithlasers|move: Stealth Rock
|
|turn|20
|
|move|p2a: Azumarill|Aqua Jet|p1a: Garchomp
|-damage|p1a: Garchomp|189\/357
|-damage|p2a: Azumarill|135\/401|[from] ability: Rough Skin|[of] p1a: Garchomp
|move|p1a: Garchomp|Earthquake|p2a: Azumarill
|-damage|p2a: Azumarill|0 fnt
|faint|p2a: Azumarill
|
|
|switch|p2a: Talonflame|Talonflame, M|206\/297
|-damage|p2a: Talonflame|58\/297|[from] Stealth Rock
|turn|21
|
|switch|p1a: Thundurus|Thundurus, M|61\/299
|move|p2a: Talonflame|Brave Bird|p1a: Thundurus
|-resisted|p1a: Thundurus
|-damage|p1a: Thundurus|0 fnt
|-damage|p2a: Talonflame|38\/297|[from] recoil|[of] p1a: Thundurus
|faint|p1a: Thundurus
|
|
|switch|p1a: Garchomp|Garchomp, F|189\/357
|turn|22
|
|move|p2a: Talonflame|Brave Bird|p1a: Garchomp
|-damage|p1a: Garchomp|0 fnt
|-damage|p2a: Talonflame|1\/297|[from] ability: Rough Skin|[of] p1a: Garchomp
|-damage|p2a: Talonflame|0 fnt|[from] recoil|[of] p1a: Garchomp
|faint|p1a: Garchomp
|faint|p2a: Talonflame
|
|win|Robbenwithlasers
|raw|Ladder updating...
|raw|bldjvm's rating: 1000 &rarr; <strong>1000<\/strong><br \/>(+0 for losing)
|raw|Robbenwithlasers's rating: 1142 &rarr; <strong>1158<\/strong><br \/>(+16 for winning)