|join|Bring Me To
|join|ThisFireBurns
|player|p1|Bring Me To|253
|player|p2|ThisFireBurns|170
|gametype|singles
|gen|6
|tier|OU
|clearpoke
|poke|p1|Deoxys-Defense
|poke|p1|Aegislash, F
|poke|p1|Zapdos
|poke|p1|Conkeldurr, F
|poke|p1|Landorus-Therian, M
|poke|p1|Houndoom, F
|poke|p2|Tyranitar, F
|poke|p2|Rotom-Wash
|poke|p2|Landorus-Therian, M
|poke|p2|Conkeldurr, F
|poke|p2|Scizor, F
|poke|p2|Latias, F
|rule|Sleep Clause Mod: Limit one foe put to sleep
|rule|Species Clause: Limit one of each Pokemon
|rule|OHKO Clause: OHKO moves are banned
|rule|Moody Clause: Moody is banned
|rule|Evasion Moves Clause: Evasion moves are banned
|rule|Endless Battle Clause: Forcing endless battles is banned.
|rule|HP Percentage Mod: HP is reported as percentages
|teampreview
|join|Number Zero
|
|start
|switch|p1a: TUTU|Landorus-Therian, M|319\/319
|switch|p2a: Scizor|Scizor, F|344\/344
|-ability|p1a: TUTU|Intimidate|[of] p2a: Scizor
|-unboost|p2a: Scizor|atk|1
|turn|1
|
|-formechange|p2a: Scizor|Scizor-Mega
|message|Scizor has Mega Evolved into Mega Scizor!
|move|p1a: TUTU|U-turn|p2a: Scizor
|-resisted|p2a: Scizor
|-damage|p2a: Scizor|317\/344
|
|switch|p1a: JA SEI CHUTAR A BO|Zapdos|383\/383
|-ability|p1a: JA SEI CHUTAR A BO|Pressure
|move|p2a: Scizor|Knock Off|p1a: JA SEI CHUTAR A BO
|-damage|p1a: JA SEI CHUTAR A BO|297\/383
|-enditem|p1a: JA SEI CHUTAR A BO|Leftovers|[from] move: Knock Off|[of] p2a: Scizor
|
|turn|2
|
|switch|p1a: TUTU|Landorus-Therian, M|319\/319
|-ability|p1a: TUTU|Intimidate|[of] p2a: Scizor
|-unboost|p2a: Scizor|atk|1
|switch|p2a: Conkeldurr|Conkeldurr, F|414\/414
|
|turn|3
|
|switch|p1a: JA SEI CHUTAR A BO|Zapdos|297\/383
|-ability|p1a: JA SEI CHUTAR A BO|Pressure
|move|p2a: Conkeldurr|Knock Off|p1a: JA SEI CHUTAR A BO
|-damage|p1a: JA SEI CHUTAR A BO|202\/383
|
|turn|4
|
|switch|p1a: JA SEI BEIJAR DE L|Aegislash, F|324\/324
|move|p2a: Conkeldurr|Ice Punch|p1a: JA SEI BEIJAR DE L
|-resisted|p1a: JA SEI BEIJAR DE L
|-damage|p1a: JA SEI BEIJAR DE L|286\/324
|
|-heal|p1a: JA SEI BEIJAR DE L|306\/324|[from] item: Leftovers
|turn|5
|
|move|p1a: JA SEI BEIJAR DE L|King's Shield|p1a: JA SEI BEIJAR DE L
|-singleturn|p1a: JA SEI BEIJAR DE L|Protect
|move|p2a: Conkeldurr|Drain Punch|p1a: JA SEI BEIJAR DE L
|-immune|p1a: JA SEI BEIJAR DE L|[msg]
|
|-heal|p1a: JA SEI BEIJAR DE L|324\/324|[from] item: Leftovers
|turn|6
|
|switch|p1a: TUTU|Landorus-Therian, M|319\/319
|-ability|p1a: TUTU|Intimidate|[of] p2a: Conkeldurr
|-unboost|p2a: Conkeldurr|atk|1
|move|p2a: Conkeldurr|Ice Punch|p1a: TUTU
|-supereffective|p1a: TUTU
|-damage|p1a: TUTU|35\/319
|
|turn|7
|
|switch|p1a: JA SEI BEIJAR DE L|Aegislash, F|324\/324
|move|p2a: Conkeldurr|Mach Punch|p1a: JA SEI BEIJAR DE L
|-immune|p1a: JA SEI BEIJAR DE L|[msg]
|
|turn|8
|
|-formechange|p1a: JA SEI BEIJAR DE L|Aegislash-Blade
|move|p1a: JA SEI BEIJAR DE L|Shadow Ball|p2a: Conkeldurr
|-damage|p2a: Conkeldurr|261\/414
|move|p2a: Conkeldurr|Knock Off|p1a: JA SEI BEIJAR DE L
|-supereffective|p1a: JA SEI BEIJAR DE L
|-damage|p1a: JA SEI BEIJAR DE L|24\/324
|-enditem|p1a: JA SEI BEIJAR DE L|Leftovers|[from] move: Knock Off|[of] p2a: Conkeldurr
|
|turn|9
|
|switch|p2a: Tyranitar|Tyranitar, F|404\/404
|-weather|Sandstorm
|-formechange|p1a: JA SEI BEIJAR DE L|Aegislash
|move|p1a: JA SEI BEIJAR DE L|King's Shield|p1a: JA SEI BEIJAR DE L
|-fail|p1a: JA SEI BEIJAR DE L
|
|-weather|Sandstorm|[upkeep]
|turn|10
|
|move|p2a: Tyranitar|Pursuit|p1a: JA SEI BEIJAR DE L
|-supereffective|p1a: JA SEI BEIJAR DE L
|-damage|p1a: JA SEI BEIJAR DE L|0 fnt
|faint|p1a: JA SEI BEIJAR DE L
|
|-weather|Sandstorm|[upkeep]
|
|switch|p1a: TETE|Conkeldurr, F|351\/351
|turn|11
|
|switch|p2a: Scizor|Scizor, F|317\/344
|-formechange|p2a: Scizor|Scizor-Mega
|move|p1a: TETE|Ice Punch|p2a: Scizor
|-resisted|p2a: Scizor
|-damage|p2a: Scizor|289\/344
|
|-weather|Sandstorm|[upkeep]
|-damage|p1a: TETE|330\/351|[from] sandstorm
|turn|12
|
|move|p2a: Scizor|U-turn|p1a: TETE
|-crit|p1a: TETE
|-resisted|p1a: TETE
|-damage|p1a: TETE|231\/351
|
|switch|p2a: Latias|Latias, F|302\/302
|move|p1a: TETE|Drain Punch|p2a: Latias
|-resisted|p2a: Latias
|-damage|p2a: Latias|213\/302
|-heal|p1a: TETE|276\/351|[from] drain|[of] p2a: Latias
|
|-weather|Sandstorm|[upkeep]
|-damage|p2a: Latias|195\/302|[from] sandstorm
|-damage|p1a: TETE|255\/351|[from] sandstorm
|turn|13
|
|move|p2a: Latias|Draco Meteor|p1a: TETE
|-damage|p1a: TETE|67\/351
|-unboost|p2a: Latias|spa|2
|-damage|p2a: Latias|165\/302|[from] item: Life Orb
|move|p1a: TETE|Knock Off|p2a: Latias
|-supereffective|p2a: Latias
|-damage|p2a: Latias|0 fnt
|faint|p2a: Latias
|
|-weather|none
|
|switch|p2a: Scizor|Scizor, F|289\/344
|-formechange|p2a: Scizor|Scizor-Mega
|turn|14
|
|switch|p1a: JA SEI CHUTAR A BO|Zapdos|202\/383
|-ability|p1a: JA SEI CHUTAR A BO|Pressure
|move|p2a: Scizor|Bullet Punch|p1a: JA SEI CHUTAR A BO
|-resisted|p1a: JA SEI CHUTAR A BO
|-damage|p1a: JA SEI CHUTAR A BO|142\/383
|
|turn|15
|
|switch|p1a: TUTU|Landorus-Therian, M|35\/319
|-ability|p1a: TUTU|Intimidate|[of] p2a: Scizor
|-unboost|p2a: Scizor|atk|1
|switch|p2a: Tyranitar|Tyranitar, F|404\/404
|-weather|Sandstorm
|
|-weather|Sandstorm|[upkeep]
|turn|16
|
|switch|p2a: Landorus-Therian|Landorus-Therian, M|319\/319
|-ability|p2a: Landorus-Therian|Intimidate|[of] p1a: TUTU
|-unboost|p1a: TUTU|atk|1
|move|p1a: TUTU|Hidden Power|p2a: Landorus-Therian
|-supereffective|p2a: Landorus-Therian
|-damage|p2a: Landorus-Therian|83\/319
|
|-weather|Sandstorm|[upkeep]
|turn|17
|
|switch|p2a: Tyranitar|Tyranitar, F|404\/404
|move|p1a: TUTU|Hidden Power|p2a: Tyranitar
|-damage|p2a: Tyranitar|380\/404
|
|-weather|Sandstorm|[upkeep]
|-heal|p2a: Tyranitar|404\/404|[from] item: Leftovers
|turn|18
|
|move|p1a: TUTU|Hidden Power|p2a: Tyranitar
|-damage|p2a: Tyranitar|379\/404
|move|p2a: Tyranitar|Stealth Rock|p1a: TUTU
|-sidestart|p1: Bring Me To|move: Stealth Rock
|
|-weather|Sandstorm|[upkeep]
|-heal|p2a: Tyranitar|404\/404|[from] item: Leftovers
|turn|19
|
|move|p2a: Tyranitar|Pursuit|p1a: TUTU|[from]Pursuit
|-damage|p1a: TUTU|0 fnt
|faint|p1a: TUTU
|
|-weather|none
|
|switch|p1a: JA SEI CHUTAR A BO|Zapdos|142\/383
|-damage|p1a: JA SEI CHUTAR A BO|47\/383|[from] Stealth Rock
|-ability|p1a: JA SEI CHUTAR A BO|Pressure
|turn|20
|
|switch|p2a: Landorus-Therian|Landorus-Therian, M|83\/319
|-ability|p2a: Landorus-Therian|Intimidate|[of] p1a: JA SEI CHUTAR A BO
|-unboost|p1a: JA SEI CHUTAR A BO|atk|1
|move|p1a: JA SEI CHUTAR A BO|Defog|p2a: Landorus-Therian
|-unboost|p2a: Landorus-Therian|evasion|1
|-sideend|p1: Bring Me To|Stealth Rock|[from] move: Defog|[of] p1a: JA SEI CHUTAR A BO
|
|turn|21
|
|switch|p1a: JA SEI NAMORAR|Deoxys-Defense|304\/304
|-ability|p1a: JA SEI NAMORAR|Pressure
|move|p2a: Landorus-Therian|Knock Off|p1a: JA SEI NAMORAR
|-supereffective|p1a: JA SEI NAMORAR
|-damage|p1a: JA SEI NAMORAR|120\/304
|-enditem|p1a: JA SEI NAMORAR|Red Card|[from] move: Knock Off|[of] p2a: Landorus-Therian
|
|turn|22
|
|move|p2a: Landorus-Therian|Knock Off|p1a: JA SEI NAMORAR
|-supereffective|p1a: JA SEI NAMORAR
|-damage|p1a: JA SEI NAMORAR|4\/304
|move|p1a: JA SEI NAMORAR|Stealth Rock|p2a: Landorus-Therian
|-sidestart|p2: ThisFireBurns|move: Stealth Rock
|
|turn|23
|
|move|p2a: Landorus-Therian|Knock Off|p1a: JA SEI NAMORAR
|-supereffective|p1a: JA SEI NAMORAR
|-damage|p1a: JA SEI NAMORAR|0 fnt
|faint|p1a: JA SEI NAMORAR
|
|
|switch|p1a: TATA|Houndoom, F|291\/291
|turn|24
|
|switch|p2a: Tyranitar|Tyranitar, F|404\/404
|-damage|p2a: Tyranitar|354\/404|[from] Stealth Rock
|-weather|Sandstorm
|-formechange|p1a: TATA|Houndoom-Mega
|message|Houndoom has Mega Evolved into Mega Houndoom!
|move|p1a: TATA|Nasty Plot|p1a: TATA
|-boost|p1a: TATA|spa|2
|
|-weather|Sandstorm|[upkeep]
|-damage|p1a: TATA|273\/291|[from] sandstorm
|-heal|p2a: Tyranitar|379\/404|[from] item: Leftovers
|turn|25
|
|move|p1a: TATA|Hidden Power|p2a: Tyranitar
|-supereffective|p2a: Tyranitar
|-damage|p2a: Tyranitar|239\/404
|move|p2a: Tyranitar|Stealth Rock|p1a: TATA
|-sidestart|p1: Bring Me To|move: Stealth Rock
|
|-weather|Sandstorm|[upkeep]
|-damage|p1a: TATA|255\/291|[from] sandstorm
|-heal|p2a: Tyranitar|264\/404|[from] item: Leftovers
|turn|26
|
|move|p1a: TATA|Hidden Power|p2a: Tyranitar
|-supereffective|p2a: Tyranitar
|-damage|p2a: Tyranitar|104\/404
|move|p2a: Tyranitar|Superpower|p1a: TATA
|-supereffective|p1a: TATA
|-damage|p1a: TATA|0 fnt
|-unboost|p2a: Tyranitar|atk|1
|-unboost|p2a: Tyranitar|def|1
|faint|p1a: TATA
|
|-weather|Sandstorm|[upkeep]
|-heal|p2a: Tyranitar|129\/404|[from] item: Leftovers
|chat|ThisFireBurns|gg
|
|switch|p1a: TETE|Conkeldurr, F|67\/351
|-damage|p1a: TETE|46\/351|[from] Stealth Rock
|turn|27
|
|move|p1a: TETE|Mach Punch|p2a: Tyranitar
|-crit|p2a: Tyranitar
|-supereffective|p2a: Tyranitar
|-damage|p2a: Tyranitar|0 fnt
|faint|p2a: Tyranitar
|
|-weather|Sandstorm|[upkeep]
|-damage|p1a: TETE|25\/351|[from] sandstorm
|
|switch|p2a: Scizor|Scizor, F|289\/344
|-formechange|p2a: Scizor|Scizor-Mega
|-damage|p2a: Scizor|246\/344|[from] Stealth Rock
|turn|28
|
|move|p2a: Scizor|Bullet Punch|p1a: TETE
|-damage|p1a: TETE|0 fnt
|faint|p1a: TETE
|
|-weather|none
|
|switch|p1a: JA SEI CHUTAR A BO|Zapdos|47\/383
|-damage|p1a: JA SEI CHUTAR A BO|0 fnt|[from] Stealth Rock
|faint|p1a: JA SEI CHUTAR A BO
|
|win|ThisFireBurns
|leave|Bring Me To
|player|p1
|leave|Number Zero