|join|rampant negrow
|join|ThisFireBurns
|player|p1|rampant negrow|188
|player|p2|ThisFireBurns|266
|gametype|singles
|gen|6
|tier|OU
|rated
|clearpoke
|poke|p1|Breloom, F
|poke|p1|Talonflame, F
|poke|p1|Terrakion
|poke|p1|Latias, F
|poke|p1|Gardevoir, F
|poke|p1|Bisharp, F, shiny
|poke|p2|Talonflame, F
|poke|p2|Keldeo
|poke|p2|Scizor, F
|poke|p2|Latios, M
|poke|p2|Thundurus, M
|poke|p2|Mamoswine, F
|rule|Swagger Clause: Swagger is banned
|rule|Baton Pass Clause: Limit one PokÃ©mon knowing Baton Pass
|rule|Sleep Clause Mod: Limit one foe put to sleep
|rule|Species Clause: Limit one of each PokÃ©mon
|rule|OHKO Clause: OHKO moves are banned
|rule|Moody Clause: Moody is banned
|rule|Evasion Moves Clause: Evasion moves are banned
|rule|Endless Battle Clause: Forcing endless battles is banned
|rule|HP Percentage Mod: HP is shown in percentages
|teampreview
|join|Ubers Must Fall
|join|I Have A Plan
|
|start
|switch|p1a: i will keep trying|Gardevoir, F|277\/277
|switch|p2a: Mamoswine|Mamoswine, F|361\/361
|-ability|p1a: i will keep trying|Thick Fat|[from] ability: Trace|[of] p2a: Mamoswine
|turn|1
|
|detailschange|p1a: i will keep trying|Gardevoir-Mega, F
|message|Gardevoir has Mega Evolved into Mega Gardevoir!
|move|p2a: Mamoswine|Endeavor|p1a: i will keep trying
|-immune|p1a: i will keep trying|[msg]
|-fail|p1a: i will keep trying
|move|p1a: i will keep trying|Hyper Voice|p2a: Mamoswine
|-damage|p2a: Mamoswine|6\/361
|
|turn|2
|
|move|p1a: i will keep trying|Hyper Voice|p2a: Mamoswine
|-damage|p2a: Mamoswine|0 fnt
|faint|p2a: Mamoswine
|
|
|switch|p2a: Keldeo|Keldeo|323\/323
|turn|3
|
|move|p2a: Keldeo|Hydro Pump|p1a: i will keep trying
|-damage|p1a: i will keep trying|33\/277
|move|p1a: i will keep trying|Hyper Voice|p2a: Keldeo
|-supereffective|p2a: Keldeo
|-damage|p2a: Keldeo|0 fnt
|faint|p2a: Keldeo
|
|
|switch|p2a: Talonflame|Talonflame, F|297\/297
|turn|4
|
|move|p2a: Talonflame|U-turn|p1a: i will keep trying
|-damage|p1a: i will keep trying|0 fnt
|faint|p1a: i will keep trying
|
|switch|p2a: Thundurus|Thundurus, M|299\/299
|
|
|switch|p1a: hello Lt|Terrakion|324\/324
|turn|5
|
|move|p2a: Thundurus|Superpower|p1a: hello Lt
|-supereffective|p1a: hello Lt
|-damage|p1a: hello Lt|20\/324
|-unboost|p2a: Thundurus|atk|1
|-unboost|p2a: Thundurus|def|1
|-damage|p2a: Thundurus|270\/299|[from] item: Life Orb
|move|p1a: hello Lt|Stone Edge|p2a: Thundurus
|-supereffective|p2a: Thundurus
|-damage|p2a: Thundurus|0 fnt
|faint|p2a: Thundurus
|
|
|switch|p2a: Talonflame|Talonflame, F|297\/297
|turn|6
|
|move|p2a: Talonflame|U-turn|p1a: hello Lt
|-crit|p1a: hello Lt
|-resisted|p1a: hello Lt
|-damage|p1a: hello Lt|0 fnt
|faint|p1a: hello Lt
|
|switch|p2a: Scizor|Scizor, F|344\/344
|
|
|switch|p1a: good job!|Talonflame, F|327\/327
|turn|7
|
|detailschange|p2a: Scizor|Scizor-Mega, F
|message|Scizor has Mega Evolved into Mega Scizor!
|move|p2a: Scizor|Bullet Punch|p1a: good job!
|-resisted|p1a: good job!
|-damage|p1a: good job!|261\/327
|move|p1a: good job!|Flare Blitz|p2a: Scizor
|-supereffective|p2a: Scizor
|-damage|p2a: Scizor|0 fnt
|-damage|p1a: good job!|147\/327|[from] recoil|[of] p2a: Scizor
|faint|p2a: Scizor
|
|
|switch|p2a: Talonflame|Talonflame, F|297\/297
|turn|8
|
|move|p2a: Talonflame|Brave Bird|p1a: good job!
|-damage|p1a: good job!|0 fnt
|-damage|p2a: Talonflame|248\/297|[from] recoil|[of] p1a: good job!
|faint|p1a: good job!
|
|
|switch|p1a: kangashroorooms|Breloom, F|262\/262
|turn|9
|
|move|p2a: Talonflame|Brave Bird|p1a: kangashroorooms
|-supereffective|p1a: kangashroorooms
|-enditem|p1a: kangashroorooms|Focus Sash
|-damage|p1a: kangashroorooms|1\/262
|-damage|p2a: Talonflame|162\/297|[from] recoil|[of] p1a: kangashroorooms
|move|p1a: kangashroorooms|Spore|p2a: Talonflame
|-status|p2a: Talonflame|slp
|
|turn|10
|
|switch|p2a: Latios|Latios, M|301\/301
|move|p1a: kangashroorooms|Rock Tomb|p2a: Latios
|-damage|p2a: Latios|178\/301
|-unboost|p2a: Latios|spe|1
|
|turn|11
|
|move|p1a: kangashroorooms|Rock Tomb|p2a: Latios
|-damage|p2a: Latios|52\/301
|-unboost|p2a: Latios|spe|1
|move|p2a: Latios|Earthquake|p1a: kangashroorooms
|-resisted|p1a: kangashroorooms
|-damage|p1a: kangashroorooms|0 fnt
|-damage|p2a: Latios|22\/301|[from] item: Life Orb
|faint|p1a: kangashroorooms
|
|
|switch|p1a: thomas|Bisharp, F, shiny|290\/290
|turn|12
|-message|ThisFireBurns forfeited.
|
|win|rampant negrow
|raw|Ladder updating...
|leave|ThisFireBurns
|player|p2
|raw|rampant negrow's rating: 1719 &rarr; <strong>1742<\/strong><br \/>(+23 for winning)
|raw|ThisFireBurns's rating: 1779 &rarr; <strong>1756<\/strong><br \/>(-23 for losing)
|leave|I Have A Plan