|join|Reaper of Hearts
|join|ThisFireBurns
|player|p1|Reaper of Hearts|65
|player|p2|ThisFireBurns|266
|gametype|singles
|gen|6
|tier|OU
|rated
|clearpoke
|poke|p1|Medicham, F
|poke|p1|Gothitelle, M
|poke|p1|Mew
|poke|p1|Chansey, F
|poke|p1|Skarmory, F
|poke|p1|Rotom-Wash
|poke|p2|Talonflame, F
|poke|p2|Keldeo
|poke|p2|Scizor, F
|poke|p2|Latios, M
|poke|p2|Thundurus, M
|poke|p2|Mamoswine, F
|rule|Swagger Clause: Swagger is banned
|rule|Baton Pass Clause: Limit one PokÃ©mon knowing Baton Pass
|rule|Sleep Clause Mod: Limit one foe put to sleep
|rule|Species Clause: Limit one of each PokÃ©mon
|rule|OHKO Clause: OHKO moves are banned
|rule|Moody Clause: Moody is banned
|rule|Evasion Moves Clause: Evasion moves are banned
|rule|Endless Battle Clause: Forcing endless battles is banned
|rule|HP Percentage Mod: HP is shown in percentages
|teampreview
|
|start
|switch|p1a: Rotom-Wash|Rotom-Wash|304\/304
|switch|p2a: Thundurus|Thundurus, M|299\/299
|turn|1
|
|move|p2a: Thundurus|Thunderbolt|p1a: Rotom-Wash
|-damage|p1a: Rotom-Wash|131\/304
|-damage|p2a: Thundurus|270\/299|[from] item: Life Orb
|move|p1a: Rotom-Wash|Hydro Pump|p2a: Thundurus
|-damage|p2a: Thundurus|92\/299
|
|-heal|p1a: Rotom-Wash|150\/304|[from] item: Leftovers
|turn|2
|
|switch|p1a: Chansey|Chansey, F|684\/684
|move|p2a: Thundurus|Superpower|p1a: Chansey
|-supereffective|p1a: Chansey
|-damage|p1a: Chansey|346\/684
|-unboost|p2a: Thundurus|atk|1
|-unboost|p2a: Thundurus|def|1
|-damage|p2a: Thundurus|63\/299|[from] item: Life Orb
|
|turn|3
|
|switch|p2a: Mamoswine|Mamoswine, F|361\/361
|move|p1a: Chansey|Soft-Boiled|p1a: Chansey
|-heal|p1a: Chansey|684\/684
|
|turn|4
|
|switch|p1a: Skarmory|Skarmory, F|334\/334
|move|p2a: Mamoswine|Stealth Rock|p1a: Skarmory
|-sidestart|p1: Reaper of Hearts|move: Stealth Rock
|
|turn|5
|
|switch|p2a: Keldeo|Keldeo|323\/323
|move|p1a: Skarmory|Stealth Rock|p2a: Keldeo
|-sidestart|p2: ThisFireBurns|move: Stealth Rock
|
|turn|6
|
|switch|p1a: Rotom-Wash|Rotom-Wash|150\/304
|-damage|p1a: Rotom-Wash|112\/304|[from] Stealth Rock
|move|p2a: Keldeo|Scald|p1a: Rotom-Wash
|-resisted|p1a: Rotom-Wash
|-damage|p1a: Rotom-Wash|29\/304
|
|-heal|p1a: Rotom-Wash|48\/304|[from] item: Leftovers
|turn|7
|
|move|p2a: Keldeo|Scald|p1a: Rotom-Wash
|-resisted|p1a: Rotom-Wash
|-damage|p1a: Rotom-Wash|0 fnt
|faint|p1a: Rotom-Wash
|
|
|switch|p1a: Gothitelle|Gothitelle, M|344\/344
|-damage|p1a: Gothitelle|301\/344|[from] Stealth Rock
|turn|8
|
|move|p2a: Keldeo|Scald|p1a: Gothitelle
|-damage|p1a: Gothitelle|100\/344
|move|p1a: Gothitelle|Psychic|p2a: Keldeo
|-supereffective|p2a: Keldeo
|-damage|p2a: Keldeo|0 fnt
|faint|p2a: Keldeo
|
|
|switch|p2a: Scizor|Scizor, F|344\/344
|-damage|p2a: Scizor|301\/344|[from] Stealth Rock
|turn|9
|
|switch|p1a: Skarmory|Skarmory, F|334\/334
|-damage|p1a: Skarmory|293\/334|[from] Stealth Rock
|detailschange|p2a: Scizor|Scizor-Mega, F
|message|Scizor has Mega Evolved into Mega Scizor!
|move|p2a: Scizor|Defog|p1a: Skarmory
|-unboost|p1a: Skarmory|evasion|1
|-sideend|p1: Reaper of Hearts|Stealth Rock|[from] move: Defog|[of] p1a: Skarmory
|-sideend|p2: ThisFireBurns|Stealth Rock|[from] move: Defog|[of] p2a: Scizor
|
|turn|10
|
|switch|p2a: Thundurus|Thundurus, M|63\/299
|move|p1a: Skarmory|Stealth Rock|p2a: Thundurus
|-sidestart|p2: ThisFireBurns|move: Stealth Rock
|
|turn|11
|
|move|p2a: Thundurus|Thunder Wave|p1a: Skarmory
|-status|p1a: Skarmory|par
|cant|p1a: Skarmory|par
|
|turn|12
|
|switch|p2a: Scizor|Scizor-Mega, F|301\/344
|-damage|p2a: Scizor|258\/344|[from] Stealth Rock
|switch|p1a: Chansey|Chansey, F|684\/684
|
|turn|13
|
|switch|p1a: Medicham|Medicham, F|261\/261
|move|p2a: Scizor|Defog|p1a: Medicham
|-unboost|p1a: Medicham|evasion|1
|-sideend|p2: ThisFireBurns|Stealth Rock|[from] move: Defog|[of] p2a: Scizor
|
|turn|14
|
|detailschange|p1a: Medicham|Medicham-Mega, F
|message|Medicham has Mega Evolved into Mega Medicham!
|move|p1a: Medicham|High Jump Kick|p2a: Scizor
|-damage|p2a: Scizor|29\/344
|move|p2a: Scizor|U-turn|p1a: Medicham
|-damage|p1a: Medicham|116\/261
|
|switch|p2a: Talonflame|Talonflame, F|297\/297
|
|turn|15
|
|switch|p1a: Skarmory|Skarmory, F|293\/334 par
|move|p2a: Talonflame|Flare Blitz|p1a: Skarmory
|-supereffective|p1a: Skarmory
|-damage|p1a: Skarmory|0 fnt
|-damage|p2a: Talonflame|248\/297|[from] item: Rocky Helmet|[of] p1a: Skarmory
|-damage|p2a: Talonflame|151\/297|[from] recoil|[of] p1a: Skarmory
|faint|p1a: Skarmory
|
|
|switch|p1a: Medicham|Medicham-Mega, F|116\/261
|turn|16
|
|switch|p2a: Latios|Latios, M|301\/301
|move|p1a: Medicham|Fake Out|p2a: Latios
|-damage|p2a: Latios|205\/301
|
|turn|17
|
|switch|p1a: Chansey|Chansey, F|684\/684
|move|p2a: Latios|Draco Meteor|p1a: Chansey
|-damage|p1a: Chansey|516\/684
|-unboost|p2a: Latios|spa|2
|-damage|p2a: Latios|175\/301|[from] item: Life Orb
|
|turn|18
|
|switch|p2a: Mamoswine|Mamoswine, F|361\/361
|move|p1a: Chansey|Seismic Toss|p2a: Mamoswine
|-damage|p2a: Mamoswine|261\/361
|
|turn|19
|
|switch|p1a: Medicham|Medicham-Mega, F|116\/261
|move|p2a: Mamoswine|Stealth Rock|p1a: Medicham
|-sidestart|p1: Reaper of Hearts|move: Stealth Rock
|
|turn|20
|
|move|p2a: Mamoswine|Ice Shard|p1a: Medicham
|-damage|p1a: Medicham|31\/261
|move|p1a: Medicham|Zen Headbutt|p2a: Mamoswine
|-damage|p2a: Mamoswine|0 fnt
|faint|p2a: Mamoswine
|
|
|switch|p2a: Talonflame|Talonflame, F|151\/297
|turn|21
|
|switch|p1a: Gothitelle|Gothitelle, M|100\/344
|-damage|p1a: Gothitelle|57\/344|[from] Stealth Rock
|move|p2a: Talonflame|U-turn|p1a: Gothitelle
|-supereffective|p1a: Gothitelle
|-damage|p1a: Gothitelle|0 fnt
|faint|p1a: Gothitelle
|
|switch|p2a: Latios|Latios, M|175\/301
|
|
|switch|p1a: Chansey|Chansey, F|516\/684
|-damage|p1a: Chansey|431\/684|[from] Stealth Rock
|turn|22
|
|switch|p2a: Scizor|Scizor-Mega, F|29\/344
|move|p1a: Chansey|Soft-Boiled|p1a: Chansey
|-heal|p1a: Chansey|684\/684
|
|turn|23
|
|move|p2a: Scizor|Roost|p2a: Scizor
|-heal|p2a: Scizor|201\/344
|move|p1a: Chansey|Thunder Wave|p2a: Scizor
|-status|p2a: Scizor|par
|
|turn|24
|
|move|p1a: Chansey|Seismic Toss|p2a: Scizor
|-damage|p2a: Scizor|101\/344 par
|move|p2a: Scizor|U-turn|p1a: Chansey
|-damage|p1a: Chansey|525\/684
|
|switch|p2a: Talonflame|Talonflame, F|151\/297
|
|turn|25
|
|move|p2a: Talonflame|U-turn|p1a: Chansey
|-damage|p1a: Chansey|403\/684
|
|switch|p2a: Scizor|Scizor-Mega, F|101\/344 par
|move|p1a: Chansey|Soft-Boiled|p1a: Chansey
|-heal|p1a: Chansey|684\/684
|
|turn|26
|
|move|p1a: Chansey|Seismic Toss|p2a: Scizor
|-damage|p2a: Scizor|1\/344 par
|move|p2a: Scizor|Roost|p2a: Scizor
|-heal|p2a: Scizor|173\/344 par
|
|turn|27
|
|move|p1a: Chansey|Seismic Toss|p2a: Scizor
|-damage|p2a: Scizor|73\/344 par
|move|p2a: Scizor|Roost|p2a: Scizor
|-heal|p2a: Scizor|245\/344 par
|
|turn|28
|
|move|p1a: Chansey|Seismic Toss|p2a: Scizor
|-damage|p2a: Scizor|145\/344 par
|move|p2a: Scizor|Roost|p2a: Scizor
|-heal|p2a: Scizor|317\/344 par
|
|turn|29
|
|move|p1a: Chansey|Seismic Toss|p2a: Scizor
|-damage|p2a: Scizor|217\/344 par
|move|p2a: Scizor|U-turn|p1a: Chansey
|-damage|p1a: Chansey|537\/684
|
|switch|p2a: Talonflame|Talonflame, F|151\/297
|
|turn|30
|
|move|p2a: Talonflame|Roost|p2a: Talonflame
|-heal|p2a: Talonflame|297\/297
|move|p1a: Chansey|Soft-Boiled|p1a: Chansey
|-heal|p1a: Chansey|684\/684
|
|turn|31
|
|switch|p2a: Scizor|Scizor-Mega, F|217\/344 par
|move|p1a: Chansey|Seismic Toss|p2a: Scizor
|-damage|p2a: Scizor|117\/344 par
|
|turn|32
|
|move|p1a: Chansey|Seismic Toss|p2a: Scizor
|-damage|p2a: Scizor|17\/344 par
|cant|p2a: Scizor|par
|
|turn|33
|
|move|p2a: Scizor|Bullet Punch|p1a: Chansey
|-damage|p1a: Chansey|549\/684
|move|p1a: Chansey|Seismic Toss|p2a: Scizor
|-damage|p2a: Scizor|0 fnt
|faint|p2a: Scizor
|
|
|switch|p2a: Talonflame|Talonflame, F|297\/297
|turn|34
|
|move|p2a: Talonflame|Flare Blitz|p1a: Chansey
|-damage|p1a: Chansey|186\/684
|-status|p1a: Chansey|brn
|-damage|p2a: Talonflame|177\/297|[from] recoil|[of] p1a: Chansey
|move|p1a: Chansey|Thunder Wave|p2a: Talonflame
|-status|p2a: Talonflame|par
|
|-damage|p1a: Chansey|101\/684 brn|[from] brn
|turn|35
|
|move|p1a: Chansey|Seismic Toss|p2a: Talonflame
|-damage|p2a: Talonflame|77\/297 par
|move|p2a: Talonflame|Flare Blitz|p1a: Chansey
|-damage|p1a: Chansey|0 fnt
|-damage|p2a: Talonflame|44\/297 par|[from] recoil|[of] p1a: Chansey
|faint|p1a: Chansey
|
|
|switch|p1a: Mew|Mew|404\/404
|-damage|p1a: Mew|354\/404|[from] Stealth Rock
|turn|36
|
|switch|p2a: Latios|Latios, M|175\/301
|move|p1a: Mew|Knock Off|p2a: Latios
|-supereffective|p2a: Latios
|-damage|p2a: Latios|0 fnt
|-enditem|p2a: Latios|Life Orb|[from] move: Knock Off|[of] p1a: Mew
|faint|p2a: Latios
|
|-heal|p1a: Mew|379\/404|[from] item: Leftovers
|
|switch|p2a: Thundurus|Thundurus, M|63\/299
|turn|37
|
|move|p2a: Thundurus|Thunder Wave|p1a: Mew
|-status|p1a: Mew|par
|cant|p1a: Mew|par
|
|-heal|p1a: Mew|404\/404 par|[from] item: Leftovers
|turn|38
|
|move|p2a: Thundurus|Thunderbolt|p1a: Mew
|-damage|p1a: Mew|221\/404 par
|-damage|p2a: Thundurus|34\/299|[from] item: Life Orb
|move|p1a: Mew|Knock Off|p2a: Thundurus
|-damage|p2a: Thundurus|0 fnt
|-enditem|p2a: Thundurus|Life Orb|[from] move: Knock Off|[of] p1a: Mew
|faint|p2a: Thundurus
|
|-heal|p1a: Mew|246\/404 par|[from] item: Leftovers
|
|switch|p2a: Talonflame|Talonflame, F|44\/297 par
|turn|39
|
|move|p2a: Talonflame|Roost|p2a: Talonflame
|-heal|p2a: Talonflame|193\/297 par
|move|p1a: Mew|Taunt|p2a: Talonflame
|-start|p2a: Talonflame|move: Taunt
|
|-heal|p1a: Mew|271\/404 par|[from] item: Leftovers
|turn|40
|
|-activate|p2a: Talonflame|move: Struggle
|move|p2a: Talonflame|Struggle|p1a: Mew
|-damage|p1a: Mew|218\/404 par
|-damage|p2a: Talonflame|119\/297 par
|cant|p1a: Mew|par
|
|-heal|p1a: Mew|243\/404 par|[from] item: Leftovers
|turn|41
|-message|ThisFireBurns forfeited.
|
|win|Reaper of Hearts
|raw|Ladder updating...
|leave|ThisFireBurns
|player|p2
|raw|Reaper of Hearts's rating: 1889 &rarr; <strong>1901<\/strong><br \/>(+12 for winning)
|raw|ThisFireBurns's rating: 1756 &rarr; <strong>1743<\/strong><br \/>(-13 for losing)