|join|LT2B DoomXFTW
|join|ThisFireBurns
|player|p1|LT2B DoomXFTW|7
|player|p2|ThisFireBurns|1
|gametype|singles
|gen|6
|tier|OU
|rated
|clearpoke
|poke|p1|Latios, M
|poke|p1|Garchomp, F
|poke|p1|Manaphy
|poke|p1|Seismitoad, F
|poke|p1|Scizor, M
|poke|p1|Togekiss, F
|poke|p2|Tyranitar, M
|poke|p2|Rotom-Wash
|poke|p2|Latios, M
|poke|p2|Talonflame, M
|poke|p2|Venusaur, F
|poke|p2|Excadrill, F
|rule|Swagger Clause: Swagger is banned
|rule|Baton Pass Clause: Limit one PokÃ©mon knowing Baton Pass
|rule|Sleep Clause Mod: Limit one foe put to sleep
|rule|Species Clause: Limit one of each PokÃ©mon
|rule|OHKO Clause: OHKO moves are banned
|rule|Moody Clause: Moody is banned
|rule|Evasion Moves Clause: Evasion moves are banned
|rule|Endless Battle Clause: Forcing endless battles is banned
|rule|HP Percentage Mod: HP is shown in percentages
|teampreview
|
|start
|switch|p1a: Seismitoad|Seismitoad, F|414\/414
|switch|p2a: Talonflame|Talonflame, M|297\/297
|turn|1
|
|move|p2a: Talonflame|U-turn|p1a: Seismitoad
|-damage|p1a: Seismitoad|331\/414
|
|switch|p2a: Venusaur|Venusaur, F|364\/364
|move|p1a: Seismitoad|Stealth Rock|p2a: Venusaur
|-sidestart|p2: ThisFireBurns|move: Stealth Rock
|
|-heal|p1a: Seismitoad|356\/414|[from] item: Leftovers
|turn|2
|
|switch|p1a: Togekiss|Togekiss, F|311\/311
|detailschange|p2a: Venusaur|Venusaur-Mega, F
|message|Venusaur has Mega Evolved into Mega Venusaur!
|move|p2a: Venusaur|Sleep Powder|p1a: Togekiss
|-status|p1a: Togekiss|slp
|
|turn|3
|
|switch|p1a: Garchomp|Garchomp, F|357\/357
|switch|p2a: Excadrill|Excadrill, F|361\/361
|-damage|p2a: Excadrill|350\/361|[from] Stealth Rock
|
|turn|4
|
|move|p2a: Excadrill|Rapid Spin|p1a: Garchomp
|-damage|p1a: Garchomp|327\/357
|-damage|p2a: Excadrill|305\/361|[from] ability: Rough Skin|[of] p1a: Garchomp
|-sideend|p2: ThisFireBurns|Stealth Rock|[from] move: Rapid Spin|[of] p2a: Excadrill
|move|p1a: Garchomp|Substitute|p1a: Garchomp
|-start|p1a: Garchomp|Substitute
|-damage|p1a: Garchomp|238\/357
|
|-heal|p1a: Garchomp|260\/357|[from] item: Leftovers
|turn|5
|
|switch|p2a: Venusaur|Venusaur-Mega, F|364\/364
|move|p1a: Garchomp|Swords Dance|p1a: Garchomp
|-boost|p1a: Garchomp|atk|2
|
|-heal|p1a: Garchomp|282\/357|[from] item: Leftovers
|turn|6
|
|move|p1a: Garchomp|Swords Dance|p1a: Garchomp
|-boost|p1a: Garchomp|atk|2
|move|p2a: Venusaur|Giga Drain|p1a: Garchomp
|-end|p1a: Garchomp|Substitute
|
|-heal|p1a: Garchomp|304\/357|[from] item: Leftovers
|turn|7
|
|move|p1a: Garchomp|Dragon Claw|p2a: Venusaur
|-damage|p2a: Venusaur|100\/364
|move|p2a: Venusaur|Giga Drain|p1a: Garchomp
|-damage|p1a: Garchomp|193\/357
|-heal|p2a: Venusaur|156\/364|[from] drain|[of] p1a: Garchomp
|
|-heal|p1a: Garchomp|215\/357|[from] item: Leftovers
|turn|8
|
|switch|p2a: Excadrill|Excadrill, F|305\/361
|move|p1a: Garchomp|Dragon Claw|p2a: Excadrill
|-resisted|p2a: Excadrill
|-damage|p2a: Excadrill|0 fnt
|faint|p2a: Excadrill
|
|-heal|p1a: Garchomp|237\/357|[from] item: Leftovers
|
|switch|p2a: Latios|Latios, M|301\/301
|turn|9
|
|switch|p1a: Togekiss|Togekiss, F|311\/311 slp
|move|p2a: Latios|Draco Meteor|p1a: Togekiss
|-immune|p1a: Togekiss|[msg]
|
|turn|10
|
|cant|p1a: Togekiss|slp
|move|p2a: Latios|Psyshock|p1a: Togekiss
|-damage|p1a: Togekiss|130\/311 slp
|-damage|p2a: Latios|271\/301|[from] item: Life Orb
|
|turn|11
|
|cant|p1a: Togekiss|slp
|move|p2a: Latios|Psyshock|p1a: Togekiss
|-damage|p1a: Togekiss|0 fnt
|-damage|p2a: Latios|241\/301|[from] item: Life Orb
|faint|p1a: Togekiss
|
|
|switch|p1a: Manaphy|Manaphy|341\/341
|turn|12
|
|switch|p2a: Rotom-Wash|Rotom-Wash|299\/299
|move|p1a: Manaphy|Ice Beam|p2a: Rotom-Wash
|-resisted|p2a: Rotom-Wash
|-damage|p2a: Rotom-Wash|259\/299
|
|turn|13
|
|switch|p1a: Seismitoad|Seismitoad, F|356\/414
|move|p2a: Rotom-Wash|Volt Switch|p1a: Seismitoad
|-immune|p1a: Seismitoad|[msg]
|
|-heal|p1a: Seismitoad|381\/414|[from] item: Leftovers
|turn|14
|
|switch|p2a: Venusaur|Venusaur-Mega, F|156\/364
|move|p1a: Seismitoad|Stealth Rock|p2a: Venusaur
|-sidestart|p2: ThisFireBurns|move: Stealth Rock
|
|-heal|p1a: Seismitoad|406\/414|[from] item: Leftovers
|turn|15
|
|switch|p1a: Latios|Latios, M|301\/301
|move|p2a: Venusaur|Synthesis|p2a: Venusaur
|-heal|p2a: Venusaur|338\/364
|
|turn|16
|
|switch|p2a: Tyranitar|Tyranitar, M|404\/404
|-damage|p2a: Tyranitar|354\/404|[from] Stealth Rock
|-weather|Sandstorm
|move|p1a: Latios|Draco Meteor|p2a: Tyranitar
|-damage|p2a: Tyranitar|208\/404
|-unboost|p1a: Latios|spa|2
|-damage|p1a: Latios|271\/301|[from] item: Life Orb
|
|-weather|Sandstorm|[upkeep]
|-damage|p1a: Latios|253\/301|[from] sandstorm
|-heal|p2a: Tyranitar|233\/404|[from] item: Leftovers
|turn|17
|
|move|p1a: Latios|Earthquake|p2a: Tyranitar
|-supereffective|p2a: Tyranitar
|-damage|p2a: Tyranitar|82\/404
|-damage|p1a: Latios|223\/301|[from] item: Life Orb
|move|p2a: Tyranitar|Pursuit|p1a: Latios
|-supereffective|p1a: Latios
|-damage|p1a: Latios|67\/301
|
|-weather|Sandstorm|[upkeep]
|-damage|p1a: Latios|49\/301|[from] sandstorm
|-heal|p2a: Tyranitar|107\/404|[from] item: Leftovers
|turn|18
|
|switch|p2a: Venusaur|Venusaur-Mega, F|338\/364
|-damage|p2a: Venusaur|293\/364|[from] Stealth Rock
|move|p1a: Latios|Earthquake|p2a: Venusaur
|-damage|p2a: Venusaur|229\/364
|-damage|p1a: Latios|19\/301|[from] item: Life Orb
|
|-weather|Sandstorm|[upkeep]
|-damage|p1a: Latios|1\/301|[from] sandstorm
|-damage|p2a: Venusaur|207\/364|[from] sandstorm
|turn|19
|
|switch|p2a: Tyranitar|Tyranitar, M|107\/404
|-damage|p2a: Tyranitar|57\/404|[from] Stealth Rock
|move|p1a: Latios|Draco Meteor|p2a: Tyranitar
|-damage|p2a: Tyranitar|0 fnt
|-unboost|p1a: Latios|spa|2
|-damage|p1a: Latios|0 fnt|[from] item: Life Orb
|faint|p2a: Tyranitar
|faint|p1a: Latios
|
|-weather|Sandstorm|[upkeep]
|
|switch|p2a: Latios|Latios, M|241\/301
|-damage|p2a: Latios|204\/301|[from] Stealth Rock
|switch|p1a: Garchomp|Garchomp, F|237\/357
|turn|20
|
|switch|p1a: Scizor|Scizor, M|344\/344
|move|p2a: Latios|Draco Meteor|p1a: Scizor
|-resisted|p1a: Scizor
|-damage|p1a: Scizor|157\/344
|-unboost|p2a: Latios|spa|2
|-damage|p2a: Latios|174\/301|[from] item: Life Orb
|
|-weather|none
|turn|21
|
|switch|p2a: Rotom-Wash|Rotom-Wash|259\/299
|-damage|p2a: Rotom-Wash|222\/299|[from] Stealth Rock
|detailschange|p1a: Scizor|Scizor-Mega, M
|message|Scizor has Mega Evolved into Mega Scizor!
|move|p1a: Scizor|Bullet Punch|p2a: Rotom-Wash
|-resisted|p2a: Rotom-Wash
|-damage|p2a: Rotom-Wash|203\/299
|
|turn|22
|
|switch|p1a: Seismitoad|Seismitoad, F|406\/414
|move|p2a: Rotom-Wash|Will-O-Wisp|p1a: Seismitoad
|-status|p1a: Seismitoad|brn
|
|-heal|p1a: Seismitoad|414\/414 brn|[from] item: Leftovers
|-damage|p1a: Seismitoad|363\/414 brn|[from] brn
|turn|23
|
|switch|p2a: Venusaur|Venusaur-Mega, F|207\/364
|-damage|p2a: Venusaur|162\/364|[from] Stealth Rock
|move|p1a: Seismitoad|Scald|p2a: Venusaur
|-resisted|p2a: Venusaur
|-damage|p2a: Venusaur|131\/364
|-status|p2a: Venusaur|brn
|
|-heal|p1a: Seismitoad|388\/414 brn|[from] item: Leftovers
|-damage|p2a: Venusaur|86\/364 brn|[from] brn
|-damage|p1a: Seismitoad|337\/414 brn|[from] brn
|turn|24
|
|switch|p1a: Scizor|Scizor-Mega, M|157\/344
|move|p2a: Venusaur|Synthesis|p2a: Venusaur
|-heal|p2a: Venusaur|268\/364 brn
|
|-damage|p2a: Venusaur|223\/364 brn|[from] brn
|turn|25
|
|move|p2a: Venusaur|Hidden Power|p1a: Scizor
|-supereffective|p1a: Scizor
|-damage|p1a: Scizor|0 fnt
|faint|p1a: Scizor
|
|-damage|p2a: Venusaur|178\/364 brn|[from] brn
|
|switch|p1a: Garchomp|Garchomp, F|237\/357
|turn|26
|
|move|p1a: Garchomp|Earthquake|p2a: Venusaur
|-damage|p2a: Venusaur|52\/364 brn
|move|p2a: Venusaur|Giga Drain|p1a: Garchomp
|-damage|p1a: Garchomp|117\/357
|-heal|p2a: Venusaur|112\/364 brn|[from] drain|[of] p1a: Garchomp
|
|-heal|p1a: Garchomp|139\/357|[from] item: Leftovers
|-damage|p2a: Venusaur|67\/364 brn|[from] brn
|turn|27
|
|switch|p2a: Talonflame|Talonflame, M|297\/297
|-damage|p2a: Talonflame|149\/297|[from] Stealth Rock
|move|p1a: Garchomp|Dragon Claw|p2a: Talonflame
|-damage|p2a: Talonflame|0 fnt
|faint|p2a: Talonflame
|
|-heal|p1a: Garchomp|161\/357|[from] item: Leftovers
|
|switch|p2a: Latios|Latios, M|174\/301
|-damage|p2a: Latios|137\/301|[from] Stealth Rock
|turn|28
|
|switch|p1a: Seismitoad|Seismitoad, F|337\/414 brn
|move|p2a: Latios|Psyshock|p1a: Seismitoad
|-damage|p1a: Seismitoad|181\/414 brn
|-damage|p2a: Latios|107\/301|[from] item: Life Orb
|
|-heal|p1a: Seismitoad|206\/414 brn|[from] item: Leftovers
|-damage|p1a: Seismitoad|155\/414 brn|[from] brn
|turn|29
|
|move|p2a: Latios|Psyshock|p1a: Seismitoad
|-damage|p1a: Seismitoad|6\/414 brn
|-damage|p2a: Latios|77\/301|[from] item: Life Orb
|move|p1a: Seismitoad|Scald|p2a: Latios
|-resisted|p2a: Latios
|-damage|p2a: Latios|32\/301
|
|-heal|p1a: Seismitoad|31\/414 brn|[from] item: Leftovers
|-damage|p1a: Seismitoad|0 fnt|[from] brn
|faint|p1a: Seismitoad
|
|switch|p1a: Manaphy|Manaphy|341\/341
|turn|30
|
|move|p2a: Latios|Draco Meteor|p1a: Manaphy
|-damage|p1a: Manaphy|16\/341
|-unboost|p2a: Latios|spa|2
|-damage|p2a: Latios|2\/301|[from] item: Life Orb
|move|p1a: Manaphy|Ice Beam|p2a: Latios
|-supereffective|p2a: Latios
|-damage|p2a: Latios|0 fnt
|faint|p2a: Latios
|
|-heal|p1a: Manaphy|37\/341|[from] item: Leftovers
|
|switch|p2a: Rotom-Wash|Rotom-Wash|203\/299
|-damage|p2a: Rotom-Wash|166\/299|[from] Stealth Rock
|turn|31
|
|move|p1a: Manaphy|Energy Ball|p2a: Rotom-Wash
|-supereffective|p2a: Rotom-Wash
|-damage|p2a: Rotom-Wash|0 fnt
|faint|p2a: Rotom-Wash
|
|-heal|p1a: Manaphy|58\/341|[from] item: Leftovers
|-message|ThisFireBurns forfeited.
|
|win|LT2B DoomXFTW
|raw|Ladder updating...
|leave|ThisFireBurns
|player|p2
|raw|LT2B DoomXFTW's rating: 1866 &rarr; <strong>1884<\/strong><br \/>(+18 for winning)
|raw|ThisFireBurns's rating: 1837 &rarr; <strong>1818<\/strong><br \/>(-19 for losing)