|join|Storm Zoone
|join|ThisFireBurns
|player|p1|Storm Zoone|156
|player|p2|ThisFireBurns|101
|gametype|singles
|gen|6
|tier|OU
|rated
|clearpoke
|poke|p1|Heatran, M
|poke|p1|Abomasnow, M, shiny
|poke|p1|Suicune
|poke|p1|Dragonite, M
|poke|p1|Magnezone
|poke|p1|Mew
|poke|p2|Tyranitar, M
|poke|p2|Rotom-Wash
|poke|p2|Latios, M
|poke|p2|Talonflame, M
|poke|p2|Venusaur, F
|poke|p2|Excadrill, M
|rule|Swagger Clause: Swagger is banned
|rule|Baton Pass Clause: Limit one PokÃ©mon knowing Baton Pass
|rule|Sleep Clause Mod: Limit one foe put to sleep
|rule|Species Clause: Limit one of each PokÃ©mon
|rule|OHKO Clause: OHKO moves are banned
|rule|Moody Clause: Moody is banned
|rule|Evasion Moves Clause: Evasion moves are banned
|rule|Endless Battle Clause: Forcing endless battles is banned
|rule|HP Percentage Mod: HP is shown in percentages
|teampreview
|join|Mispredictions
|
|start
|switch|p1a: Yeti|Abomasnow, M, shiny|384\/384
|switch|p2a: Rotom-Wash|Rotom-Wash|299\/299
|-weather|Hail
|turn|1
|
|switch|p2a: Venusaur|Venusaur, F|364\/364
|detailschange|p1a: Yeti|Abomasnow-Mega, M, shiny
|message|Abomasnow has Mega Evolved into Mega Abomasnow!
|move|p1a: Yeti|Blizzard|p2a: Venusaur
|-supereffective|p2a: Venusaur
|-damage|p2a: Venusaur|28\/364
|
|-weather|Hail|[upkeep]
|-damage|p2a: Venusaur|6\/364|[from] hail
|turn|2
|
|switch|p2a: Tyranitar|Tyranitar, M|404\/404
|-weather|Sandstorm
|move|p1a: Yeti|Ice Shard|p2a: Tyranitar
|-damage|p2a: Tyranitar|344\/404
|
|-weather|Sandstorm|[upkeep]
|-damage|p1a: Yeti|360\/384|[from] sandstorm
|-heal|p2a: Tyranitar|369\/404|[from] item: Leftovers
|turn|3
|
|switch|p2a: Talonflame|Talonflame, M|297\/297
|switch|p1a: Chaos|Mew|363\/363
|
|-weather|Sandstorm|[upkeep]
|-damage|p2a: Talonflame|279\/297|[from] sandstorm
|-damage|p1a: Chaos|341\/363|[from] sandstorm
|-heal|p1a: Chaos|363\/363|[from] item: Leftovers
|turn|4
|
|move|p2a: Talonflame|U-turn|p1a: Chaos
|-supereffective|p1a: Chaos
|-damage|p1a: Chaos|205\/363
|
|switch|p2a: Latios|Latios, M|301\/301
|move|p1a: Chaos|Knock Off|p2a: Latios
|-supereffective|p2a: Latios
|-damage|p2a: Latios|99\/301
|-enditem|p2a: Latios|Life Orb|[from] move: Knock Off|[of] p1a: Chaos
|
|-weather|Sandstorm|[upkeep]
|-damage|p2a: Latios|81\/301|[from] sandstorm
|-damage|p1a: Chaos|183\/363|[from] sandstorm
|-heal|p1a: Chaos|205\/363|[from] item: Leftovers
|turn|5
|
|move|p2a: Latios|Draco Meteor|p1a: Chaos
|-damage|p1a: Chaos|0 fnt
|-unboost|p2a: Latios|spa|2
|faint|p1a: Chaos
|
|-weather|Sandstorm|[upkeep]
|-damage|p2a: Latios|63\/301|[from] sandstorm
|
|switch|p1a: Chaos|Heatran, M|386\/386
|turn|6
|
|move|p2a: Latios|Earthquake|p1a: Chaos
|-supereffective|p1a: Chaos
|-damage|p1a: Chaos|186\/386
|move|p1a: Chaos|Stealth Rock|p2a: Latios
|-sidestart|p2: ThisFireBurns|move: Stealth Rock
|
|-weather|none
|-heal|p1a: Chaos|210\/386|[from] item: Leftovers
|turn|7
|
|move|p2a: Latios|Recover|p2a: Latios
|-heal|p2a: Latios|214\/301
|move|p1a: Chaos|Lava Plume|p2a: Latios
|-resisted|p2a: Latios
|-damage|p2a: Latios|163\/301
|-status|p2a: Latios|brn
|
|-heal|p1a: Chaos|234\/386|[from] item: Leftovers
|-damage|p2a: Latios|126\/301 brn|[from] brn
|turn|8
|
|switch|p1a: Yeti|Abomasnow-Mega, M, shiny|360\/384
|-weather|Hail
|move|p2a: Latios|Recover|p2a: Latios
|-heal|p2a: Latios|277\/301 brn
|
|-weather|Hail|[upkeep]
|-damage|p2a: Latios|259\/301 brn|[from] hail
|-damage|p2a: Latios|222\/301 brn|[from] brn
|turn|9
|
|switch|p2a: Tyranitar|Tyranitar, M|369\/404
|-damage|p2a: Tyranitar|319\/404|[from] Stealth Rock
|-weather|Sandstorm
|move|p1a: Yeti|Blizzard|p2a: Tyranitar
|-crit|p2a: Tyranitar
|-damage|p2a: Tyranitar|178\/404
|
|-weather|Sandstorm|[upkeep]
|-damage|p1a: Yeti|336\/384|[from] sandstorm
|-heal|p2a: Tyranitar|203\/404|[from] item: Leftovers
|turn|10
|
|switch|p1a: Tsunami|Suicune|404\/404
|-ability|p1a: Tsunami|Pressure
|move|p2a: Tyranitar|Stealth Rock|p1a: Tsunami
|-sidestart|p1: Storm Zoone|move: Stealth Rock
|
|-weather|Sandstorm|[upkeep]
|-damage|p1a: Tsunami|379\/404|[from] sandstorm
|-heal|p1a: Tsunami|404\/404|[from] item: Leftovers
|-heal|p2a: Tyranitar|228\/404|[from] item: Leftovers
|turn|11
|
|switch|p2a: Rotom-Wash|Rotom-Wash|299\/299
|-damage|p2a: Rotom-Wash|262\/299|[from] Stealth Rock
|move|p1a: Tsunami|Calm Mind|p1a: Tsunami
|-boost|p1a: Tsunami|spa|1
|-boost|p1a: Tsunami|spd|1
|
|-weather|Sandstorm|[upkeep]
|-damage|p2a: Rotom-Wash|244\/299|[from] sandstorm
|-damage|p1a: Tsunami|379\/404|[from] sandstorm
|-heal|p1a: Tsunami|404\/404|[from] item: Leftovers
|turn|12
|
|move|p2a: Rotom-Wash|Will-O-Wisp|p1a: Tsunami
|-status|p1a: Tsunami|brn
|move|p1a: Tsunami|Calm Mind|p1a: Tsunami
|-boost|p1a: Tsunami|spa|1
|-boost|p1a: Tsunami|spd|1
|
|-weather|Sandstorm|[upkeep]
|-damage|p2a: Rotom-Wash|226\/299|[from] sandstorm
|-damage|p1a: Tsunami|379\/404 brn|[from] sandstorm
|-heal|p1a: Tsunami|404\/404 brn|[from] item: Leftovers
|-damage|p1a: Tsunami|354\/404 brn|[from] brn
|turn|13
|
|move|p2a: Rotom-Wash|Volt Switch|p1a: Tsunami
|-supereffective|p1a: Tsunami
|-damage|p1a: Tsunami|280\/404 brn
|
|switch|p2a: Venusaur|Venusaur, F|6\/364
|-damage|p2a: Venusaur|0 fnt|[from] Stealth Rock
|faint|p2a: Venusaur
|move|p1a: Tsunami|Calm Mind|p1a: Tsunami
|-boost|p1a: Tsunami|spa|1
|-boost|p1a: Tsunami|spd|1
|
|-weather|none
|-heal|p1a: Tsunami|305\/404 brn|[from] item: Leftovers
|-damage|p1a: Tsunami|255\/404 brn|[from] brn
|
|switch|p2a: Excadrill|Excadrill, M|361\/361
|-damage|p2a: Excadrill|350\/361|[from] Stealth Rock
|turn|14
|
|move|p2a: Excadrill|Earthquake|p1a: Tsunami
|-damage|p1a: Tsunami|120\/404 brn
|move|p1a: Tsunami|Rest|p1a: Tsunami
|-status|p1a: Tsunami|slp
|-heal|p1a: Tsunami|404\/404 slp|[silent]
|-status|p1a: Tsunami|slp|[from] move: Rest
|
|turn|15
|
|move|p2a: Excadrill|Earthquake|p1a: Tsunami
|-crit|p1a: Tsunami
|-damage|p1a: Tsunami|191\/404 slp
|cant|p1a: Tsunami|slp
|move|p1a: Tsunami|Sleep Talk|p1a: Tsunami
|move|p1a: Tsunami|Calm Mind|p1a: Tsunami|[from]Sleep Talk
|-boost|p1a: Tsunami|spa|1
|-boost|p1a: Tsunami|spd|1
|
|-heal|p1a: Tsunami|216\/404 slp|[from] item: Leftovers
|turn|16
|
|move|p2a: Excadrill|Earthquake|p1a: Tsunami
|-damage|p1a: Tsunami|95\/404 slp
|cant|p1a: Tsunami|slp
|move|p1a: Tsunami|Sleep Talk|p1a: Tsunami
|move|p1a: Tsunami|Scald|p2a: Excadrill|[from]Sleep Talk
|-supereffective|p2a: Excadrill
|-damage|p2a: Excadrill|0 fnt
|faint|p2a: Excadrill
|
|-heal|p1a: Tsunami|120\/404 slp|[from] item: Leftovers
|
|switch|p2a: Talonflame|Talonflame, M|279\/297
|-damage|p2a: Talonflame|131\/297|[from] Stealth Rock
|turn|17
|
|move|p2a: Talonflame|Brave Bird|p1a: Tsunami
|-damage|p1a: Tsunami|0 fnt
|-damage|p2a: Talonflame|91\/297|[from] recoil|[of] p1a: Tsunami
|faint|p1a: Tsunami
|
|
|switch|p1a: Terminal|Magnezone|282\/282
|-damage|p1a: Terminal|265\/282|[from] Stealth Rock
|turn|18
|
|move|p2a: Talonflame|Brave Bird|p1a: Terminal
|-resisted|p1a: Terminal
|-damage|p1a: Terminal|208\/282
|-damage|p2a: Talonflame|72\/297|[from] recoil|[of] p1a: Terminal
|move|p1a: Terminal|Volt Switch|p2a: Talonflame
|-supereffective|p2a: Talonflame
|-damage|p2a: Talonflame|0 fnt
|faint|p2a: Talonflame
|
|switch|p1a: Chaos|Heatran, M|234\/386
|-damage|p1a: Chaos|186\/386|[from] Stealth Rock
|
|-heal|p1a: Chaos|210\/386|[from] item: Leftovers
|
|switch|p2a: Rotom-Wash|Rotom-Wash|226\/299
|-damage|p2a: Rotom-Wash|189\/299|[from] Stealth Rock
|turn|19
|
|move|p2a: Rotom-Wash|Hydro Pump|p1a: Chaos
|-supereffective|p1a: Chaos
|-damage|p1a: Chaos|12\/386
|move|p1a: Chaos|Toxic|p2a: Rotom-Wash
|-status|p2a: Rotom-Wash|tox
|
|-heal|p1a: Chaos|36\/386|[from] item: Leftovers
|-damage|p2a: Rotom-Wash|171\/299 tox|[from] psn
|turn|20
|
|move|p2a: Rotom-Wash|Volt Switch|p1a: Chaos
|-damage|p1a: Chaos|0 fnt
|faint|p1a: Chaos
|
|switch|p2a: Tyranitar|Tyranitar, M|228\/404
|-damage|p2a: Tyranitar|178\/404|[from] Stealth Rock
|-weather|Sandstorm
|
|-weather|Sandstorm|[upkeep]
|-heal|p2a: Tyranitar|203\/404|[from] item: Leftovers
|
|switch|p1a: Terminal|Magnezone|208\/282
|-damage|p1a: Terminal|191\/282|[from] Stealth Rock
|turn|21
|
|switch|p2a: Rotom-Wash|Rotom-Wash|171\/299 tox
|-damage|p2a: Rotom-Wash|134\/299 tox|[from] Stealth Rock
|move|p1a: Terminal|Volt Switch|p2a: Rotom-Wash
|-damage|p2a: Rotom-Wash|16\/299 tox
|leave|Mispredictions
|
|switch|p1a: Yeti|Abomasnow-Mega, M, shiny|336\/384
|-damage|p1a: Yeti|240\/384|[from] Stealth Rock
|-weather|Hail
|
|-weather|Hail|[upkeep]
|-damage|p2a: Rotom-Wash|0 fnt|[from] hail
|faint|p2a: Rotom-Wash
|
|switch|p2a: Tyranitar|Tyranitar, M|203\/404
|-damage|p2a: Tyranitar|153\/404|[from] Stealth Rock
|-weather|Sandstorm
|turn|22
|
|move|p1a: Yeti|Ice Shard|p2a: Tyranitar
|-damage|p2a: Tyranitar|90\/404
|move|p2a: Tyranitar|Superpower|p1a: Yeti
|-supereffective|p1a: Yeti
|-damage|p1a: Yeti|24\/384
|-unboost|p2a: Tyranitar|atk|1
|-unboost|p2a: Tyranitar|def|1
|
|-weather|Sandstorm|[upkeep]
|-damage|p1a: Yeti|0 fnt|[from] sandstorm
|-heal|p2a: Tyranitar|115\/404|[from] item: Leftovers
|faint|p1a: Yeti
|
|switch|p1a: Terminal|Magnezone|191\/282
|-damage|p1a: Terminal|174\/282|[from] Stealth Rock
|turn|23
|
|move|p1a: Terminal|Flash Cannon|p2a: Tyranitar
|-supereffective|p2a: Tyranitar
|-damage|p2a: Tyranitar|0 fnt
|faint|p2a: Tyranitar
|
|-weather|Sandstorm|[upkeep]
|
|switch|p2a: Latios|Latios, M|222\/301 brn
|-damage|p2a: Latios|185\/301 brn|[from] Stealth Rock
|turn|24
|
|move|p1a: Terminal|Flash Cannon|p2a: Latios
|-damage|p2a: Latios|49\/301 brn
|move|p2a: Latios|Earthquake|p1a: Terminal
|-supereffective|p1a: Terminal
|-damage|p1a: Terminal|70\/282
|
|-weather|Sandstorm|[upkeep]
|-damage|p2a: Latios|31\/301 brn|[from] sandstorm
|-damage|p2a: Latios|0 fnt|[from] brn
|faint|p2a: Latios
|
|win|Storm Zoone
|raw|Ladder updating...
|raw|Storm Zoone's rating: 1662 &rarr; <strong>1679<\/strong><br \/>(+17 for winning)
|raw|ThisFireBurns's rating: 1609 &rarr; <strong>1592<\/strong><br \/>(-17 for losing)
|leave|ThisFireBurns
|player|p2