|join|ThisFireBurns
|join|robofiend
|player|p1|ThisFireBurns|102
|player|p2|robofiend|51
|gametype|singles
|gen|6
|tier|OU
|rated
|clearpoke
|poke|p1|Sceptile, F
|poke|p1|Landorus-Therian, M
|poke|p1|Greninja, F, shiny
|poke|p1|Garchomp, F
|poke|p1|Bisharp, F
|poke|p1|Thundurus, M
|poke|p2|Sylveon, M
|poke|p2|Ferrothorn, M
|poke|p2|Scizor, F
|poke|p2|Landorus, M
|poke|p2|Altaria, M
|poke|p2|Heatran, F
|rule|Swagger Clause: Swagger is banned
|rule|Baton Pass Clause: Limit one PokÃ©mon knowing Baton Pass
|rule|Sleep Clause Mod: Limit one foe put to sleep
|rule|Species Clause: Limit one of each PokÃ©mon
|rule|OHKO Clause: OHKO moves are banned
|rule|Moody Clause: Moody is banned
|rule|Evasion Moves Clause: Evasion moves are banned
|rule|Endless Battle Clause: Forcing endless battles is banned
|rule|HP Percentage Mod: HP is shown in percentages
|teampreview
|
|start
|switch|p1a: Sceptile|Sceptile, F|281\/281
|switch|p2a: Heatran|Heatran, F|386\/386
|turn|1
|
|detailschange|p1a: Sceptile|Sceptile-Mega, F
|message|Sceptile has Mega Evolved into Mega Sceptile!
|move|p1a: Sceptile|Grass Whistle|p2a: Heatran|[miss]
|-miss|p1a: Sceptile|p2a: Heatran
|move|p2a: Heatran|Stealth Rock|p1a: Sceptile
|-sidestart|p1: ThisFireBurns|move: Stealth Rock
|
|turn|2
|
|move|p1a: Sceptile|Grass Whistle|p2a: Heatran
|-status|p2a: Heatran|slp
|cant|p2a: Heatran|slp
|
|turn|3
|
|switch|p2a: Sylveon|Sylveon, M|394\/394
|move|p1a: Sceptile|Focus Blast|p2a: Sylveon|[miss]
|-miss|p1a: Sceptile|p2a: Sylveon
|
|turn|4
|
|switch|p1a: Bisharp|Bisharp, F|271\/271
|-damage|p1a: Bisharp|255\/271|[from] Stealth Rock
|move|p2a: Sylveon|Hyper Voice|p1a: Bisharp
|-damage|p1a: Bisharp|47\/271
|
|turn|5
|c|ârobofiend|meet your team's worst nightmare
|
|switch|p2a: Ferrothorn|Ferrothorn, M|352\/352
|move|p1a: Bisharp|Knock Off|p2a: Ferrothorn
|-damage|p2a: Ferrothorn|191\/352
|-damage|p1a: Bisharp|14\/271|[from] ability: Iron Barbs|[of] p2a: Ferrothorn
|-enditem|p2a: Ferrothorn|Leftovers|[from] move: Knock Off|[of] p1a: Bisharp
|-damage|p1a: Bisharp|0 fnt|[from] item: Life Orb
|faint|p1a: Bisharp
|
|
|switch|p1a: Garchomp|Garchomp, F|357\/357
|-damage|p1a: Garchomp|335\/357|[from] Stealth Rock
|turn|6
|
|move|p1a: Garchomp|Stealth Rock|p2a: Ferrothorn
|-sidestart|p2: robofiend|move: Stealth Rock
|move|p2a: Ferrothorn|Leech Seed|p1a: Garchomp
|-start|p1a: Garchomp|move: Leech Seed
|
|-damage|p1a: Garchomp|291\/357|[from] Leech Seed|[of] p2a: Ferrothorn
|-heal|p2a: Ferrothorn|235\/352|[silent]
|turn|7
|
|switch|p1a: Sceptile|Sceptile-Mega, F|281\/281
|-damage|p1a: Sceptile|246\/281|[from] Stealth Rock
|move|p2a: Ferrothorn|Gyro Ball|p1a: Sceptile
|-damage|p1a: Sceptile|51\/281
|
|turn|8
|
|switch|p2a: Sylveon|Sylveon, M|394\/394
|-damage|p2a: Sylveon|345\/394|[from] Stealth Rock
|move|p1a: Sceptile|Focus Blast|p2a: Sylveon|[miss]
|-miss|p1a: Sceptile|p2a: Sylveon
|
|-heal|p2a: Sylveon|369\/394|[from] item: Leftovers
|turn|9
|
|move|p1a: Sceptile|Leaf Storm|p2a: Sylveon
|-damage|p2a: Sylveon|159\/394
|-unboost|p1a: Sceptile|spa|2
|move|p2a: Sylveon|Hyper Voice|p1a: Sceptile
|-supereffective|p1a: Sceptile
|-damage|p1a: Sceptile|0 fnt
|faint|p1a: Sceptile
|
|-heal|p2a: Sylveon|183\/394|[from] item: Leftovers
|
|switch|p1a: Landorus-Therian|Landorus-Therian, M|334\/334
|-damage|p1a: Landorus-Therian|293\/334|[from] Stealth Rock
|-ability|p1a: Landorus-Therian|Intimidate|[of] p2a: Sylveon
|-unboost|p2a: Sylveon|atk|1
|turn|10
|
|move|p2a: Sylveon|Protect|p2a: Sylveon
|-singleturn|p2a: Sylveon|Protect
|move|p1a: Landorus-Therian|Earthquake|p2a: Sylveon
|-activate|p2a: Sylveon|Protect
|
|-heal|p2a: Sylveon|207\/394|[from] item: Leftovers
|turn|11
|
|switch|p1a: Greninja|Greninja, F, shiny|285\/285
|-damage|p1a: Greninja|250\/285|[from] Stealth Rock
|move|p2a: Sylveon|Hyper Voice|p1a: Greninja
|-supereffective|p1a: Greninja
|-damage|p1a: Greninja|0 fnt
|faint|p1a: Greninja
|
|-heal|p2a: Sylveon|231\/394|[from] item: Leftovers
|c|ârobofiend|no re
|
|switch|p1a: Garchomp|Garchomp, F|291\/357
|-damage|p1a: Garchomp|269\/357|[from] Stealth Rock
|turn|12
|
|switch|p2a: Landorus|Landorus, M|319\/319
|-damage|p2a: Landorus|280\/319|[from] Stealth Rock
|move|p1a: Garchomp|Swords Dance|p1a: Garchomp
|-boost|p1a: Garchomp|atk|2
|
|turn|13
|
|move|p1a: Garchomp|Outrage|p2a: Landorus
|-crit|p2a: Landorus
|-damage|p2a: Landorus|0 fnt
|faint|p2a: Landorus
|
|
|switch|p2a: Altaria|Altaria, M|328\/328
|-damage|p2a: Altaria|246\/328|[from] Stealth Rock
|-ability|p2a: Altaria|Cloud Nine
|turn|14
|
|detailschange|p2a: Altaria|Altaria-Mega, M
|message|Altaria has Mega Evolved into Mega Altaria!
|move|p1a: Garchomp|Outrage|p2a: Altaria
|-immune|p2a: Altaria|[msg]
|move|p2a: Altaria|Substitute|p2a: Altaria
|-start|p2a: Altaria|Substitute
|-damage|p2a: Altaria|164\/328
|
|-end|p1a: Garchomp|rampage
|-start|p1a: Garchomp|confusion
|turn|15
|
|switch|p1a: Landorus-Therian|Landorus-Therian, M|293\/334
|-damage|p1a: Landorus-Therian|252\/334|[from] Stealth Rock
|-activate|p2a: Altaria|Substitute|ability: Intimidate|[of] p1a: Landorus-Therian
|move|p2a: Altaria|Dragon Dance|p2a: Altaria
|-boost|p2a: Altaria|atk|1
|-boost|p2a: Altaria|spe|1
|
|turn|16
|
|move|p1a: Landorus-Therian|Earthquake|p2a: Altaria
|-end|p2a: Altaria|Substitute
|move|p2a: Altaria|Dragon Dance|p2a: Altaria
|-boost|p2a: Altaria|atk|1
|-boost|p2a: Altaria|spe|1
|
|turn|17
|
|move|p2a: Altaria|Return|p1a: Landorus-Therian
|-damage|p1a: Landorus-Therian|0 fnt
|faint|p1a: Landorus-Therian
|
|
|switch|p1a: Thundurus|Thundurus, M|299\/299
|-damage|p1a: Thundurus|225\/299|[from] Stealth Rock
|turn|18
|
|move|p1a: Thundurus|Thunder Wave|p2a: Altaria
|-status|p2a: Altaria|par
|cant|p2a: Altaria|par
|
|turn|19
|c|ârobofiend|HAH
|
|move|p1a: Thundurus|Hidden Power|p2a: Altaria
|-supereffective|p2a: Altaria
|-damage|p2a: Altaria|0 fnt
|-damage|p1a: Thundurus|196\/299|[from] item: Life Orb
|faint|p2a: Altaria
|
|
|switch|p2a: Heatran|Heatran, F|386\/386 slp
|-damage|p2a: Heatran|338\/386 slp|[from] Stealth Rock
|turn|20
|
|switch|p1a: Garchomp|Garchomp, F|269\/357
|-damage|p1a: Garchomp|247\/357|[from] Stealth Rock
|cant|p2a: Heatran|slp
|
|-heal|p2a: Heatran|362\/386 slp|[from] item: Leftovers
|turn|21
|
|switch|p2a: Ferrothorn|Ferrothorn, M|235\/352
|-damage|p2a: Ferrothorn|213\/352|[from] Stealth Rock
|move|p1a: Garchomp|Earthquake|p2a: Ferrothorn
|-damage|p2a: Ferrothorn|89\/352
|
|turn|22
|
|move|p2a: Ferrothorn|Protect|p2a: Ferrothorn
|-singleturn|p2a: Ferrothorn|Protect
|move|p1a: Garchomp|Earthquake|p2a: Ferrothorn
|-activate|p2a: Ferrothorn|Protect
|
|turn|23
|
|move|p1a: Garchomp|Earthquake|p2a: Ferrothorn
|-damage|p2a: Ferrothorn|0 fnt
|faint|p2a: Ferrothorn
|
|
|switch|p2a: Sylveon|Sylveon, M|231\/394
|-damage|p2a: Sylveon|182\/394|[from] Stealth Rock
|turn|24
|
|move|p1a: Garchomp|Earthquake|p2a: Sylveon
|-crit|p2a: Sylveon
|-damage|p2a: Sylveon|0 fnt
|faint|p2a: Sylveon
|
|c|ârobofiend|omfg
|
|switch|p2a: Scizor|Scizor, F|344\/344
|-damage|p2a: Scizor|301\/344|[from] Stealth Rock
|turn|25
|
|move|p1a: Garchomp|Earthquake|p2a: Scizor
|-damage|p2a: Scizor|118\/344
|move|p2a: Scizor|Superpower|p1a: Garchomp
|-damage|p1a: Garchomp|10\/357
|-damage|p2a: Scizor|75\/344|[from] ability: Rough Skin|[of] p1a: Garchomp
|-unboost|p2a: Scizor|atk|1
|-unboost|p2a: Scizor|def|1
|
|turn|26
|
|switch|p2a: Heatran|Heatran, F|362\/386 slp
|-damage|p2a: Heatran|314\/386 slp|[from] Stealth Rock
|move|p1a: Garchomp|Earthquake|p2a: Heatran
|-supereffective|p2a: Heatran
|-damage|p2a: Heatran|0 fnt
|faint|p2a: Heatran
|
|c|ârobofiend|gfg
|c|ârobofiend|luck
|
|switch|p2a: Scizor|Scizor, F|75\/344
|-damage|p2a: Scizor|32\/344|[from] Stealth Rock
|turn|27
|c|âThisFireBurns|luck?
|c|âThisFireBurns|i am not lucky, i am good
|c|ârobofiend|that parafreeze
|c|âThisFireBurns|;)
|
|move|p2a: Scizor|Bullet Punch|p1a: Garchomp
|-damage|p1a: Garchomp|0 fnt
|-damage|p2a: Scizor|0 fnt|[from] ability: Rough Skin|[of] p1a: Garchomp
|faint|p2a: Scizor
|faint|p1a: Garchomp
|
|win|ThisFireBurns
|raw|Ladder updating...
|leave|robofiend
|player|p2
|raw|ThisFireBurns's rating: 1656 &rarr; <strong>1675<\/strong><br \/>(+19 for winning)
|raw|robofiend's rating: 1625 &rarr; <strong>1606<\/strong><br \/>(-19 for losing)