|join|ThisFireBurns
|join|moocows89
|player|p1|ThisFireBurns|102
|player|p2|moocows89|265
|gametype|singles
|gen|6
|tier|OU
|rated
|clearpoke
|poke|p1|Tyranitar, F
|poke|p1|Latias, F
|poke|p1|Keldeo
|poke|p1|Venusaur, F
|poke|p1|Landorus-Therian, M
|poke|p1|Heatran, M
|poke|p2|Keldeo
|poke|p2|Bisharp, F
|poke|p2|Charizard, M
|poke|p2|Deoxys-Defense
|poke|p2|Aegislash, M
|poke|p2|Thundurus, M
|rule|Sleep Clause Mod: Limit one foe put to sleep
|rule|Species Clause: Limit one of each Pokemon
|rule|OHKO Clause: OHKO moves are banned
|rule|Moody Clause: Moody is banned
|rule|Evasion Moves Clause: Evasion moves are banned
|rule|Endless Battle Clause: Forcing endless battles is banned.
|rule|HP Percentage Mod: HP is reported as percentages
|teampreview
|
|start
|switch|p1a: Landorus-Therian|Landorus-Therian, M|319\/319
|switch|p2a: Deoxys-Defense|Deoxys-Defense|304\/304
|-ability|p1a: Landorus-Therian|Intimidate|[of] p2a: Deoxys-Defense
|-unboost|p2a: Deoxys-Defense|atk|1
|-ability|p2a: Deoxys-Defense|Pressure
|turn|1
|
|move|p1a: Landorus-Therian|Knock Off|p2a: Deoxys-Defense
|-supereffective|p2a: Deoxys-Defense
|-damage|p2a: Deoxys-Defense|124\/304
|-enditem|p2a: Deoxys-Defense|Red Card|[from] move: Knock Off|[of] p1a: Landorus-Therian
|move|p2a: Deoxys-Defense|Stealth Rock|p1a: Landorus-Therian
|-sidestart|p1: ThisFireBurns|move: Stealth Rock
|
|turn|2
|
|move|p1a: Landorus-Therian|Knock Off|p2a: Deoxys-Defense
|-supereffective|p2a: Deoxys-Defense
|-damage|p2a: Deoxys-Defense|8\/304
|move|p2a: Deoxys-Defense|Spikes|p1a: Landorus-Therian
|-sidestart|p1: ThisFireBurns|Spikes
|
|turn|3
|
|move|p1a: Landorus-Therian|Knock Off|p2a: Deoxys-Defense
|-supereffective|p2a: Deoxys-Defense
|-damage|p2a: Deoxys-Defense|0 fnt
|faint|p2a: Deoxys-Defense
|
|
|switch|p2a: Keldeo|Keldeo|323\/323
|turn|4
|
|switch|p1a: Venusaur|Venusaur, F|364\/364
|-damage|p1a: Venusaur|319\/364|[from] Spikes
|-damage|p1a: Venusaur|274\/364|[from] Stealth Rock
|move|p2a: Keldeo|Icy Wind|p1a: Venusaur
|-supereffective|p1a: Venusaur
|-damage|p1a: Venusaur|104\/364
|-unboost|p1a: Venusaur|spe|1
|
|turn|5
|
|switch|p2a: Charizard|Charizard, M|298\/298
|-formechange|p1a: Venusaur|Venusaur-Mega
|message|Venusaur has Mega Evolved into Mega Venusaur!
|move|p1a: Venusaur|Synthesis|p1a: Venusaur
|-heal|p1a: Venusaur|286\/364
|
|turn|6
|
|-formechange|p2a: Charizard|Charizard-Mega-X
|message|Charizard has Mega Evolved into Mega Charizard!
|move|p2a: Charizard|Dragon Dance|p2a: Charizard
|-boost|p2a: Charizard|atk|1
|-boost|p2a: Charizard|spe|1
|move|p1a: Venusaur|Sleep Powder|p2a: Charizard
|-status|p2a: Charizard|slp
|
|turn|7
|
|switch|p1a: Landorus-Therian|Landorus-Therian, M|319\/319
|-damage|p1a: Landorus-Therian|280\/319|[from] Stealth Rock
|-ability|p1a: Landorus-Therian|Intimidate|[of] p2a: Charizard
|-unboost|p2a: Charizard|atk|1
|cant|p2a: Charizard|slp
|
|turn|8
|
|switch|p2a: Aegislash|Aegislash, M|261\/261
|-item|p2a: Aegislash|Air Balloon
|move|p1a: Landorus-Therian|Stone Edge|p2a: Aegislash
|-resisted|p2a: Aegislash
|-damage|p2a: Aegislash|214\/261
|-enditem|p2a: Aegislash|Air Balloon
|
|turn|9
|
|switch|p1a: Tyranitar|Tyranitar, F|404\/404
|-damage|p1a: Tyranitar|354\/404|[from] Spikes
|-damage|p1a: Tyranitar|304\/404|[from] Stealth Rock
|-weather|Sandstorm
|-formechange|p2a: Aegislash|Aegislash-Blade
|move|p2a: Aegislash|Shadow Ball|p1a: Tyranitar
|-resisted|p1a: Tyranitar
|-damage|p1a: Tyranitar|263\/404
|
|-weather|Sandstorm|[upkeep]
|-heal|p1a: Tyranitar|288\/404|[from] item: Leftovers
|turn|10
|
|move|p2a: Aegislash|Sacred Sword|p1a: Tyranitar
|-supereffective|p1a: Tyranitar
|-damage|p1a: Tyranitar|0 fnt
|faint|p1a: Tyranitar
|
|-weather|Sandstorm|[upkeep]
|
|switch|p1a: Latias|Latias, F|350\/350
|-damage|p1a: Latias|307\/350|[from] Stealth Rock
|turn|11
|
|move|p1a: Latias|Defog|p2a: Aegislash
|-unboost|p2a: Aegislash|evasion|1
|-sideend|p1: ThisFireBurns|Spikes|[from] move: Defog|[of] p1a: Latias
|-sideend|p1: ThisFireBurns|Stealth Rock|[from] move: Defog|[of] p1a: Latias
|move|p2a: Aegislash|Shadow Ball|p1a: Latias
|-supereffective|p1a: Latias
|-damage|p1a: Latias|47\/350
|
|-weather|Sandstorm|[upkeep]
|-damage|p1a: Latias|26\/350|[from] sandstorm
|turn|12
|
|switch|p1a: Heatran|Heatran, M|386\/386
|move|p2a: Aegislash|Shadow Ball|p1a: Heatran
|-damage|p1a: Heatran|280\/386
|
|-weather|Sandstorm|[upkeep]
|-heal|p1a: Heatran|304\/386|[from] item: Leftovers
|turn|13
|
|switch|p2a: Charizard|Charizard, M|298\/298 slp
|-formechange|p2a: Charizard|Charizard-Mega-X
|move|p1a: Heatran|Lava Plume|p2a: Charizard
|-resisted|p2a: Charizard
|-damage|p2a: Charizard|262\/298 slp
|
|-weather|none
|-heal|p1a: Heatran|328\/386|[from] item: Leftovers
|turn|14
|
|switch|p1a: Landorus-Therian|Landorus-Therian, M|280\/319
|-ability|p1a: Landorus-Therian|Intimidate|[of] p2a: Charizard
|-unboost|p2a: Charizard|atk|1
|cant|p2a: Charizard|slp
|
|turn|15
|
|move|p1a: Landorus-Therian|Earthquake|p2a: Charizard
|-supereffective|p2a: Charizard
|-damage|p2a: Charizard|0 fnt
|faint|p2a: Charizard
|
|
|switch|p2a: Thundurus|Thundurus, M|299\/299
|turn|16
|
|switch|p1a: Venusaur|Venusaur, F|286\/364
|-formechange|p1a: Venusaur|Venusaur-Mega
|move|p2a: Thundurus|Nasty Plot|p2a: Thundurus
|-boost|p2a: Thundurus|spa|2
|
|turn|17
|
|move|p2a: Thundurus|Thunder Wave|p1a: Venusaur
|-status|p1a: Venusaur|par
|move|p1a: Venusaur|Sleep Powder|p2a: Thundurus|[miss]
|-miss|p1a: Venusaur|p2a: Thundurus
|
|turn|18
|
|move|p2a: Thundurus|Thunderbolt|p1a: Venusaur
|-resisted|p1a: Venusaur
|-damage|p1a: Venusaur|152\/364 par
|move|p1a: Venusaur|Sleep Powder|p2a: Thundurus
|-status|p2a: Thundurus|slp
|
|turn|19
|
|switch|p2a: Aegislash|Aegislash, M|214\/261
|switch|p1a: Keldeo|Keldeo|323\/323
|
|turn|20
|
|move|p1a: Keldeo|Scald|p2a: Aegislash
|-damage|p2a: Aegislash|66\/261
|-status|p2a: Aegislash|brn
|-formechange|p2a: Aegislash|Aegislash-Blade
|move|p2a: Aegislash|Shadow Ball|p1a: Keldeo
|-damage|p1a: Keldeo|145\/323
|
|-damage|p2a: Aegislash|34\/261 brn|[from] brn
|turn|21
|
|switch|p2a: Thundurus|Thundurus, M|299\/299 slp
|move|p1a: Keldeo|Scald|p2a: Thundurus
|-damage|p2a: Thundurus|41\/299 slp
|
|-heal|p2a: Thundurus|59\/299 slp|[from] item: Leftovers
|turn|22
|
|cant|p2a: Thundurus|slp
|move|p1a: Keldeo|Scald|p2a: Thundurus
|-damage|p2a: Thundurus|0 fnt
|faint|p2a: Thundurus
|
|
|switch|p2a: Keldeo|Keldeo|323\/323
|turn|23
|
|move|p2a: Keldeo|Hidden Power|p1a: Keldeo
|-supereffective|p1a: Keldeo
|-damage|p1a: Keldeo|0 fnt
|faint|p1a: Keldeo
|
|
|switch|p1a: Landorus-Therian|Landorus-Therian, M|280\/319
|-ability|p1a: Landorus-Therian|Intimidate|[of] p2a: Keldeo
|-unboost|p2a: Keldeo|atk|1
|turn|24
|
|switch|p2a: Aegislash|Aegislash, M|34\/261 brn
|move|p1a: Landorus-Therian|Earthquake|p2a: Aegislash
|-crit|p2a: Aegislash
|-supereffective|p2a: Aegislash
|-damage|p2a: Aegislash|0 fnt
|faint|p2a: Aegislash
|
|
|switch|p2a: Keldeo|Keldeo|323\/323
|turn|25
|
|switch|p1a: Latias|Latias, F|26\/350
|move|p2a: Keldeo|Hydro Pump|p1a: Latias
|-resisted|p1a: Latias
|-damage|p1a: Latias|0 fnt
|faint|p1a: Latias
|
|
|switch|p1a: Venusaur|Venusaur, F|152\/364 par
|-formechange|p1a: Venusaur|Venusaur-Mega
|turn|26
|
|switch|p2a: Bisharp|Bisharp, F|272\/272
|cant|p1a: Venusaur|par
|
|turn|27
|
|move|p2a: Bisharp|Iron Head|p1a: Venusaur
|-damage|p1a: Venusaur|23\/364 par
|-damage|p2a: Bisharp|245\/272|[from] item: Life Orb
|move|p1a: Venusaur|Sleep Powder|p2a: Bisharp
|-status|p2a: Bisharp|slp
|
|turn|28
|
|cant|p2a: Bisharp|slp
|move|p1a: Venusaur|Synthesis|p1a: Venusaur
|-heal|p1a: Venusaur|205\/364 par
|
|turn|29
|
|cant|p2a: Bisharp|slp
|move|p1a: Venusaur|Synthesis|p1a: Venusaur
|-heal|p1a: Venusaur|364\/364 par
|
|turn|30
|
|switch|p1a: Heatran|Heatran, M|328\/386
|cant|p2a: Bisharp|slp
|
|-heal|p1a: Heatran|352\/386|[from] item: Leftovers
|turn|31
|
|switch|p2a: Keldeo|Keldeo|323\/323
|move|p1a: Heatran|Lava Plume|p2a: Keldeo
|-resisted|p2a: Keldeo
|-damage|p2a: Keldeo|261\/323
|
|-heal|p1a: Heatran|376\/386|[from] item: Leftovers
|turn|32
|
|move|p1a: Heatran|Protect|p1a: Heatran
|-singleturn|p1a: Heatran|Protect
|move|p2a: Keldeo|Hydro Pump|p1a: Heatran
|-activate|p1a: Heatran|Protect
|
|-heal|p1a: Heatran|386\/386|[from] item: Leftovers
|turn|33
|
|switch|p1a: Venusaur|Venusaur, F|364\/364 par
|-formechange|p1a: Venusaur|Venusaur-Mega
|move|p2a: Keldeo|Hydro Pump|p1a: Venusaur
|-resisted|p1a: Venusaur
|-damage|p1a: Venusaur|239\/364 par
|
|turn|34
|
|switch|p2a: Bisharp|Bisharp, F|245\/272 slp
|switch|p1a: Landorus-Therian|Landorus-Therian, M|280\/319
|-ability|p1a: Landorus-Therian|Intimidate|[of] p2a: Bisharp
|-unboost|p2a: Bisharp|atk|1
|-boost|p2a: Bisharp|atk|2|[from] ability: Defiant
|
|turn|35
|
|-curestatus|p2a: Bisharp|slp
|move|p2a: Bisharp|Sucker Punch|p1a: Landorus-Therian
|-damage|p1a: Landorus-Therian|0 fnt
|-damage|p2a: Bisharp|218\/272|[from] item: Life Orb
|faint|p1a: Landorus-Therian
|
|
|switch|p1a: Heatran|Heatran, M|386\/386
|turn|36
|
|switch|p2a: Keldeo|Keldeo|261\/323
|move|p1a: Heatran|Lava Plume|p2a: Keldeo
|-resisted|p2a: Keldeo
|-damage|p2a: Keldeo|192\/323
|
|turn|37
|
|move|p1a: Heatran|Protect|p1a: Heatran
|-singleturn|p1a: Heatran|Protect
|move|p2a: Keldeo|Hydro Pump|p1a: Heatran
|-activate|p1a: Heatran|Protect
|
|turn|38
|
|switch|p1a: Venusaur|Venusaur, F|239\/364 par
|-formechange|p1a: Venusaur|Venusaur-Mega
|move|p2a: Keldeo|Hydro Pump|p1a: Venusaur
|-resisted|p1a: Venusaur
|-damage|p1a: Venusaur|123\/364 par
|
|turn|39
|
|move|p2a: Keldeo|Hydro Pump|p1a: Venusaur
|-resisted|p1a: Venusaur
|-damage|p1a: Venusaur|15\/364 par
|cant|p1a: Venusaur|par
|
|turn|40
|
|move|p2a: Keldeo|Hydro Pump|p1a: Venusaur
|-resisted|p1a: Venusaur
|-damage|p1a: Venusaur|0 fnt
|faint|p1a: Venusaur
|
|
|switch|p1a: Heatran|Heatran, M|386\/386
|turn|41
|
|move|p2a: Keldeo|Hydro Pump|p1a: Heatran|[miss]
|-miss|p2a: Keldeo|p1a: Heatran
|move|p1a: Heatran|Lava Plume|p2a: Keldeo
|-resisted|p2a: Keldeo
|-damage|p2a: Keldeo|132\/323
|-status|p2a: Keldeo|brn
|
|-damage|p2a: Keldeo|92\/323 brn|[from] brn
|turn|42
|
|switch|p2a: Bisharp|Bisharp, F|218\/272
|move|p1a: Heatran|Lava Plume|p2a: Bisharp
|-supereffective|p2a: Bisharp
|-damage|p2a: Bisharp|0 fnt
|faint|p2a: Bisharp
|
|
|switch|p2a: Keldeo|Keldeo|92\/323 brn
|turn|43
|chat|moocows89|lol shit i'm out of pp
|
|move|p1a: Heatran|Protect|p1a: Heatran
|-singleturn|p1a: Heatran|Protect
|move|p2a: Keldeo|Secret Sword|p1a: Heatran
|-activate|p1a: Heatran|Protect
|
|-damage|p2a: Keldeo|52\/323 brn|[from] brn
|turn|44
|
|move|p2a: Keldeo|Secret Sword|p1a: Heatran
|-supereffective|p1a: Heatran
|-damage|p1a: Heatran|0 fnt
|faint|p1a: Heatran
|
|win|moocows89
|raw|Ladder updating...
|raw|ThisFireBurns's rating: 1724 &rarr; <strong>1702<\/strong><br \/>(-22 for losing)
|raw|moocows89's rating: 1691 &rarr; <strong>1713<\/strong><br \/>(+22 for winning)
|chat|moocows89|wow gg
|chat|moocows89|very close one