|join|staraptor44
|join|ThisFireBurns
|player|p1|staraptor44|102
|player|p2|ThisFireBurns|2
|gametype|singles
|gen|6
|tier|OU
|clearpoke
|poke|p1|Tyranitar, M
|poke|p1|Latias, F
|poke|p1|Landorus, M
|poke|p1|Rotom-Wash
|poke|p1|Venusaur, M
|poke|p1|Heatran, F
|poke|p2|Hippowdon, M
|poke|p2|Rotom-Wash
|poke|p2|Garchomp, M
|poke|p2|Venusaur, M
|poke|p2|Aegislash, M
|poke|p2|Talonflame, F
|rule|Sleep Clause Mod: Limit one foe put to sleep
|rule|Species Clause: Limit one of each Pokemon
|rule|OHKO Clause: OHKO moves are banned
|rule|Moody Clause: Moody is banned
|rule|Evasion Moves Clause: Evasion moves are banned
|rule|Endless Battle Clause: Forcing endless battles is banned.
|rule|HP Percentage Mod: HP is reported as percentages
|teampreview
|
|start
|switch|p1a: Rotom-Wash|Rotom-Wash|303\/303
|switch|p2a: Talonflame|Talonflame, F|297\/297
|turn|1
|
|move|p2a: Talonflame|U-turn|p1a: Rotom-Wash
|-damage|p1a: Rotom-Wash|236\/303
|
|switch|p2a: Garchomp|Garchomp, M|357\/357
|move|p1a: Rotom-Wash|Will-O-Wisp|p2a: Garchomp
|-status|p2a: Garchomp|brn
|-enditem|p2a: Garchomp|Lum Berry|[eat]
|-curestatus|p2a: Garchomp|brn
|
|-heal|p1a: Rotom-Wash|254\/303|[from] item: Leftovers
|turn|2
|
|move|p2a: Garchomp|Substitute|p2a: Garchomp
|-start|p2a: Garchomp|Substitute
|-damage|p2a: Garchomp|268\/357
|move|p1a: Rotom-Wash|Will-O-Wisp|p2a: Garchomp
|
|-heal|p1a: Rotom-Wash|272\/303|[from] item: Leftovers
|turn|3
|
|move|p2a: Garchomp|Swords Dance|p2a: Garchomp
|-boost|p2a: Garchomp|atk|2
|move|p1a: Rotom-Wash|Hydro Pump|p2a: Garchomp
|-end|p2a: Garchomp|Substitute
|
|-heal|p1a: Rotom-Wash|290\/303|[from] item: Leftovers
|turn|4
|
|move|p2a: Garchomp|Outrage|p1a: Rotom-Wash
|-damage|p1a: Rotom-Wash|0 fnt
|faint|p1a: Rotom-Wash
|
|
|switch|p1a: Heatran|Heatran, F|385\/385
|turn|5
|
|move|p2a: Garchomp|Outrage|p1a: Heatran
|-resisted|p1a: Heatran
|-damage|p1a: Heatran|178\/385
|move|p1a: Heatran|Stealth Rock|p2a: Garchomp
|-sidestart|p2: ThisFireBurns|move: Stealth Rock
|
|-heal|p1a: Heatran|202\/385|[from] item: Leftovers
|turn|6
|chat|ThisFireBurns|masoq
|chat|ThisFireBurns|faz isso nÃ£o meu lindo
|chat|ThisFireBurns|todo mundo sabe
|chat|ThisFireBurns|que latias tem que ter 252
|chat|ThisFireBurns|HUSAUHASUHAS
|
|move|p1a: Heatran|Protect|p1a: Heatran
|-singleturn|p1a: Heatran|Protect
|move|p2a: Garchomp|Outrage|p1a: Heatran
|-activate|p1a: Heatran|Protect
|
|-end|p2a: Garchomp|rampage
|-start|p2a: Garchomp|confusion
|-heal|p1a: Heatran|226\/385|[from] item: Leftovers
|turn|7
|
|switch|p1a: Landorus|Landorus, M|319\/319
|-activate|p2a: Garchomp|confusion
|-damage|p2a: Garchomp|162\/357|[from] confusion
|
|turn|8
|
|-end|p2a: Garchomp|confusion
|move|p2a: Garchomp|Outrage|p1a: Landorus
|-crit|p1a: Landorus
|-damage|p1a: Landorus|0 fnt
|faint|p1a: Landorus
|
|chat|ThisFireBurns|eita poha
|
|switch|p1a: Latias|Latias, F|302\/302
|turn|9
|
|move|p1a: Latias|Draco Meteor|p2a: Garchomp|[miss]
|-miss|p1a: Latias|p2a: Garchomp
|move|p2a: Garchomp|Outrage|p1a: Latias
|-supereffective|p1a: Latias
|-damage|p1a: Latias|0 fnt
|faint|p1a: Latias
|
|-end|p2a: Garchomp|rampage
|-start|p2a: Garchomp|confusion
|chat|ThisFireBurns|HUSAHUASUHASHUAS
|chat|staraptor44|hudhsaudausdhuashd
|chat|staraptor44|gg
|chat|ThisFireBurns|gg
|chat|ThisFireBurns|HUSUHASUHAS
|
|switch|p1a: Venusaur|Venusaur, M|364\/364
|turn|10
|chat|ThisFireBurns|caralho vei...
|chat|ThisFireBurns|eu sabia que vc tinha que ter colocado ela primeiro
|chat|ThisFireBurns|HUSAUHASUHASHUAS
|
|-formechange|p1a: Venusaur|Venusaur-Mega
|message|Venusaur has Mega Evolved into Mega Venusaur!
|-activate|p2a: Garchomp|confusion
|move|p2a: Garchomp|Outrage|p1a: Venusaur
|-damage|p1a: Venusaur|88\/364
|move|p1a: Venusaur|Giga Drain|p2a: Garchomp
|-damage|p2a: Garchomp|42\/357
|-heal|p1a: Venusaur|148\/364|[from] drain|[of] p2a: Garchomp
|
|turn|11
|
|switch|p1a: Heatran|Heatran, F|226\/385
|-activate|p2a: Garchomp|confusion
|move|p2a: Garchomp|Outrage|p1a: Heatran
|-resisted|p1a: Heatran
|-damage|p1a: Heatran|31\/385
|
|-heal|p1a: Heatran|55\/385|[from] item: Leftovers
|turn|12
|
|move|p1a: Heatran|Protect|p1a: Heatran
|-singleturn|p1a: Heatran|Protect
|-activate|p2a: Garchomp|confusion
|move|p2a: Garchomp|Outrage|p1a: Heatran
|-activate|p1a: Heatran|Protect
|
|-end|p2a: Garchomp|rampage
|-heal|p1a: Heatran|79\/385|[from] item: Leftovers
|turn|13
|
|move|p1a: Heatran|Protect|p1a: Heatran
|-fail|p1a: Heatran
|-activate|p2a: Garchomp|confusion
|move|p2a: Garchomp|Earthquake|p1a: Heatran
|-supereffective|p1a: Heatran
|-damage|p1a: Heatran|0 fnt
|faint|p1a: Heatran
|
|
|switch|p1a: Tyranitar|Tyranitar, M|386\/386
|-weather|Sandstorm
|turn|14
|
|-end|p2a: Garchomp|confusion
|move|p2a: Garchomp|Earthquake|p1a: Tyranitar
|-supereffective|p1a: Tyranitar
|-damage|p1a: Tyranitar|0 fnt
|faint|p1a: Tyranitar
|
|-weather|Sandstorm|[upkeep]
|
|switch|p1a: Venusaur|Venusaur, M|148\/364
|-formechange|p1a: Venusaur|Venusaur-Mega
|turn|15
|
|move|p2a: Garchomp|Outrage|p1a: Venusaur
|-damage|p1a: Venusaur|0 fnt
|faint|p1a: Venusaur
|
|win|ThisFireBurns
|chat|ThisFireBurns|btwn
|chat|ThisFireBurns|nice team rap
|chat|ThisFireBurns|Oo
|chat|ThisFireBurns|posso copiar?
|chat|staraptor44|se quiser
|chat|ThisFireBurns|passa pra mim no face mano?
|leave|staraptor44
|player|p1