|join|ThisFireBurns
|join|MoB Barley
|player|p1|ThisFireBurns|101
|player|p2|MoB Barley|161
|gametype|singles
|gen|6
|tier|OU
|rated
|clearpoke
|poke|p1|Scizor, M
|poke|p1|Rotom-Wash
|poke|p1|Bisharp, F
|poke|p1|Gardevoir, M
|poke|p1|Landorus-Therian, M
|poke|p1|Talonflame, M
|poke|p2|Victini
|poke|p2|Keldeo-Resolute
|poke|p2|Bisharp, M, shiny
|poke|p2|Lopunny, F, shiny
|poke|p2|Azumarill, M
|poke|p2|Latios, M
|rule|Swagger Clause: Swagger is banned
|rule|Baton Pass Clause: Limit one PokÃ©mon knowing Baton Pass
|rule|Sleep Clause Mod: Limit one foe put to sleep
|rule|Species Clause: Limit one of each PokÃ©mon
|rule|OHKO Clause: OHKO moves are banned
|rule|Moody Clause: Moody is banned
|rule|Evasion Moves Clause: Evasion moves are banned
|rule|Endless Battle Clause: Forcing endless battles is banned
|rule|HP Percentage Mod: HP is shown in percentages
|teampreview
|join|They call me clamp
|join|ryzed
|
|start
|switch|p1a: Rotom-Wash|Rotom-Wash|299\/299
|switch|p2a: Prioritize|Bisharp, M, shiny|271\/271
|turn|1
|
|move|p1a: Rotom-Wash|Will-O-Wisp|p2a: Prioritize
|-status|p2a: Prioritize|brn
|move|p2a: Prioritize|Knock Off|p1a: Rotom-Wash
|-damage|p1a: Rotom-Wash|218\/299
|-enditem|p1a: Rotom-Wash|Chesto Berry|[from] move: Knock Off|[of] p2a: Prioritize
|
|-damage|p2a: Prioritize|238\/271 brn|[from] brn
|turn|2
|join|Fabio96
|
|move|p1a: Rotom-Wash|Volt Switch|p2a: Prioritize
|-damage|p2a: Prioritize|124\/271 brn
|
|switch|p1a: Scizor|Scizor, M|344\/344
|move|p2a: Prioritize|Stealth Rock|p1a: Scizor
|-sidestart|p1: ThisFireBurns|move: Stealth Rock
|
|-damage|p2a: Prioritize|91\/271 brn|[from] brn
|turn|3
|
|switch|p2a: Pwny|Keldeo-Resolute|323\/323
|detailschange|p1a: Scizor|Scizor-Mega, M
|-mega|p1a: Scizor|Scizor|Scizorite
|move|p1a: Scizor|Defog|p2a: Pwny
|-unboost|p2a: Pwny|evasion|1
|-sideend|p1: ThisFireBurns|Stealth Rock|[from] move: Defog|[of] p1a: Scizor
|
|turn|4
|
|switch|p1a: Rotom-Wash|Rotom-Wash|218\/299
|move|p2a: Pwny|Scald|p1a: Rotom-Wash
|-resisted|p1a: Rotom-Wash
|-damage|p1a: Rotom-Wash|147\/299
|
|turn|5
|join|exodia15
|
|switch|p2a: AC130|Latios, M|301\/301
|move|p1a: Rotom-Wash|Volt Switch|p2a: AC130
|-resisted|p2a: AC130
|-damage|p2a: AC130|258\/301
|
|switch|p1a: Talonflame|Talonflame, M|297\/297
|
|turn|6
|c| ryzed|does cb ko?
|
|switch|p2a: Prioritize|Bisharp, M, shiny|91\/271 brn
|move|p1a: Talonflame|Brave Bird|p2a: Prioritize
|-resisted|p2a: Prioritize
|-damage|p2a: Prioritize|0 fnt
|-damage|p1a: Talonflame|267\/297|[from] recoil|[of] p2a: Prioritize
|faint|p2a: Prioritize
|
|c|âThisFireBurns|after stealth yeah
|
|switch|p2a: Destructo Disk|Victini|341\/341
|turn|7
|c| ryzed|wow im underestimating talonflame's base 81
|
|switch|p1a: Landorus-Therian|Landorus-Therian, M|329\/329
|-ability|p1a: Landorus-Therian|Intimidate|[of] p2a: Destructo Disk
|-unboost|p2a: Destructo Disk|atk|1
|move|p2a: Destructo Disk|V-create|p1a: Landorus-Therian
|-damage|p1a: Landorus-Therian|28\/329
|-unboost|p2a: Destructo Disk|def|1
|-unboost|p2a: Destructo Disk|spd|1
|-unboost|p2a: Destructo Disk|spe|1
|
|turn|8
|c|âThisFireBurns|its because the cb + 120
|join|haunter
|
|switch|p2a: Water Bomb|Azumarill, M|360\/360
|move|p1a: Landorus-Therian|Stealth Rock|p2a: Water Bomb
|-sidestart|p2: MoB Barley|move: Stealth Rock
|
|turn|9
|
|switch|p1a: Scizor|Scizor-Mega, M|344\/344
|switch|p2a: AC130|Latios, M|258\/301
|-damage|p2a: AC130|221\/301|[from] Stealth Rock
|
|turn|10
|
|move|p2a: AC130|Defog|p1a: Scizor
|-unboost|p1a: Scizor|evasion|1
|-sideend|p2: MoB Barley|Stealth Rock|[from] move: Defog|[of] p2a: AC130
|move|p1a: Scizor|U-turn|p2a: AC130
|-supereffective|p2a: AC130
|-damage|p2a: AC130|0 fnt
|faint|p2a: AC130
|
|switch|p1a: Rotom-Wash|Rotom-Wash|147\/299
|
|
|switch|p2a: Playboy|Lopunny, F, shiny|271\/271
|turn|11
|
|switch|p1a: Scizor|Scizor-Mega, M|344\/344
|detailschange|p2a: Playboy|Lopunny-Mega, F, shiny
|-mega|p2a: Playboy|Lopunny|Lopunnite
|move|p2a: Playboy|High Jump Kick|p1a: Scizor|[miss]
|-miss|p2a: Playboy|p1a: Scizor
|-damage|p2a: Playboy|136\/271|[from] highjumpkick
|
|turn|12
|c|âMoB Barley|im so fucking done
|c|âThisFireBurns|gg bro
|c|âMoB Barley|shut up nub
|-message|MoB Barley forfeited.
|c|âThisFireBurns|?
|leave|MoB Barley
|c| ryzed|lol
|c| They call me clamp|lol
|c|âThisFireBurns|lol
|
|win|ThisFireBurns
|raw|Ladder updating...
|player|p2
|raw|ThisFireBurns's rating: 1689 &rarr; <strong>1710<\/strong><br \/>(+21 for winning)
|raw|MoB Barley's rating: 1716 &rarr; <strong>1694<\/strong><br \/>(-22 for losing)
|c| They call me clamp|he get rekt by talon
|c|âThisFireBurns|yeap
|leave|ryzed
|c| exodia15|wow
|join|ryzed
|leave|ryzed
|c| exodia15|Mob barley is rude
|leave|Fabio96
|join|Fabio96
|c| exodia15|and a sore loser
|leave|Fabio96
|c| exodia15|lol
|leave|exodia15
|join|exodia15
|leave|exodia15