|join|ThisFireBurns
|join|fuckyoo im asian
|player|p1|ThisFireBurns|102
|player|p2|fuckyoo im asian|102
|gametype|singles
|gen|6
|tier|OU
|rated
|clearpoke
|poke|p1|Scizor, M
|poke|p1|Rotom-Wash
|poke|p1|Bisharp, F
|poke|p1|Gardevoir, M
|poke|p1|Landorus-Therian, M
|poke|p1|Talonflame, M
|poke|p2|Skarmory, M
|poke|p2|Landorus, M
|poke|p2|Bisharp, M
|poke|p2|Garchomp, M
|poke|p2|Scizor, M
|poke|p2|Mew
|rule|Swagger Clause: Swagger is banned
|rule|Baton Pass Clause: Limit one PokÃ©mon knowing Baton Pass
|rule|Sleep Clause Mod: Limit one foe put to sleep
|rule|Species Clause: Limit one of each PokÃ©mon
|rule|OHKO Clause: OHKO moves are banned
|rule|Moody Clause: Moody is banned
|rule|Evasion Moves Clause: Evasion moves are banned
|rule|Endless Battle Clause: Forcing endless battles is banned
|rule|HP Percentage Mod: HP is shown in percentages
|teampreview
|
|start
|switch|p1a: Rotom-Wash|Rotom-Wash|299\/299
|switch|p2a: Garchomp|Garchomp, M|357\/357
|turn|1
|
|move|p2a: Garchomp|Stealth Rock|p1a: Rotom-Wash
|-sidestart|p1: ThisFireBurns|move: Stealth Rock
|move|p1a: Rotom-Wash|Will-O-Wisp|p2a: Garchomp
|-status|p2a: Garchomp|brn
|-enditem|p2a: Garchomp|Lum Berry|[eat]
|-curestatus|p2a: Garchomp|brn
|
|turn|2
|
|switch|p2a: Mew|Mew|404\/404
|move|p1a: Rotom-Wash|Will-O-Wisp|p2a: Mew
|-status|p2a: Mew|brn
|-status|p1a: Rotom-Wash|brn
|
|-damage|p2a: Mew|354\/404 brn|[from] brn
|-damage|p1a: Rotom-Wash|262\/299 brn|[from] brn
|turn|3
|
|move|p1a: Rotom-Wash|Volt Switch|p2a: Mew
|-damage|p2a: Mew|272\/404 brn
|
|switch|p1a: Scizor|Scizor, M|343\/343
|-damage|p1a: Scizor|301\/343|[from] Stealth Rock
|move|p2a: Mew|Knock Off|p1a: Scizor
|-damage|p1a: Scizor|283\/343
|
|-heal|p2a: Mew|297\/404 brn|[from] item: Leftovers
|-damage|p2a: Mew|247\/404 brn|[from] brn
|turn|4
|
|switch|p2a: Skarmory|Skarmory, M|333\/333
|detailschange|p1a: Scizor|Scizor-Mega, M
|-mega|p1a: Scizor|Scizor|Scizorite
|move|p1a: Scizor|U-turn|p2a: Skarmory
|-resisted|p2a: Skarmory
|-damage|p2a: Skarmory|315\/333
|-damage|p1a: Scizor|226\/343|[from] item: Rocky Helmet|[of] p2a: Skarmory
|
|switch|p1a: Rotom-Wash|Rotom-Wash|262\/299 brn
|-damage|p1a: Rotom-Wash|225\/299 brn|[from] Stealth Rock
|
|-damage|p1a: Rotom-Wash|188\/299 brn|[from] brn
|turn|5
|
|move|p1a: Rotom-Wash|Hydro Pump|p2a: Skarmory|[miss]
|-miss|p1a: Rotom-Wash|p2a: Skarmory
|move|p2a: Skarmory|Spikes|p1a: Rotom-Wash
|-sidestart|p1: ThisFireBurns|Spikes
|
|-damage|p1a: Rotom-Wash|151\/299 brn|[from] brn
|turn|6
|
|switch|p2a: Garchomp|Garchomp, M|357\/357
|move|p1a: Rotom-Wash|Volt Switch|p2a: Garchomp
|-immune|p2a: Garchomp|[msg]
|
|-damage|p1a: Rotom-Wash|114\/299 brn|[from] brn
|turn|7
|
|switch|p1a: Gardevoir|Gardevoir, M|277\/277
|-damage|p1a: Gardevoir|243\/277|[from] Spikes
|-damage|p1a: Gardevoir|209\/277|[from] Stealth Rock
|-ability|p1a: Gardevoir|Rough Skin|[from] ability: Trace|[of] p2a: Garchomp
|move|p2a: Garchomp|Dragon Claw|p1a: Gardevoir
|-immune|p1a: Gardevoir|[msg]
|
|turn|8
|
|switch|p2a: Skarmory|Skarmory, M|315\/333
|move|p1a: Gardevoir|Moonblast|p2a: Skarmory
|-resisted|p2a: Skarmory
|-damage|p2a: Skarmory|184\/333
|
|turn|9
|
|switch|p1a: Scizor|Scizor-Mega, M|226\/343
|-damage|p1a: Scizor|184\/343|[from] Spikes
|-damage|p1a: Scizor|142\/343|[from] Stealth Rock
|move|p2a: Skarmory|Roost|p2a: Skarmory
|-heal|p2a: Skarmory|333\/333
|
|turn|10
|
|move|p1a: Scizor|Defog|p2a: Skarmory
|-unboost|p2a: Skarmory|evasion|1
|-sideend|p1: ThisFireBurns|Spikes|[from] move: Defog|[of] p1a: Scizor
|-sideend|p1: ThisFireBurns|Stealth Rock|[from] move: Defog|[of] p1a: Scizor
|move|p2a: Skarmory|Spikes|p1a: Scizor
|-sidestart|p1: ThisFireBurns|Spikes
|
|turn|11
|
|switch|p2a: Landorus|Landorus, M|319\/319
|move|p1a: Scizor|Roost|p1a: Scizor
|-heal|p1a: Scizor|314\/343
|
|turn|12
|
|switch|p1a: Landorus-Therian|Landorus-Therian, M|329\/329
|-ability|p1a: Landorus-Therian|Intimidate|[of] p2a: Landorus
|-unboost|p2a: Landorus|atk|1
|move|p2a: Landorus|Earth Power|p1a: Landorus-Therian
|-immune|p1a: Landorus-Therian|[msg]
|
|turn|13
|
|switch|p2a: Skarmory|Skarmory, M|333\/333
|move|p1a: Landorus-Therian|U-turn|p2a: Skarmory
|-resisted|p2a: Skarmory
|-damage|p2a: Skarmory|319\/333
|-damage|p1a: Landorus-Therian|275\/329|[from] item: Rocky Helmet|[of] p2a: Skarmory
|
|switch|p1a: Rotom-Wash|Rotom-Wash|114\/299 brn
|
|-damage|p1a: Rotom-Wash|77\/299 brn|[from] brn
|turn|14
|
|switch|p2a: Mew|Mew|247\/404 brn
|move|p1a: Rotom-Wash|Rest|p1a: Rotom-Wash
|-status|p1a: Rotom-Wash|slp
|-heal|p1a: Rotom-Wash|299\/299 slp|[silent]
|-status|p1a: Rotom-Wash|slp|[from] move: Rest
|-enditem|p1a: Rotom-Wash|Chesto Berry|[eat]
|-curestatus|p1a: Rotom-Wash|slp
|
|-heal|p2a: Mew|272\/404 brn|[from] item: Leftovers
|-damage|p2a: Mew|222\/404 brn|[from] brn
|turn|15
|
|move|p1a: Rotom-Wash|Volt Switch|p2a: Mew
|-damage|p2a: Mew|144\/404 brn
|
|switch|p1a: Talonflame|Talonflame, M|297\/297
|move|p2a: Mew|Soft-Boiled|p2a: Mew
|-heal|p2a: Mew|346\/404 brn
|
|-heal|p2a: Mew|371\/404 brn|[from] item: Leftovers
|-damage|p2a: Mew|321\/404 brn|[from] brn
|turn|16
|
|move|p1a: Talonflame|U-turn|p2a: Mew
|-supereffective|p2a: Mew
|-damage|p2a: Mew|109\/404 brn
|
|switch|p1a: Landorus-Therian|Landorus-Therian, M|275\/329
|-ability|p1a: Landorus-Therian|Intimidate|[of] p2a: Mew
|-unboost|p2a: Mew|atk|1
|move|p2a: Mew|Knock Off|p1a: Landorus-Therian
|-damage|p1a: Landorus-Therian|245\/329
|-enditem|p1a: Landorus-Therian|Choice Scarf|[from] move: Knock Off|[of] p2a: Mew
|
|-heal|p2a: Mew|134\/404 brn|[from] item: Leftovers
|-damage|p2a: Mew|84\/404 brn|[from] brn
|turn|17
|
|switch|p2a: Skarmory|Skarmory, M|319\/333
|move|p1a: Landorus-Therian|U-turn|p2a: Skarmory
|-resisted|p2a: Skarmory
|-damage|p2a: Skarmory|303\/333
|-damage|p1a: Landorus-Therian|191\/329|[from] item: Rocky Helmet|[of] p2a: Skarmory
|
|switch|p1a: Rotom-Wash|Rotom-Wash|299\/299
|
|turn|18
|
|switch|p2a: Mew|Mew|84\/404 brn
|move|p1a: Rotom-Wash|Hydro Pump|p2a: Mew
|-damage|p2a: Mew|0 fnt
|faint|p2a: Mew
|
|
|switch|p2a: Landorus|Landorus, M|319\/319
|turn|19
|
|move|p2a: Landorus|Sludge Wave|p1a: Rotom-Wash
|-damage|p1a: Rotom-Wash|131\/299
|move|p1a: Rotom-Wash|Hydro Pump|p2a: Landorus|[miss]
|-miss|p1a: Rotom-Wash|p2a: Landorus
|
|turn|20
|c|âfuckyoo im asian|sorry
|c|âThisFireBurns|come on...
|
|switch|p1a: Bisharp|Bisharp, F|271\/271
|-damage|p1a: Bisharp|238\/271|[from] Spikes
|move|p2a: Landorus|Psychic|p1a: Bisharp
|-immune|p1a: Bisharp|[msg]
|
|turn|21
|
|switch|p2a: Skarmory|Skarmory, M|303\/333
|move|p1a: Bisharp|Sucker Punch|p2a: Skarmory
|-fail|p2a: Skarmory
|
|turn|22
|
|move|p1a: Bisharp|Swords Dance|p1a: Bisharp
|-boost|p1a: Bisharp|atk|2
|move|p2a: Skarmory|Whirlwind|p1a: Bisharp
|drag|p1a: Landorus-Therian|Landorus-Therian, M|191\/329
|-ability|p1a: Landorus-Therian|Intimidate|[of] p2a: Skarmory
|-unboost|p2a: Skarmory|atk|1
|
|turn|23
|
|move|p1a: Landorus-Therian|Stealth Rock|p2a: Skarmory
|-sidestart|p2: fuckyoo im asian|move: Stealth Rock
|move|p2a: Skarmory|Spikes|p1a: Landorus-Therian
|-sidestart|p1: ThisFireBurns|Spikes
|
|turn|24
|
|switch|p1a: Rotom-Wash|Rotom-Wash|131\/299
|move|p2a: Skarmory|Whirlwind|p1a: Rotom-Wash
|drag|p1a: Scizor|Scizor-Mega, M|314\/343
|-damage|p1a: Scizor|257\/343|[from] Spikes
|
|turn|25
|
|switch|p2a: Landorus|Landorus, M|319\/319
|-damage|p2a: Landorus|280\/319|[from] Stealth Rock
|move|p1a: Scizor|U-turn|p2a: Landorus
|-resisted|p2a: Landorus
|-damage|p2a: Landorus|212\/319
|
|switch|p1a: Talonflame|Talonflame, M|297\/297
|
|turn|26
|
|move|p1a: Talonflame|Flare Blitz|p2a: Landorus
|-damage|p2a: Landorus|0 fnt
|-damage|p1a: Talonflame|227\/297|[from] recoil|[of] p2a: Landorus
|faint|p2a: Landorus
|
|
|switch|p2a: Garchomp|Garchomp, M|357\/357
|-damage|p2a: Garchomp|335\/357|[from] Stealth Rock
|turn|27
|
|switch|p1a: Landorus-Therian|Landorus-Therian, M|191\/329
|-ability|p1a: Landorus-Therian|Intimidate|[of] p2a: Garchomp
|-unboost|p2a: Garchomp|atk|1
|move|p2a: Garchomp|Stealth Rock|p1a: Landorus-Therian
|-sidestart|p1: ThisFireBurns|move: Stealth Rock
|
|turn|28
|
|move|p2a: Garchomp|Swords Dance|p2a: Garchomp
|-boost|p2a: Garchomp|atk|2
|move|p1a: Landorus-Therian|U-turn|p2a: Garchomp
|-damage|p2a: Garchomp|226\/357
|-damage|p1a: Landorus-Therian|150\/329|[from] ability: Rough Skin|[of] p2a: Garchomp
|
|switch|p1a: Gardevoir|Gardevoir, M|209\/277
|-damage|p1a: Gardevoir|163\/277|[from] Spikes
|-damage|p1a: Gardevoir|129\/277|[from] Stealth Rock
|-ability|p1a: Gardevoir|Rough Skin|[from] ability: Trace|[of] p2a: Garchomp
|
|turn|29
|
|switch|p2a: Skarmory|Skarmory, M|303\/333
|-damage|p2a: Skarmory|262\/333|[from] Stealth Rock
|move|p1a: Gardevoir|Moonblast|p2a: Skarmory
|-resisted|p2a: Skarmory
|-damage|p2a: Skarmory|133\/333
|
|turn|30
|
|move|p1a: Gardevoir|Moonblast|p2a: Skarmory
|-crit|p2a: Skarmory
|-resisted|p2a: Skarmory
|-damage|p2a: Skarmory|0 fnt
|faint|p2a: Skarmory
|
|
|switch|p2a: Scizor|Scizor, M|315\/315
|-damage|p2a: Scizor|276\/315|[from] Stealth Rock
|turn|31
|
|switch|p1a: Landorus-Therian|Landorus-Therian, M|150\/329
|-damage|p1a: Landorus-Therian|109\/329|[from] Stealth Rock
|-ability|p1a: Landorus-Therian|Intimidate|[of] p2a: Scizor
|-unboost|p2a: Scizor|atk|1
|detailschange|p2a: Scizor|Scizor-Mega, M
|-mega|p2a: Scizor|Scizor|Scizorite
|move|p2a: Scizor|Swords Dance|p2a: Scizor
|-boost|p2a: Scizor|atk|2
|
|turn|32
|
|move|p1a: Landorus-Therian|Earthquake|p2a: Scizor
|-damage|p2a: Scizor|140\/315
|move|p2a: Scizor|Swords Dance|p2a: Scizor
|-boost|p2a: Scizor|atk|2
|
|turn|33
|
|move|p1a: Landorus-Therian|Earthquake|p2a: Scizor
|-damage|p2a: Scizor|5\/315
|move|p2a: Scizor|Roost|p2a: Scizor
|-heal|p2a: Scizor|163\/315
|
|turn|34
|
|move|p1a: Landorus-Therian|U-turn|p2a: Scizor
|-resisted|p2a: Scizor
|-damage|p2a: Scizor|127\/315
|
|switch|p1a: Rotom-Wash|Rotom-Wash|131\/299
|-damage|p1a: Rotom-Wash|94\/299|[from] Stealth Rock
|move|p2a: Scizor|Roost|p2a: Scizor
|-heal|p2a: Scizor|285\/315
|
|turn|35
|
|move|p2a: Scizor|Bullet Punch|p1a: Rotom-Wash
|-resisted|p1a: Rotom-Wash
|-damage|p1a: Rotom-Wash|30\/299
|move|p1a: Rotom-Wash|Will-O-Wisp|p2a: Scizor
|-status|p2a: Scizor|brn
|
|-damage|p2a: Scizor|246\/315 brn|[from] brn
|turn|36
|
|move|p1a: Rotom-Wash|Rest|p1a: Rotom-Wash
|-status|p1a: Rotom-Wash|slp
|-heal|p1a: Rotom-Wash|299\/299 slp|[silent]
|-status|p1a: Rotom-Wash|slp|[from] move: Rest
|move|p2a: Scizor|Bug Bite|p1a: Rotom-Wash
|-damage|p1a: Rotom-Wash|80\/299 slp
|
|-damage|p2a: Scizor|207\/315 brn|[from] brn
|turn|37
|
|switch|p1a: Landorus-Therian|Landorus-Therian, M|109\/329
|-damage|p1a: Landorus-Therian|68\/329|[from] Stealth Rock
|-ability|p1a: Landorus-Therian|Intimidate|[of] p2a: Scizor
|-unboost|p2a: Scizor|atk|1
|move|p2a: Scizor|Swords Dance|p2a: Scizor
|-boost|p2a: Scizor|atk|2
|
|-damage|p2a: Scizor|168\/315 brn|[from] brn
|turn|38
|
|switch|p1a: Rotom-Wash|Rotom-Wash|80\/299 slp
|-damage|p1a: Rotom-Wash|43\/299 slp|[from] Stealth Rock
|move|p2a: Scizor|Bullet Punch|p1a: Rotom-Wash
|-resisted|p1a: Rotom-Wash
|-damage|p1a: Rotom-Wash|0 fnt
|faint|p1a: Rotom-Wash
|
|-damage|p2a: Scizor|129\/315 brn|[from] brn
|
|switch|p1a: Scizor|Scizor-Mega, M|257\/343
|-damage|p1a: Scizor|200\/343|[from] Spikes
|-damage|p1a: Scizor|158\/343|[from] Stealth Rock
|turn|39
|
|move|p2a: Scizor|Bug Bite|p1a: Scizor
|-crit|p1a: Scizor
|-resisted|p1a: Scizor
|-damage|p1a: Scizor|41\/343
|move|p1a: Scizor|Defog|p2a: Scizor
|-unboost|p2a: Scizor|evasion|1
|-sideend|p2: fuckyoo im asian|Stealth Rock|[from] move: Defog|[of] p2a: Scizor
|-sideend|p1: ThisFireBurns|Spikes|[from] move: Defog|[of] p1a: Scizor
|-sideend|p1: ThisFireBurns|Stealth Rock|[from] move: Defog|[of] p1a: Scizor
|
|-damage|p2a: Scizor|90\/315 brn|[from] brn
|turn|40
|
|move|p2a: Scizor|Bug Bite|p1a: Scizor
|-resisted|p1a: Scizor
|-damage|p1a: Scizor|0 fnt
|faint|p1a: Scizor
|
|-damage|p2a: Scizor|51\/315 brn|[from] brn
|
|switch|p1a: Talonflame|Talonflame, M|227\/297
|turn|41
|
|switch|p2a: Bisharp|Bisharp, M|299\/299
|move|p1a: Talonflame|Brave Bird|p2a: Bisharp
|-resisted|p2a: Bisharp
|-damage|p2a: Bisharp|180\/299
|-damage|p1a: Talonflame|188\/297|[from] recoil|[of] p2a: Bisharp
|
|turn|42
|
|move|p2a: Bisharp|Pursuit|p1a: Talonflame|[from]Pursuit
|-damage|p1a: Talonflame|0 fnt
|faint|p1a: Talonflame
|
|
|switch|p1a: Bisharp|Bisharp, F|238\/271
|turn|43
|
|move|p1a: Bisharp|Knock Off|p2a: Bisharp
|-resisted|p2a: Bisharp
|-damage|p2a: Bisharp|67\/299
|-enditem|p2a: Bisharp|Black Glasses|[from] move: Knock Off|[of] p1a: Bisharp
|-damage|p1a: Bisharp|211\/271|[from] item: Life Orb
|move|p2a: Bisharp|Knock Off|p1a: Bisharp
|-resisted|p1a: Bisharp
|-damage|p1a: Bisharp|125\/271
|-enditem|p1a: Bisharp|Life Orb|[from] move: Knock Off|[of] p2a: Bisharp
|
|turn|44
|
|switch|p2a: Garchomp|Garchomp, M|226\/357
|move|p1a: Bisharp|Iron Head|p2a: Garchomp
|-damage|p2a: Garchomp|76\/357
|-damage|p1a: Bisharp|92\/271|[from] ability: Rough Skin|[of] p2a: Garchomp
|
|turn|45
|
|switch|p1a: Landorus-Therian|Landorus-Therian, M|68\/329
|-ability|p1a: Landorus-Therian|Intimidate|[of] p2a: Garchomp
|-unboost|p2a: Garchomp|atk|1
|move|p2a: Garchomp|Swords Dance|p2a: Garchomp
|-boost|p2a: Garchomp|atk|2
|
|turn|46
|
|move|p2a: Garchomp|Dragon Claw|p1a: Landorus-Therian
|-damage|p1a: Landorus-Therian|0 fnt
|faint|p1a: Landorus-Therian
|
|
|switch|p1a: Gardevoir|Gardevoir, M|129\/277
|-ability|p1a: Gardevoir|Rough Skin|[from] ability: Trace|[of] p2a: Garchomp
|turn|47
|
|switch|p2a: Scizor|Scizor-Mega, M|51\/315 brn
|move|p1a: Gardevoir|Moonblast|p2a: Scizor
|-resisted|p2a: Scizor
|-damage|p2a: Scizor|0 fnt
|faint|p2a: Scizor
|
|
|switch|p2a: Bisharp|Bisharp, M|67\/299
|turn|48
|
|move|p2a: Bisharp|Sucker Punch|p1a: Gardevoir
|-damage|p1a: Gardevoir|0 fnt
|-damage|p2a: Bisharp|30\/299|[from] ability: Rough Skin|[of] p1a: Gardevoir
|faint|p1a: Gardevoir
|
|
|switch|p1a: Bisharp|Bisharp, F|92\/271
|turn|49
|
|switch|p2a: Garchomp|Garchomp, M|76\/357
|move|p1a: Bisharp|Sucker Punch|p2a: Garchomp
|-fail|p2a: Garchomp
|
|turn|50
|
|move|p1a: Bisharp|Sucker Punch|p2a: Garchomp
|-fail|p2a: Garchomp
|move|p2a: Garchomp|Swords Dance|p2a: Garchomp
|-boost|p2a: Garchomp|atk|2
|
|turn|51
|
|move|p1a: Bisharp|Sucker Punch|p2a: Garchomp
|-fail|p2a: Garchomp
|move|p2a: Garchomp|Swords Dance|p2a: Garchomp
|-boost|p2a: Garchomp|atk|2
|
|turn|52
|
|move|p1a: Bisharp|Sucker Punch|p2a: Garchomp
|-fail|p2a: Garchomp
|move|p2a: Garchomp|Swords Dance|p2a: Garchomp
|-boost|p2a: Garchomp|atk|2
|
|turn|53
|
|move|p1a: Bisharp|Sucker Punch|p2a: Garchomp
|-fail|p2a: Garchomp
|move|p2a: Garchomp|Swords Dance|p2a: Garchomp
|-fail|p2a: Garchomp
|
|turn|54
|
|move|p1a: Bisharp|Sucker Punch|p2a: Garchomp
|-fail|p2a: Garchomp
|move|p2a: Garchomp|Swords Dance|p2a: Garchomp
|-fail|p2a: Garchomp
|
|turn|55
|
|move|p2a: Garchomp|Earthquake|p1a: Bisharp
|-supereffective|p1a: Bisharp
|-damage|p1a: Bisharp|0 fnt
|faint|p1a: Bisharp
|
|win|fuckyoo im asian
|raw|Ladder updating...
|c|âfuckyoo im asian|gg
|raw|ThisFireBurns's rating: 1666 &rarr; <strong>1640<\/strong><br \/>(-26 for losing)
|raw|fuckyoo im asian's rating: 1561 &rarr; <strong>1587<\/strong><br \/>(+26 for winning)
|c|âfuckyoo im asian|lol
|c|âThisFireBurns|oks
|c|âThisFireBurns|nice predict
|c|âThisFireBurns|=)
|c|âfuckyoo im asian|thanks
|leave|ThisFireBurns
|player|p1