|join|ThisFireBurns
|join|Bl153
|player|p1|ThisFireBurns|102
|player|p2|Bl153|101
|gametype|singles
|gen|6
|tier|OU
|rated
|clearpoke
|poke|p1|Lopunny, M
|poke|p1|Rotom-Wash
|poke|p1|Landorus-Therian, M
|poke|p1|Mew
|poke|p1|Talonflame, M
|poke|p1|Bisharp, M
|poke|p2|Cobalion
|poke|p2|Landorus-Therian, M
|poke|p2|Heatran, F, shiny
|poke|p2|Rotom-Wash
|poke|p2|Gallade, M
|poke|p2|Sylveon, F
|rule|Swagger Clause: Swagger is banned
|rule|Baton Pass Clause: Limit one PokÃ©mon knowing Baton Pass
|rule|Sleep Clause Mod: Limit one foe put to sleep
|rule|Species Clause: Limit one of each PokÃ©mon
|rule|OHKO Clause: OHKO moves are banned
|rule|Moody Clause: Moody is banned
|rule|Evasion Moves Clause: Evasion moves are banned
|rule|Endless Battle Clause: Forcing endless battles is banned
|rule|HP Percentage Mod: HP is shown in percentages
|teampreview
|c|âBl153|gl hf
|c|âThisFireBurns|gl hf
|
|start
|switch|p1a: Landorus-Therian|Landorus-Therian, M|329\/329
|switch|p2a: Sylveon|Sylveon, F|387\/387
|-ability|p1a: Landorus-Therian|Intimidate|[of] p2a: Sylveon
|-unboost|p2a: Sylveon|atk|1
|turn|1
|
|move|p1a: Landorus-Therian|Earthquake|p2a: Sylveon
|-damage|p2a: Sylveon|137\/387
|move|p2a: Sylveon|Hyper Voice|p1a: Landorus-Therian
|-damage|p1a: Landorus-Therian|68\/329
|
|turn|2
|
|switch|p2a: Rotom-Wash|Rotom-Wash|303\/303
|move|p1a: Landorus-Therian|Earthquake|p2a: Rotom-Wash
|-immune|p2a: Rotom-Wash|[msg]
|
|turn|3
|
|switch|p1a: Rotom-Wash|Rotom-Wash|299\/299
|move|p2a: Rotom-Wash|Volt Switch|p1a: Rotom-Wash
|-crit|p1a: Rotom-Wash
|-damage|p1a: Rotom-Wash|166\/299
|
|switch|p2a: Sylveon|Sylveon, F|137\/387
|
|turn|4
|
|move|p1a: Rotom-Wash|Volt Switch|p2a: Sylveon
|-damage|p2a: Sylveon|67\/387
|
|switch|p1a: Talonflame|Talonflame, M|297\/297
|move|p2a: Sylveon|Hyper Voice|p1a: Talonflame
|-resisted|p1a: Talonflame
|-damage|p1a: Talonflame|133\/297
|
|turn|5
|
|move|p1a: Talonflame|U-turn|p2a: Sylveon
|-resisted|p2a: Sylveon
|-damage|p2a: Sylveon|4\/387
|
|switch|p1a: Mew|Mew|403\/403
|move|p2a: Sylveon|Hyper Voice|p1a: Mew
|-damage|p1a: Mew|199\/403
|
|-heal|p1a: Mew|224\/403|[from] item: Leftovers
|turn|6
|
|move|p1a: Mew|U-turn|p2a: Sylveon
|-resisted|p2a: Sylveon
|-damage|p2a: Sylveon|0 fnt
|faint|p2a: Sylveon
|c|âBl153|awwww :\/
|
|switch|p1a: Rotom-Wash|Rotom-Wash|166\/299
|
|c|âBl153|u did well Slyv very well..
|c|âThisFireBurns|bro
|c|âThisFireBurns|the choice specs set is fucker
|c|âThisFireBurns|i like it a lot
|
|switch|p2a: Landorus-Therian|Landorus-Therian, M|381\/381
|-ability|p2a: Landorus-Therian|Intimidate|[of] p1a: Rotom-Wash
|-unboost|p1a: Rotom-Wash|atk|1
|turn|7
|c|âBl153|yeah it is XD
|
|move|p1a: Rotom-Wash|Hydro Pump|p2a: Landorus-Therian|[miss]
|-miss|p1a: Rotom-Wash|p2a: Landorus-Therian
|move|p2a: Landorus-Therian|Knock Off|p1a: Rotom-Wash
|-damage|p1a: Rotom-Wash|67\/299
|-enditem|p1a: Rotom-Wash|Chesto Berry|[from] move: Knock Off|[of] p2a: Landorus-Therian
|
|turn|8
|c|âThisFireBurns|D'=
|c|âThisFireBurns|sad
|
|move|p1a: Rotom-Wash|Will-O-Wisp|p2a: Landorus-Therian
|-status|p2a: Landorus-Therian|brn
|move|p2a: Landorus-Therian|U-turn|p1a: Rotom-Wash
|-damage|p1a: Rotom-Wash|31\/299
|
|switch|p2a: Cobalion|Cobalion|369\/369
|
|turn|9
|
|move|p2a: Cobalion|Volt Switch|p1a: Rotom-Wash
|-damage|p1a: Rotom-Wash|0 fnt
|faint|p1a: Rotom-Wash
|
|switch|p2a: Gallade|Gallade, M|277\/277
|
|
|switch|p1a: Lopunny|Lopunny, M|271\/271
|turn|10
|
|switch|p2a: Landorus-Therian|Landorus-Therian, M|381\/381 brn
|-ability|p2a: Landorus-Therian|Intimidate|[of] p1a: Lopunny
|-unboost|p1a: Lopunny|atk|1
|detailschange|p1a: Lopunny|Lopunny-Mega, M
|-mega|p1a: Lopunny|Lopunny|Lopunnite
|move|p1a: Lopunny|Fake Out|p2a: Landorus-Therian
|-damage|p2a: Landorus-Therian|333\/381 brn
|
|-heal|p2a: Landorus-Therian|356\/381 brn|[from] item: Leftovers
|-damage|p2a: Landorus-Therian|309\/381 brn|[from] brn
|turn|11
|
|switch|p2a: Rotom-Wash|Rotom-Wash|303\/303
|move|p1a: Lopunny|Return|p2a: Rotom-Wash
|-damage|p2a: Rotom-Wash|213\/303
|
|-heal|p2a: Rotom-Wash|231\/303|[from] item: Leftovers
|turn|12
|
|switch|p1a: Mew|Mew|224\/403
|move|p2a: Rotom-Wash|Volt Switch|p1a: Mew
|-crit|p1a: Mew
|-damage|p1a: Mew|91\/403
|c|âThisFireBurns|omg
|c|âBl153|sorry man
|c|âThisFireBurns|where is my luck
|c|âThisFireBurns|D'=
|
|switch|p2a: Heatran|Heatran, F, shiny|385\/385
|
|-heal|p1a: Mew|116\/403|[from] item: Leftovers
|turn|13
|
|move|p1a: Mew|Roost|p1a: Mew
|-heal|p1a: Mew|318\/403
|move|p2a: Heatran|Lava Plume|p1a: Mew
|-damage|p1a: Mew|203\/403
|
|-heal|p1a: Mew|228\/403|[from] item: Leftovers
|turn|14
|
|move|p1a: Mew|U-turn|p2a: Heatran
|-resisted|p2a: Heatran
|-damage|p2a: Heatran|372\/385
|
|switch|p1a: Talonflame|Talonflame, M|133\/297
|move|p2a: Heatran|Toxic|p1a: Talonflame
|-status|p1a: Talonflame|tox
|
|-heal|p2a: Heatran|385\/385|[from] item: Leftovers
|-damage|p1a: Talonflame|115\/297 tox|[from] psn
|turn|15
|
|move|p1a: Talonflame|Roost|p1a: Talonflame
|-heal|p1a: Talonflame|264\/297 tox
|move|p2a: Heatran|Earth Power|p1a: Talonflame
|-supereffective|p1a: Talonflame
|-damage|p1a: Talonflame|42\/297 tox
|
|-damage|p1a: Talonflame|6\/297 tox|[from] psn
|turn|16
|
|switch|p1a: Landorus-Therian|Landorus-Therian, M|68\/329
|-ability|p1a: Landorus-Therian|Intimidate|[of] p2a: Heatran
|-unboost|p2a: Heatran|atk|1
|move|p2a: Heatran|Lava Plume|p1a: Landorus-Therian
|-crit|p1a: Landorus-Therian
|-damage|p1a: Landorus-Therian|0 fnt
|faint|p1a: Landorus-Therian
|
|
|switch|p1a: Lopunny|Lopunny-Mega, M|271\/271
|turn|17
|c|âBl153|now that didnt matter lol
|
|switch|p2a: Landorus-Therian|Landorus-Therian, M|309\/381 brn
|-ability|p2a: Landorus-Therian|Intimidate|[of] p1a: Lopunny
|-unboost|p1a: Lopunny|atk|1
|move|p1a: Lopunny|High Jump Kick|p2a: Landorus-Therian
|-resisted|p2a: Landorus-Therian
|-damage|p2a: Landorus-Therian|242\/381 brn
|
|-heal|p2a: Landorus-Therian|265\/381 brn|[from] item: Leftovers
|-damage|p2a: Landorus-Therian|218\/381 brn|[from] brn
|turn|18
|c|âThisFireBurns|yeah
|
|move|p1a: Lopunny|Return|p2a: Landorus-Therian
|-damage|p2a: Landorus-Therian|110\/381 brn
|move|p2a: Landorus-Therian|Stealth Rock|p1a: Lopunny
|-sidestart|p1: ThisFireBurns|move: Stealth Rock
|
|-heal|p2a: Landorus-Therian|133\/381 brn|[from] item: Leftovers
|-damage|p2a: Landorus-Therian|86\/381 brn|[from] brn
|turn|19
|
|switch|p2a: Rotom-Wash|Rotom-Wash|231\/303
|move|p1a: Lopunny|Return|p2a: Rotom-Wash
|-damage|p2a: Rotom-Wash|138\/303
|
|-heal|p2a: Rotom-Wash|156\/303|[from] item: Leftovers
|turn|20
|
|switch|p1a: Mew|Mew|228\/403
|-damage|p1a: Mew|178\/403|[from] Stealth Rock
|move|p2a: Rotom-Wash|Pain Split|p1a: Mew
|-sethp|p1a: Mew|167\/403|p2a: Rotom-Wash|167\/303|[from] move: Pain Split
|
|-heal|p1a: Mew|192\/403|[from] item: Leftovers
|-heal|p2a: Rotom-Wash|185\/303|[from] item: Leftovers
|turn|21
|
|move|p1a: Mew|Defog|p2a: Rotom-Wash
|-unboost|p2a: Rotom-Wash|evasion|1
|-sideend|p1: ThisFireBurns|Stealth Rock|[from] move: Defog|[of] p1a: Mew
|move|p2a: Rotom-Wash|Hydro Pump|p1a: Mew
|-damage|p1a: Mew|51\/403
|
|-heal|p1a: Mew|76\/403|[from] item: Leftovers
|-heal|p2a: Rotom-Wash|203\/303|[from] item: Leftovers
|turn|22
|
|move|p1a: Mew|Roost|p1a: Mew
|-heal|p1a: Mew|278\/403
|move|p2a: Rotom-Wash|Volt Switch|p1a: Mew
|-damage|p1a: Mew|197\/403
|
|switch|p2a: Landorus-Therian|Landorus-Therian, M|86\/381 brn
|-ability|p2a: Landorus-Therian|Intimidate|[of] p1a: Mew
|-unboost|p1a: Mew|atk|1
|
|-heal|p1a: Mew|222\/403|[from] item: Leftovers
|-heal|p2a: Landorus-Therian|109\/381 brn|[from] item: Leftovers
|-damage|p2a: Landorus-Therian|62\/381 brn|[from] brn
|turn|23
|
|switch|p2a: Heatran|Heatran, F, shiny|385\/385
|move|p1a: Mew|U-turn|p2a: Heatran
|-resisted|p2a: Heatran
|-damage|p2a: Heatran|377\/385
|
|switch|p1a: Lopunny|Lopunny-Mega, M|271\/271
|
|-heal|p2a: Heatran|385\/385|[from] item: Leftovers
|turn|24
|
|switch|p2a: Landorus-Therian|Landorus-Therian, M|62\/381 brn
|-ability|p2a: Landorus-Therian|Intimidate|[of] p1a: Lopunny
|-unboost|p1a: Lopunny|atk|1
|move|p1a: Lopunny|High Jump Kick|p2a: Landorus-Therian
|-resisted|p2a: Landorus-Therian
|-damage|p2a: Landorus-Therian|0 fnt
|faint|p2a: Landorus-Therian
|
|
|switch|p2a: Cobalion|Cobalion|369\/369
|turn|25
|
|switch|p1a: Mew|Mew|222\/403
|move|p2a: Cobalion|Close Combat|p1a: Mew
|-resisted|p1a: Mew
|-damage|p1a: Mew|165\/403
|-unboost|p2a: Cobalion|def|1
|-unboost|p2a: Cobalion|spd|1
|
|-heal|p1a: Mew|190\/403|[from] item: Leftovers
|turn|26
|
|move|p2a: Cobalion|Volt Switch|p1a: Mew
|-damage|p1a: Mew|145\/403
|
|switch|p2a: Heatran|Heatran, F, shiny|385\/385
|move|p1a: Mew|U-turn|p2a: Heatran
|-resisted|p2a: Heatran
|-damage|p2a: Heatran|373\/385
|
|switch|p1a: Lopunny|Lopunny-Mega, M|271\/271
|
|-heal|p2a: Heatran|385\/385|[from] item: Leftovers
|turn|27
|
|move|p1a: Lopunny|High Jump Kick|p2a: Heatran
|-supereffective|p2a: Heatran
|-damage|p2a: Heatran|0 fnt
|faint|p2a: Heatran
|
|
|switch|p2a: Gallade|Gallade, M|277\/277
|turn|28
|
|switch|p1a: Mew|Mew|145\/403
|detailschange|p2a: Gallade|Gallade-Mega, M
|-mega|p2a: Gallade|Gallade|Galladite
|move|p2a: Gallade|Psycho Cut|p1a: Mew
|-resisted|p1a: Mew
|-damage|p1a: Mew|90\/403
|
|-heal|p1a: Mew|115\/403|[from] item: Leftovers
|turn|29
|
|move|p2a: Gallade|Ice Punch|p1a: Mew
|-damage|p1a: Mew|39\/403
|move|p1a: Mew|Roost|p1a: Mew
|-heal|p1a: Mew|241\/403
|
|-heal|p1a: Mew|266\/403|[from] item: Leftovers
|turn|30
|
|move|p2a: Gallade|Swords Dance|p2a: Gallade
|-boost|p2a: Gallade|atk|2
|move|p1a: Mew|Roost|p1a: Mew
|-heal|p1a: Mew|403\/403
|
|turn|31
|
|move|p2a: Gallade|Ice Punch|p1a: Mew
|-damage|p1a: Mew|238\/403
|move|p1a: Mew|Will-O-Wisp|p2a: Gallade
|-status|p2a: Gallade|brn
|
|-heal|p1a: Mew|263\/403|[from] item: Leftovers
|-damage|p2a: Gallade|243\/277 brn|[from] brn
|turn|32
|
|move|p2a: Gallade|Swords Dance|p2a: Gallade
|-boost|p2a: Gallade|atk|2
|move|p1a: Mew|U-turn|p2a: Gallade
|-damage|p2a: Gallade|180\/277 brn
|c|âBl153|who the hell runs U Turn on Mew....?
|
|switch|p1a: Lopunny|Lopunny-Mega, M|271\/271
|
|-damage|p2a: Gallade|146\/277 brn|[from] brn
|turn|33
|
|move|p1a: Lopunny|Return|p2a: Gallade
|-damage|p2a: Gallade|0 fnt
|faint|p2a: Gallade
|
|c|âThisFireBurns|me
|
|switch|p2a: Rotom-Wash|Rotom-Wash|203\/303
|turn|34
|c|âThisFireBurns|UHSAUHASUHSAHU
|c|âThisFireBurns|thats a nice scout
|c|âBl153|its very weird and makes no sense
|c|âThisFireBurns|yeah it makes
|c|âThisFireBurns|without it
|c|âThisFireBurns|i probably lose that match
|
|switch|p1a: Mew|Mew|263\/403
|move|p2a: Rotom-Wash|Will-O-Wisp|p1a: Mew|[miss]
|-miss|p2a: Rotom-Wash|p1a: Mew
|
|-heal|p1a: Mew|288\/403|[from] item: Leftovers
|-heal|p2a: Rotom-Wash|221\/303|[from] item: Leftovers
|turn|35
|
|move|p1a: Mew|Will-O-Wisp|p2a: Rotom-Wash|[miss]
|-miss|p1a: Mew|p2a: Rotom-Wash
|move|p2a: Rotom-Wash|Will-O-Wisp|p1a: Mew
|-status|p1a: Mew|brn
|-status|p2a: Rotom-Wash|brn
|
|-heal|p1a: Mew|313\/403 brn|[from] item: Leftovers
|-heal|p2a: Rotom-Wash|239\/303 brn|[from] item: Leftovers
|-damage|p1a: Mew|263\/403 brn|[from] brn
|-damage|p2a: Rotom-Wash|202\/303 brn|[from] brn
|turn|36
|
|move|p1a: Mew|Defog|p2a: Rotom-Wash
|-unboost|p2a: Rotom-Wash|evasion|1
|move|p2a: Rotom-Wash|Will-O-Wisp|p1a: Mew
|-fail|p1a: Mew|brn
|
|-heal|p1a: Mew|288\/403 brn|[from] item: Leftovers
|-heal|p2a: Rotom-Wash|220\/303 brn|[from] item: Leftovers
|-damage|p1a: Mew|238\/403 brn|[from] brn
|-damage|p2a: Rotom-Wash|183\/303 brn|[from] brn
|turn|37
|
|move|p1a: Mew|U-turn|p2a: Rotom-Wash
|-damage|p2a: Rotom-Wash|164\/303 brn
|
|switch|p1a: Talonflame|Talonflame, M|6\/297 tox
|move|p2a: Rotom-Wash|Hydro Pump|p1a: Talonflame
|-supereffective|p1a: Talonflame
|-damage|p1a: Talonflame|0 fnt
|faint|p1a: Talonflame
|
|-heal|p2a: Rotom-Wash|182\/303 brn|[from] item: Leftovers
|-damage|p2a: Rotom-Wash|145\/303 brn|[from] brn
|
|switch|p1a: Lopunny|Lopunny-Mega, M|271\/271
|turn|38
|
|switch|p2a: Cobalion|Cobalion|369\/369
|move|p1a: Lopunny|Fake Out|p2a: Cobalion
|-resisted|p2a: Cobalion
|-damage|p2a: Cobalion|338\/369
|
|-heal|p2a: Cobalion|361\/369|[from] item: Leftovers
|turn|39
|
|move|p1a: Lopunny|High Jump Kick|p2a: Cobalion
|-supereffective|p2a: Cobalion
|-damage|p2a: Cobalion|0 fnt
|faint|p2a: Cobalion
|
|
|switch|p2a: Rotom-Wash|Rotom-Wash|145\/303 brn
|turn|40
|c|âThisFireBurns|gg
|c|âBl153|yeah.... gg
|
|move|p1a: Lopunny|High Jump Kick|p2a: Rotom-Wash
|-damage|p2a: Rotom-Wash|0 fnt
|faint|p2a: Rotom-Wash
|
|win|ThisFireBurns
|raw|Ladder updating...
|raw|ThisFireBurns's rating: 1759 &rarr; <strong>1773<\/strong><br \/>(+14 for winning)
|raw|Bl153's rating: 1656 &rarr; <strong>1642<\/strong><br \/>(-14 for losing)
|leave|ThisFireBurns
|player|p1
|c|âBl153|your team is good but that Mew is...