|join|Gyrase
|join|ThisFireBurns
|player|p1|Gyrase|69
|player|p2|ThisFireBurns|170
|gametype|singles
|gen|6
|tier|OU (suspect test)
|rated
|clearpoke
|poke|p1|Landorus-Therian, M
|poke|p1|Charizard, F
|poke|p1|Latios, M
|poke|p1|Heatran, M
|poke|p1|Celebi
|poke|p1|Keldeo
|poke|p2|Latios, M
|poke|p2|Keldeo
|poke|p2|Terrakion
|poke|p2|Scizor, F
|poke|p2|Rotom-Wash
|poke|p2|Chansey, F
|rule|Swagger Clause: Swagger is banned
|rule|Baton Pass Clause: Limit one PokÃ©mon knowing Baton Pass
|rule|Sleep Clause Mod: Limit one foe put to sleep
|rule|Species Clause: Limit one of each PokÃ©mon
|rule|OHKO Clause: OHKO moves are banned
|rule|Moody Clause: Moody is banned
|rule|Evasion Moves Clause: Evasion moves are banned
|rule|Endless Battle Clause: Forcing endless battles is banned
|rule|HP Percentage Mod: HP is shown in percentages
|teampreview
|
|start
|switch|p1a: Keldeo|Keldeo|323\/323
|switch|p2a: Rotom-Wash|Rotom-Wash|304\/304
|turn|1
|
|move|p1a: Keldeo|Secret Sword|p2a: Rotom-Wash
|-damage|p2a: Rotom-Wash|201\/304
|move|p2a: Rotom-Wash|Volt Switch|p1a: Keldeo
|-supereffective|p1a: Keldeo
|-damage|p1a: Keldeo|143\/323
|
|switch|p2a: Latios|Latios, M|302\/302
|
|turn|2
|
|switch|p1a: Celebi|Celebi|403\/403
|switch|p2a: Keldeo|Keldeo|324\/324
|
|turn|3
|
|switch|p2a: Scizor|Scizor, F|302\/302
|move|p1a: Celebi|Stealth Rock|p2a: Scizor
|-sidestart|p2: ThisFireBurns|move: Stealth Rock
|
|turn|4
|
|switch|p1a: Charizard|Charizard, F|307\/307
|detailschange|p2a: Scizor|Scizor-Mega, F
|-mega|p2a: Scizor|Scizor|Scizorite
|move|p2a: Scizor|Knock Off|p1a: Charizard
|-damage|p1a: Charizard|210\/307
|
|turn|5
|
|switch|p2a: Chansey|Chansey, F|704\/704
|-damage|p2a: Chansey|616\/704|[from] Stealth Rock
|detailschange|p1a: Charizard|Charizard-Mega-X, F
|-mega|p1a: Charizard|Charizard|Charizardite X
|move|p1a: Charizard|Dragon Claw|p2a: Chansey
|-damage|p2a: Chansey|256\/704
|
|turn|6
|
|move|p1a: Charizard|Dragon Claw|p2a: Chansey
|-damage|p2a: Chansey|0 fnt
|faint|p2a: Chansey
|
|
|switch|p2a: Latios|Latios, M|302\/302
|-damage|p2a: Latios|265\/302|[from] Stealth Rock
|turn|7
|
|switch|p1a: Heatran|Heatran, M|323\/323
|move|p2a: Latios|Defog|p1a: Heatran
|-unboost|p1a: Heatran|evasion|1
|-sideend|p2: ThisFireBurns|Stealth Rock|[from] move: Defog|[of] p2a: Latios
|
|turn|8
|
|switch|p2a: Rotom-Wash|Rotom-Wash|201\/304
|move|p1a: Heatran|Magma Storm|p2a: Rotom-Wash
|-crit|p2a: Rotom-Wash
|-resisted|p2a: Rotom-Wash
|-damage|p2a: Rotom-Wash|64\/304
|-activate|p2a: Rotom-Wash|move: Magma Storm|[of] p1a: Heatran
|
|-heal|p2a: Rotom-Wash|83\/304|[from] item: Leftovers
|-damage|p2a: Rotom-Wash|45\/304|[from] move: Magma Storm|[partiallytrapped]
|turn|9
|
|move|p1a: Heatran|Ancient Power|p2a: Rotom-Wash
|-damage|p2a: Rotom-Wash|0 fnt
|faint|p2a: Rotom-Wash
|
|
|switch|p2a: Terrakion|Terrakion|324\/324
|turn|10
|
|switch|p1a: Latios|Latios, M|299\/299
|move|p2a: Terrakion|Stone Edge|p1a: Latios
|-damage|p1a: Latios|0 fnt
|faint|p1a: Latios
|
|
|switch|p1a: Keldeo|Keldeo|143\/323
|turn|11
|
|switch|p2a: Latios|Latios, M|265\/302
|move|p1a: Keldeo|Secret Sword|p2a: Latios
|-resisted|p2a: Latios
|-damage|p2a: Latios|177\/302
|
|turn|12
|
|switch|p1a: Celebi|Celebi|403\/403
|switch|p2a: Keldeo|Keldeo|324\/324
|
|turn|13
|
|switch|p2a: Latios|Latios, M|177\/302
|move|p1a: Celebi|Baton Pass|p1a: Celebi
|
|switch|p1a: Heatran|Heatran, M|323\/323
|
|turn|14
|
|move|p2a: Latios|Recover|p2a: Latios
|-heal|p2a: Latios|302\/302
|move|p1a: Heatran|Solar Beam|p2a: Latios|[still]
|-prepare|p1a: Heatran|Solar Beam|p2a: Latios
|-enditem|p1a: Heatran|Power Herb
|-anim|p1a: Heatran|Solar Beam|p2a: Latios
|-resisted|p2a: Latios
|-damage|p2a: Latios|236\/302
|
|turn|15
|c|âGyrase|ah i tried ;_;
|
|move|p2a: Latios|Recover|p2a: Latios
|-heal|p2a: Latios|302\/302
|move|p1a: Heatran|Magma Storm|p2a: Latios
|-resisted|p2a: Latios
|-damage|p2a: Latios|216\/302
|-activate|p2a: Latios|move: Magma Storm|[of] p1a: Heatran
|
|-damage|p2a: Latios|179\/302|[from] move: Magma Storm|[partiallytrapped]
|turn|16
|
|move|p2a: Latios|Recover|p2a: Latios
|-heal|p2a: Latios|302\/302
|move|p1a: Heatran|Taunt|p2a: Latios
|-start|p2a: Latios|move: Taunt
|
|-damage|p2a: Latios|265\/302|[from] move: Magma Storm|[partiallytrapped]
|turn|17
|
|move|p2a: Latios|Psychic|p1a: Heatran
|-resisted|p1a: Heatran
|-damage|p1a: Heatran|228\/323
|-damage|p2a: Latios|235\/302|[from] item: Life Orb
|move|p1a: Heatran|Ancient Power|p2a: Latios
|-damage|p2a: Latios|166\/302
|
|-damage|p2a: Latios|129\/302|[from] move: Magma Storm|[partiallytrapped]
|turn|18
|
|move|p2a: Latios|Psychic|p1a: Heatran
|-resisted|p1a: Heatran
|-damage|p1a: Heatran|129\/323
|-damage|p2a: Latios|99\/302|[from] item: Life Orb
|move|p1a: Heatran|Magma Storm|p2a: Latios
|-resisted|p2a: Latios
|-damage|p2a: Latios|23\/302
|
|-damage|p2a: Latios|0 fnt|[from] move: Magma Storm|[partiallytrapped]
|faint|p2a: Latios
|
|switch|p2a: Terrakion|Terrakion|324\/324
|turn|19
|
|switch|p2a: Keldeo|Keldeo|324\/324
|move|p1a: Heatran|Taunt|p2a: Keldeo
|-start|p2a: Keldeo|move: Taunt
|
|turn|20
|
|switch|p1a: Celebi|Celebi|403\/403
|move|p2a: Keldeo|Hidden Power|p1a: Celebi
|-supereffective|p1a: Celebi
|-damage|p1a: Celebi|233\/403
|
|-heal|p1a: Celebi|258\/403|[from] item: Leftovers
|turn|21
|
|switch|p2a: Scizor|Scizor-Mega, F|302\/302
|move|p1a: Celebi|Giga Drain|p2a: Scizor
|-resisted|p2a: Scizor
|-damage|p2a: Scizor|281\/302
|-heal|p1a: Celebi|269\/403|[from] drain|[of] p2a: Scizor
|
|-heal|p1a: Celebi|294\/403|[from] item: Leftovers
|turn|22
|
|switch|p2a: Terrakion|Terrakion|324\/324
|move|p1a: Celebi|Baton Pass|p1a: Celebi
|
|switch|p1a: Keldeo|Keldeo|143\/323
|
|turn|23
|
|move|p1a: Keldeo|Scald|p2a: Terrakion
|-supereffective|p2a: Terrakion
|-damage|p2a: Terrakion|18\/324
|-status|p2a: Terrakion|brn
|move|p2a: Terrakion|Close Combat|p1a: Keldeo
|-damage|p1a: Keldeo|0 fnt
|-unboost|p2a: Terrakion|def|1
|-unboost|p2a: Terrakion|spd|1
|faint|p1a: Keldeo
|
|-damage|p2a: Terrakion|0 fnt|[from] brn
|faint|p2a: Terrakion
|c|âGyrase|oh damn
|c|âGyrase|it lived
|
|switch|p2a: Keldeo|Keldeo|324\/324
|switch|p1a: Heatran|Heatran, M|129\/323
|turn|24
|
|move|p2a: Keldeo|Hydro Pump|p1a: Heatran|[miss]
|-miss|p2a: Keldeo|p1a: Heatran
|move|p1a: Heatran|Magma Storm|p2a: Keldeo|[miss]
|-miss|p1a: Heatran|p2a: Keldeo
|
|turn|25
|
|move|p2a: Keldeo|Hydro Pump|p1a: Heatran
|-supereffective|p1a: Heatran
|-damage|p1a: Heatran|0 fnt
|faint|p1a: Heatran
|
|
|switch|p1a: Celebi|Celebi|294\/403
|turn|26
|
|move|p2a: Keldeo|Hydro Pump|p1a: Celebi|[miss]
|-miss|p2a: Keldeo|p1a: Celebi
|move|p1a: Celebi|Giga Drain|p2a: Keldeo
|-supereffective|p2a: Keldeo
|-damage|p2a: Keldeo|136\/324
|-heal|p1a: Celebi|388\/403|[from] drain|[of] p2a: Keldeo
|
|-heal|p1a: Celebi|403\/403|[from] item: Leftovers
|turn|27
|
|switch|p2a: Scizor|Scizor-Mega, F|281\/302
|move|p1a: Celebi|Giga Drain|p2a: Scizor
|-resisted|p2a: Scizor
|-damage|p2a: Scizor|262\/302
|
|turn|28
|
|switch|p1a: Landorus-Therian|Landorus-Therian, M|333\/333
|-ability|p1a: Landorus-Therian|Intimidate|[of] p2a: Scizor
|-unboost|p2a: Scizor|atk|1
|switch|p2a: Keldeo|Keldeo|136\/324
|
|turn|29
|
|switch|p1a: Celebi|Celebi|403\/403
|move|p2a: Keldeo|Hydro Pump|p1a: Celebi|[miss]
|-miss|p2a: Keldeo|p1a: Celebi
|
|turn|30
|
|switch|p2a: Scizor|Scizor-Mega, F|262\/302
|move|p1a: Celebi|Giga Drain|p2a: Scizor
|-resisted|p2a: Scizor
|-damage|p2a: Scizor|244\/302
|
|turn|31
|
|switch|p1a: Landorus-Therian|Landorus-Therian, M|333\/333
|-ability|p1a: Landorus-Therian|Intimidate|[of] p2a: Scizor
|-unboost|p2a: Scizor|atk|1
|switch|p2a: Keldeo|Keldeo|136\/324
|
|turn|32
|
|switch|p1a: Celebi|Celebi|403\/403
|move|p2a: Keldeo|Hidden Power|p1a: Celebi
|-supereffective|p1a: Celebi
|-damage|p1a: Celebi|229\/403
|
|-heal|p1a: Celebi|254\/403|[from] item: Leftovers
|turn|33
|
|switch|p2a: Scizor|Scizor-Mega, F|244\/302
|move|p1a: Celebi|Baton Pass|p1a: Celebi
|
|switch|p1a: Charizard|Charizard-Mega-X, F|210\/307
|
|turn|34
|
|move|p1a: Charizard|Flare Blitz|p2a: Scizor
|-supereffective|p2a: Scizor
|-damage|p2a: Scizor|0 fnt
|-damage|p1a: Charizard|129\/307|[from] recoil|[of] p2a: Scizor
|faint|p2a: Scizor
|
|
|switch|p2a: Keldeo|Keldeo|136\/324
|turn|35
|
|switch|p1a: Landorus-Therian|Landorus-Therian, M|333\/333
|-ability|p1a: Landorus-Therian|Intimidate|[of] p2a: Keldeo
|-unboost|p2a: Keldeo|atk|1
|move|p2a: Keldeo|Hydro Pump|p1a: Landorus-Therian
|-supereffective|p1a: Landorus-Therian
|-damage|p1a: Landorus-Therian|0 fnt
|faint|p1a: Landorus-Therian
|
|c|âGyrase|gg
|
|switch|p1a: Celebi|Celebi|254\/403
|turn|36
|
|move|p2a: Keldeo|Hydro Pump|p1a: Celebi
|-resisted|p1a: Celebi
|-damage|p1a: Celebi|128\/403
|move|p1a: Celebi|Giga Drain|p2a: Keldeo
|-crit|p2a: Keldeo
|-supereffective|p2a: Keldeo
|-damage|p2a: Keldeo|0 fnt
|-heal|p1a: Celebi|196\/403|[from] drain|[of] p2a: Keldeo
|faint|p2a: Keldeo
|
|win|Gyrase
|raw|Ladder updating...
|raw|Gyrase's rating: 1442 &rarr; <strong>1457<\/strong><br \/>(+15 for winning)
|raw|ThisFireBurns's rating: 1356 &rarr; <strong>1341<\/strong><br \/>(-15 for losing)