|join|ThisFireBurns
|join|Mistakess
|player|p1|ThisFireBurns|1
|player|p2|Mistakess|2
|gametype|singles
|gen|6
|tier|OU (suspect test)
|rated
|clearpoke
|poke|p1|Talonflame, M
|poke|p1|Keldeo
|poke|p1|Scizor, F
|poke|p1|Latios, M
|poke|p1|Bisharp, F
|poke|p1|Heatran, M
|poke|p2|Charizard, M
|poke|p2|Infernape, M
|poke|p2|Dragonite, F
|poke|p2|Azumarill, F, shiny
|poke|p2|Scizor, M
|poke|p2|Bisharp, M
|rule|Swagger Clause: Swagger is banned
|rule|Baton Pass Clause: Limit one PokÃ©mon knowing Baton Pass
|rule|Sleep Clause Mod: Limit one foe put to sleep
|rule|Species Clause: Limit one of each PokÃ©mon
|rule|OHKO Clause: OHKO moves are banned
|rule|Moody Clause: Moody is banned
|rule|Evasion Moves Clause: Evasion moves are banned
|rule|Endless Battle Clause: Forcing endless battles is banned
|rule|HP Percentage Mod: HP is shown in percentages
|teampreview
|
|start
|switch|p1a: Talonflame|Talonflame, M|297\/297
|switch|p2a: Infernape|Infernape, M|293\/293
|turn|1
|
|move|p1a: Talonflame|U-turn|p2a: Infernape
|-resisted|p2a: Infernape
|-damage|p2a: Infernape|260\/293
|
|switch|p1a: Latios|Latios, M|301\/301
|move|p2a: Infernape|Stealth Rock|p1a: Latios
|-sidestart|p1: ThisFireBurns|move: Stealth Rock
|
|turn|2
|
|switch|p2a: Azumarill|Azumarill, F, shiny|404\/404
|move|p1a: Latios|Draco Meteor|p2a: Azumarill
|-immune|p2a: Azumarill|[msg]
|
|turn|3
|
|switch|p1a: Scizor|Scizor, F|344\/344
|-damage|p1a: Scizor|301\/344|[from] Stealth Rock
|move|p2a: Azumarill|Knock Off|p1a: Scizor
|-damage|p1a: Scizor|191\/344
|
|turn|4
|
|switch|p2a: Infernape|Infernape, M|260\/293
|detailschange|p1a: Scizor|Scizor-Mega, F
|-mega|p1a: Scizor|Scizor|Scizorite
|move|p1a: Scizor|Defog|p2a: Infernape
|-unboost|p2a: Infernape|evasion|1
|-sideend|p1: ThisFireBurns|Stealth Rock|[from] move: Defog|[of] p1a: Scizor
|
|turn|5
|
|switch|p1a: Latios|Latios, M|301\/301
|move|p2a: Infernape|Stealth Rock|p1a: Latios
|-sidestart|p1: ThisFireBurns|move: Stealth Rock
|
|turn|6
|
|switch|p2a: Bisharp|Bisharp, M|271\/271
|move|p1a: Latios|Draco Meteor|p2a: Bisharp
|-resisted|p2a: Bisharp
|-damage|p2a: Bisharp|57\/271
|-unboost|p1a: Latios|spa|2
|-damage|p1a: Latios|271\/301|[from] item: Life Orb
|
|turn|7
|
|move|p2a: Bisharp|Sucker Punch|p1a: Latios
|-supereffective|p1a: Latios
|-damage|p1a: Latios|0 fnt
|-damage|p2a: Bisharp|30\/271|[from] item: Life Orb
|faint|p1a: Latios
|
|
|switch|p1a: Scizor|Scizor-Mega, F|191\/344
|-damage|p1a: Scizor|148\/344|[from] Stealth Rock
|turn|8
|
|switch|p2a: Infernape|Infernape, M|260\/293
|move|p1a: Scizor|Roost|p1a: Scizor
|-heal|p1a: Scizor|320\/344
|
|turn|9
|
|switch|p1a: Keldeo|Keldeo|323\/323
|-damage|p1a: Keldeo|303\/323|[from] Stealth Rock
|move|p2a: Infernape|Fire Blast|p1a: Keldeo
|-resisted|p1a: Keldeo
|-damage|p1a: Keldeo|204\/323
|
|turn|10
|
|switch|p2a: Bisharp|Bisharp, M|30\/271
|move|p1a: Keldeo|Scald|p2a: Bisharp
|-damage|p2a: Bisharp|0 fnt
|faint|p2a: Bisharp
|
|
|switch|p2a: Dragonite|Dragonite, F|323\/323
|turn|11
|
|move|p1a: Keldeo|Scald|p2a: Dragonite
|-resisted|p2a: Dragonite
|-damage|p2a: Dragonite|262\/323
|move|p2a: Dragonite|Draco Meteor|p1a: Keldeo
|-damage|p1a: Keldeo|0 fnt
|-unboost|p2a: Dragonite|spa|2
|-damage|p2a: Dragonite|230\/323|[from] item: Life Orb
|faint|p1a: Keldeo
|
|
|switch|p1a: Scizor|Scizor-Mega, F|320\/344
|-damage|p1a: Scizor|277\/344|[from] Stealth Rock
|turn|12
|
|move|p2a: Dragonite|Fire Blast|p1a: Scizor|[miss]
|-miss|p2a: Dragonite|p1a: Scizor
|move|p1a: Scizor|Defog|p2a: Dragonite
|-unboost|p2a: Dragonite|evasion|1
|-sideend|p1: ThisFireBurns|Stealth Rock|[from] move: Defog|[of] p1a: Scizor
|
|turn|13
|
|switch|p1a: Talonflame|Talonflame, M|297\/297
|move|p2a: Dragonite|Superpower|p1a: Talonflame
|-resisted|p1a: Talonflame
|-damage|p1a: Talonflame|149\/297
|-unboost|p2a: Dragonite|atk|1
|-unboost|p2a: Dragonite|def|1
|-damage|p2a: Dragonite|198\/323|[from] item: Life Orb
|
|turn|14
|
|switch|p2a: Charizard|Charizard, M|325\/325
|move|p1a: Talonflame|Brave Bird|p2a: Charizard
|-damage|p2a: Charizard|0 fnt
|-damage|p1a: Talonflame|42\/297|[from] recoil|[of] p2a: Charizard
|faint|p2a: Charizard
|
|
|switch|p2a: Dragonite|Dragonite, F|198\/323
|turn|15
|
|switch|p1a: Scizor|Scizor-Mega, F|277\/344
|move|p2a: Dragonite|Extreme Speed|p1a: Scizor
|-resisted|p1a: Scizor
|-damage|p1a: Scizor|234\/344
|-damage|p2a: Dragonite|166\/323|[from] item: Life Orb
|
|turn|16
|
|switch|p2a: Infernape|Infernape, M|260\/293
|switch|p1a: Heatran|Heatran, M|386\/386
|
|turn|17
|
|move|p2a: Infernape|Stealth Rock|p1a: Heatran
|-sidestart|p1: ThisFireBurns|move: Stealth Rock
|move|p1a: Heatran|Stealth Rock|p2a: Infernape
|-sidestart|p2: Mistakess|move: Stealth Rock
|
|turn|18
|
|switch|p2a: Azumarill|Azumarill, F, shiny|404\/404
|-damage|p2a: Azumarill|354\/404|[from] Stealth Rock
|move|p1a: Heatran|Lava Plume|p2a: Azumarill
|-resisted|p2a: Azumarill
|-damage|p2a: Azumarill|288\/404
|
|turn|19
|
|move|p1a: Heatran|Protect|p1a: Heatran
|-singleturn|p1a: Heatran|Protect
|move|p2a: Azumarill|Aqua Jet|p1a: Heatran
|-activate|p1a: Heatran|Protect
|
|turn|20
|
|switch|p1a: Scizor|Scizor-Mega, F|234\/344
|-damage|p1a: Scizor|191\/344|[from] Stealth Rock
|switch|p2a: Infernape|Infernape, M|260\/293
|-damage|p2a: Infernape|224\/293|[from] Stealth Rock
|
|turn|21
|
|move|p2a: Infernape|Vacuum Wave|p1a: Scizor
|-damage|p1a: Scizor|125\/344
|move|p1a: Scizor|Roost|p1a: Scizor
|-heal|p1a: Scizor|297\/344
|
|turn|22
|
|move|p2a: Infernape|Vacuum Wave|p1a: Scizor
|-damage|p1a: Scizor|237\/344
|move|p1a: Scizor|U-turn|p2a: Infernape
|-resisted|p2a: Infernape
|-damage|p2a: Infernape|185\/293
|
|switch|p1a: Heatran|Heatran, M|386\/386
|-damage|p1a: Heatran|338\/386|[from] Stealth Rock
|
|-heal|p1a: Heatran|362\/386|[from] item: Leftovers
|turn|23
|
|switch|p2a: Azumarill|Azumarill, F, shiny|288\/404
|-damage|p2a: Azumarill|238\/404|[from] Stealth Rock
|move|p1a: Heatran|Toxic|p2a: Azumarill
|-status|p2a: Azumarill|tox
|
|-heal|p1a: Heatran|386\/386|[from] item: Leftovers
|-damage|p2a: Azumarill|213\/404 tox|[from] psn
|turn|24
|
|move|p1a: Heatran|Protect|p1a: Heatran
|-singleturn|p1a: Heatran|Protect
|move|p2a: Azumarill|Superpower|p1a: Heatran
|-activate|p1a: Heatran|Protect
|
|-damage|p2a: Azumarill|163\/404 tox|[from] psn
|turn|25
|
|switch|p1a: Scizor|Scizor-Mega, F|237\/344
|-damage|p1a: Scizor|194\/344|[from] Stealth Rock
|move|p2a: Azumarill|Superpower|p1a: Scizor
|-damage|p1a: Scizor|44\/344
|-unboost|p2a: Azumarill|atk|1
|-unboost|p2a: Azumarill|def|1
|
|-damage|p2a: Azumarill|88\/404 tox|[from] psn
|turn|26
|
|switch|p2a: Scizor|Scizor, M|344\/344
|-damage|p2a: Scizor|301\/344|[from] Stealth Rock
|move|p1a: Scizor|Roost|p1a: Scizor
|-heal|p1a: Scizor|216\/344
|
|-heal|p2a: Scizor|322\/344|[from] item: Leftovers
|turn|27
|
|move|p1a: Scizor|Defog|p2a: Scizor
|-unboost|p2a: Scizor|evasion|1
|-sideend|p2: Mistakess|Stealth Rock|[from] move: Defog|[of] p2a: Scizor
|-sideend|p1: ThisFireBurns|Stealth Rock|[from] move: Defog|[of] p1a: Scizor
|move|p2a: Scizor|Swords Dance|p2a: Scizor
|-boost|p2a: Scizor|atk|2
|
|-heal|p2a: Scizor|343\/344|[from] item: Leftovers
|turn|28
|
|move|p1a: Scizor|U-turn|p2a: Scizor
|-resisted|p2a: Scizor
|-damage|p2a: Scizor|288\/344
|
|switch|p1a: Bisharp|Bisharp, F|271\/271
|move|p2a: Scizor|Superpower|p1a: Bisharp
|-supereffective|p1a: Bisharp
|-damage|p1a: Bisharp|0 fnt
|-unboost|p2a: Scizor|atk|1
|-unboost|p2a: Scizor|def|1
|faint|p1a: Bisharp
|
|-heal|p2a: Scizor|309\/344|[from] item: Leftovers
|
|switch|p1a: Talonflame|Talonflame, M|42\/297
|turn|29
|
|move|p1a: Talonflame|Brave Bird|p2a: Scizor
|-damage|p2a: Scizor|0 fnt
|-damage|p1a: Talonflame|0 fnt|[from] recoil|[of] p2a: Scizor
|faint|p2a: Scizor
|faint|p1a: Talonflame
|
|
|switch|p2a: Dragonite|Dragonite, F|166\/323
|switch|p1a: Heatran|Heatran, M|386\/386
|turn|30
|
|move|p1a: Heatran|Protect|p1a: Heatran
|-singleturn|p1a: Heatran|Protect
|move|p2a: Dragonite|Superpower|p1a: Heatran
|-activate|p1a: Heatran|Protect
|
|turn|31
|
|move|p2a: Dragonite|Superpower|p1a: Heatran
|-supereffective|p1a: Heatran
|-damage|p1a: Heatran|38\/386
|-unboost|p2a: Dragonite|atk|1
|-unboost|p2a: Dragonite|def|1
|-damage|p2a: Dragonite|134\/323|[from] item: Life Orb
|move|p1a: Heatran|Toxic|p2a: Dragonite
|-status|p2a: Dragonite|tox
|
|-heal|p1a: Heatran|62\/386|[from] item: Leftovers
|-damage|p2a: Dragonite|114\/323 tox|[from] psn
|turn|32
|
|switch|p2a: Infernape|Infernape, M|185\/293
|move|p1a: Heatran|Protect|p1a: Heatran
|-fail|p1a: Heatran
|
|-heal|p1a: Heatran|86\/386|[from] item: Leftovers
|turn|33
|
|move|p1a: Heatran|Protect|p1a: Heatran
|-singleturn|p1a: Heatran|Protect
|move|p2a: Infernape|Vacuum Wave|p1a: Heatran
|-activate|p1a: Heatran|Protect
|
|-heal|p1a: Heatran|110\/386|[from] item: Leftovers
|turn|34
|
|switch|p1a: Scizor|Scizor-Mega, F|216\/344
|move|p2a: Infernape|Vacuum Wave|p1a: Scizor
|-damage|p1a: Scizor|153\/344
|
|turn|35
|
|move|p2a: Infernape|Fire Blast|p1a: Scizor
|-supereffective|p1a: Scizor
|-damage|p1a: Scizor|0 fnt
|faint|p1a: Scizor
|
|c|âThisFireBurns|wow
|c|âThisFireBurns|nice
|
|switch|p1a: Heatran|Heatran, M|110\/386
|turn|36
|
|move|p1a: Heatran|Protect|p1a: Heatran
|-singleturn|p1a: Heatran|Protect
|move|p2a: Infernape|Vacuum Wave|p1a: Heatran
|-activate|p1a: Heatran|Protect
|
|-heal|p1a: Heatran|134\/386|[from] item: Leftovers
|turn|37
|
|move|p1a: Heatran|Protect|p1a: Heatran
|-singleturn|p1a: Heatran|Protect
|move|p2a: Infernape|Vacuum Wave|p1a: Heatran
|-activate|p1a: Heatran|Protect
|
|-heal|p1a: Heatran|158\/386|[from] item: Leftovers
|turn|38
|
|move|p2a: Infernape|Vacuum Wave|p1a: Heatran
|-supereffective|p1a: Heatran
|-damage|p1a: Heatran|66\/386
|move|p1a: Heatran|Toxic|p2a: Infernape
|-status|p2a: Infernape|tox
|
|-heal|p1a: Heatran|90\/386|[from] item: Leftovers
|-damage|p2a: Infernape|167\/293 tox|[from] psn
|turn|39
|
|switch|p2a: Dragonite|Dragonite, F|114\/323 tox
|move|p1a: Heatran|Protect|p1a: Heatran
|-fail|p1a: Heatran
|
|-heal|p1a: Heatran|114\/386|[from] item: Leftovers
|-damage|p2a: Dragonite|94\/323 tox|[from] psn
|turn|40
|
|move|p1a: Heatran|Protect|p1a: Heatran
|-singleturn|p1a: Heatran|Protect
|move|p2a: Dragonite|Superpower|p1a: Heatran
|-activate|p1a: Heatran|Protect
|
|-heal|p1a: Heatran|138\/386|[from] item: Leftovers
|-damage|p2a: Dragonite|54\/323 tox|[from] psn
|turn|41
|
|move|p1a: Heatran|Protect|p1a: Heatran
|-fail|p1a: Heatran
|move|p2a: Dragonite|Superpower|p1a: Heatran
|-supereffective|p1a: Heatran
|-damage|p1a: Heatran|0 fnt
|-unboost|p2a: Dragonite|atk|1
|-unboost|p2a: Dragonite|def|1
|-damage|p2a: Dragonite|22\/323 tox|[from] item: Life Orb
|faint|p1a: Heatran
|
|win|Mistakess
|raw|Ladder updating...
|raw|ThisFireBurns's rating: 1470 &rarr; <strong>1449<\/strong><br \/>(-21 for losing)
|raw|Mistakess's rating: 1466 &rarr; <strong>1486<\/strong><br \/>(+20 for winning)
|leave|ThisFireBurns
|player|p1