|join|The lost
|join|ThisFireBurns
|player|p1|The lost|169
|player|p2|ThisFireBurns|266
|gametype|singles
|gen|6
|tier|OU
|clearpoke
|poke|p1|Venusaur, F
|poke|p1|Gliscor, M
|poke|p1|Blissey, F
|poke|p1|Seismitoad, M
|poke|p1|Mandibuzz, F
|poke|p1|Scizor, M
|poke|p2|Hippowdon, F
|poke|p2|Rotom-Wash
|poke|p2|Bisharp, M
|poke|p2|Aegislash, F
|poke|p2|Landorus, M
|poke|p2|Charizard, F
|rule|Sleep Clause Mod: Limit one foe put to sleep
|rule|Species Clause: Limit one of each Pokemon
|rule|OHKO Clause: OHKO moves are banned
|rule|Moody Clause: Moody is banned
|rule|Evasion Moves Clause: Evasion moves are banned
|rule|Endless Battle Clause: Forcing endless battles is banned.
|rule|HP Percentage Mod: HP is reported as percentages
|teampreview
|
|start
|switch|p1a: Gliscor|Gliscor, M|354\/354
|switch|p2a: Landorus|Landorus, M|320\/320
|turn|1
|
|move|p1a: Gliscor|Protect|p1a: Gliscor
|-singleturn|p1a: Gliscor|Protect
|move|p2a: Landorus|Hidden Power|p1a: Gliscor
|-activate|p1a: Gliscor|Protect
|
|-status|p1a: Gliscor|tox|[from] item: Toxic Orb
|turn|2
|
|switch|p1a: Blissey|Blissey, F|704\/704
|move|p2a: Landorus|Earth Power|p1a: Blissey
|-damage|p1a: Blissey|551\/704
|
|-heal|p1a: Blissey|595\/704|[from] item: Leftovers
|turn|3
|
|switch|p2a: Aegislash|Aegislash, F|324\/324
|move|p1a: Blissey|Flamethrower|p2a: Aegislash
|-supereffective|p2a: Aegislash
|-damage|p2a: Aegislash|246\/324
|-enditem|p2a: Aegislash|Weakness Policy
|-boost|p2a: Aegislash|atk|2|[from] item: Weakness Policy
|-boost|p2a: Aegislash|spa|2|[from] item: Weakness Policy
|
|-heal|p1a: Blissey|639\/704|[from] item: Leftovers
|turn|4
|
|switch|p1a: Mandibuzz|Mandibuzz, F|424\/424
|-formechange|p2a: Aegislash|Aegislash-Blade
|move|p2a: Aegislash|Sacred Sword|p1a: Mandibuzz
|-damage|p1a: Mandibuzz|249\/424
|
|-heal|p1a: Mandibuzz|275\/424|[from] item: Leftovers
|turn|5
|
|switch|p2a: Rotom-Wash|Rotom-Wash|299\/299
|move|p1a: Mandibuzz|Foul Play|p2a: Rotom-Wash
|-damage|p2a: Rotom-Wash|230\/299
|
|-heal|p1a: Mandibuzz|301\/424|[from] item: Leftovers
|turn|6
|
|switch|p1a: Seismitoad|Seismitoad, M|351\/351
|move|p2a: Rotom-Wash|Volt Switch|p1a: Seismitoad
|-immune|p1a: Seismitoad|[msg]
|
|turn|7
|
|move|p2a: Rotom-Wash|Will-O-Wisp|p1a: Seismitoad
|-status|p1a: Seismitoad|brn
|move|p1a: Seismitoad|Stealth Rock|p2a: Rotom-Wash
|-sidestart|p2: ThisFireBurns|move: Stealth Rock
|
|-damage|p1a: Seismitoad|308\/351 brn|[from] brn
|turn|8
|
|move|p2a: Rotom-Wash|Hydro Pump|p1a: Seismitoad
|-heal|p1a: Seismitoad|351\/351 brn|[from] ability: Water Absorb|[of] p2a: Rotom-Wash
|move|p1a: Seismitoad|Refresh|p1a: Seismitoad
|-curestatus|p1a: Seismitoad|brn
|
|turn|9
|
|move|p2a: Rotom-Wash|Will-O-Wisp|p1a: Seismitoad
|-status|p1a: Seismitoad|brn
|move|p1a: Seismitoad|Scald|p2a: Rotom-Wash
|-resisted|p2a: Rotom-Wash
|-damage|p2a: Rotom-Wash|191\/299
|
|-damage|p1a: Seismitoad|308\/351 brn|[from] brn
|turn|10
|
|switch|p2a: Charizard|Charizard, F|325\/325
|-damage|p2a: Charizard|163\/325|[from] Stealth Rock
|move|p1a: Seismitoad|Refresh|p1a: Seismitoad
|-curestatus|p1a: Seismitoad|brn
|
|-heal|p1a: Seismitoad|329\/351|[from] item: Leftovers
|turn|11
|
|switch|p1a: Blissey|Blissey, F|639\/704
|-formechange|p2a: Charizard|Charizard-Mega-X
|message|Charizard has Mega Evolved into Mega Charizard!
|move|p2a: Charizard|Dragon Dance|p2a: Charizard
|-boost|p2a: Charizard|atk|1
|-boost|p2a: Charizard|spe|1
|
|-heal|p1a: Blissey|683\/704|[from] item: Leftovers
|turn|12
|
|switch|p1a: Gliscor|Gliscor, M|354\/354 tox
|move|p2a: Charizard|Dragon Claw|p1a: Gliscor
|-damage|p1a: Gliscor|162\/354 tox
|
|-heal|p1a: Gliscor|206\/354 tox|[from] ability: Poison Heal
|turn|13
|
|move|p1a: Gliscor|Protect|p1a: Gliscor
|-singleturn|p1a: Gliscor|Protect
|move|p2a: Charizard|Roost|p2a: Charizard
|-heal|p2a: Charizard|325\/325
|
|-heal|p1a: Gliscor|250\/354 tox|[from] ability: Poison Heal
|turn|14
|
|move|p2a: Charizard|Dragon Dance|p2a: Charizard
|-boost|p2a: Charizard|atk|1
|-boost|p2a: Charizard|spe|1
|move|p1a: Gliscor|Toxic|p2a: Charizard
|-status|p2a: Charizard|tox
|
|-damage|p2a: Charizard|305\/325 tox|[from] psn
|-heal|p1a: Gliscor|294\/354 tox|[from] ability: Poison Heal
|turn|15
|
|move|p1a: Gliscor|Protect|p1a: Gliscor
|-singleturn|p1a: Gliscor|Protect
|move|p2a: Charizard|Dragon Dance|p2a: Charizard
|-boost|p2a: Charizard|atk|1
|-boost|p2a: Charizard|spe|1
|
|-damage|p2a: Charizard|265\/325 tox|[from] psn
|-heal|p1a: Gliscor|338\/354 tox|[from] ability: Poison Heal
|turn|16
|
|switch|p1a: Scizor|Scizor, M|344\/344
|move|p2a: Charizard|Dragon Claw|p1a: Scizor
|-resisted|p1a: Scizor
|-damage|p1a: Scizor|148\/344
|
|-heal|p1a: Scizor|169\/344|[from] item: Leftovers
|-damage|p2a: Charizard|205\/325 tox|[from] psn
|turn|17
|
|move|p1a: Scizor|Bullet Punch|p2a: Charizard
|-resisted|p2a: Charizard
|-damage|p2a: Charizard|166\/325 tox
|move|p2a: Charizard|Dragon Claw|p1a: Scizor
|-resisted|p1a: Scizor
|-damage|p1a: Scizor|0 fnt
|faint|p1a: Scizor
|
|-damage|p2a: Charizard|86\/325 tox|[from] psn
|
|switch|p1a: Gliscor|Gliscor, M|338\/354 tox
|turn|18
|
|move|p1a: Gliscor|Protect|p1a: Gliscor
|-singleturn|p1a: Gliscor|Protect
|move|p2a: Charizard|Roost|p2a: Charizard
|-heal|p2a: Charizard|249\/325 tox
|
|-damage|p2a: Charizard|149\/325 tox|[from] psn
|-heal|p1a: Gliscor|354\/354 tox|[from] ability: Poison Heal
|turn|19
|
|move|p2a: Charizard|Dragon Claw|p1a: Gliscor
|-damage|p1a: Gliscor|0 fnt
|faint|p1a: Gliscor
|
|-damage|p2a: Charizard|29\/325 tox|[from] psn
|
|switch|p1a: Blissey|Blissey, F|683\/704
|turn|20
|
|move|p1a: Blissey|Protect|p1a: Blissey
|-singleturn|p1a: Blissey|Protect
|move|p2a: Charizard|Dragon Claw|p1a: Blissey
|-activate|p1a: Blissey|Protect
|
|-heal|p1a: Blissey|704\/704|[from] item: Leftovers
|-damage|p2a: Charizard|0 fnt|[from] psn
|faint|p2a: Charizard
|
|switch|p2a: Bisharp|Bisharp, M|271\/271
|-damage|p2a: Bisharp|255\/271|[from] Stealth Rock
|turn|21
|
|move|p2a: Bisharp|Pursuit|p1a: Blissey|[from]Pursuit
|-damage|p1a: Blissey|279\/704
|-damage|p2a: Bisharp|228\/271|[from] item: Life Orb
|switch|p1a: Mandibuzz|Mandibuzz, F|301\/424
|
|-heal|p1a: Mandibuzz|327\/424|[from] item: Leftovers
|turn|22
|
|switch|p2a: Hippowdon|Hippowdon, F|420\/420
|-damage|p2a: Hippowdon|394\/420|[from] Stealth Rock
|-weather|Sandstorm
|move|p1a: Mandibuzz|Foul Play|p2a: Hippowdon
|-damage|p2a: Hippowdon|307\/420
|
|-weather|Sandstorm|[upkeep]
|-heal|p1a: Mandibuzz|353\/424|[from] item: Leftovers
|-heal|p2a: Hippowdon|333\/420|[from] item: Leftovers
|turn|23
|
|move|p1a: Mandibuzz|Taunt|p2a: Hippowdon
|-start|p2a: Hippowdon|move: Taunt
|cant|p2a: Hippowdon|move: Taunt|Stealth Rock
|
|-weather|Sandstorm|[upkeep]
|-heal|p1a: Mandibuzz|379\/424|[from] item: Leftovers
|-heal|p2a: Hippowdon|359\/420|[from] item: Leftovers
|turn|24
|
|switch|p2a: Landorus|Landorus, M|320\/320
|-damage|p2a: Landorus|280\/320|[from] Stealth Rock
|move|p1a: Mandibuzz|Toxic|p2a: Landorus
|-status|p2a: Landorus|tox
|
|-weather|Sandstorm|[upkeep]
|-heal|p1a: Mandibuzz|405\/424|[from] item: Leftovers
|-damage|p2a: Landorus|260\/320 tox|[from] psn
|turn|25
|
|move|p2a: Landorus|Sludge Wave|p1a: Mandibuzz
|-damage|p1a: Mandibuzz|223\/424
|move|p1a: Mandibuzz|Roost|p1a: Mandibuzz
|-heal|p1a: Mandibuzz|424\/424
|
|-weather|Sandstorm|[upkeep]
|-damage|p2a: Landorus|220\/320 tox|[from] psn
|turn|26
|
|move|p2a: Landorus|Sludge Wave|p1a: Mandibuzz
|-damage|p1a: Mandibuzz|250\/424
|move|p1a: Mandibuzz|Roost|p1a: Mandibuzz
|-heal|p1a: Mandibuzz|424\/424
|
|-weather|none
|-damage|p2a: Landorus|160\/320 tox|[from] psn
|turn|27
|
|switch|p2a: Rotom-Wash|Rotom-Wash|191\/299
|-damage|p2a: Rotom-Wash|154\/299|[from] Stealth Rock
|move|p1a: Mandibuzz|Foul Play|p2a: Rotom-Wash
|-damage|p2a: Rotom-Wash|88\/299
|
|turn|28
|
|switch|p2a: Bisharp|Bisharp, M|228\/271
|-damage|p2a: Bisharp|212\/271|[from] Stealth Rock
|switch|p1a: Seismitoad|Seismitoad, M|329\/351
|
|-heal|p1a: Seismitoad|350\/351|[from] item: Leftovers
|turn|29
|
|switch|p1a: Venusaur|Venusaur, F|356\/356
|move|p2a: Bisharp|Knock Off|p1a: Venusaur
|-damage|p1a: Venusaur|196\/356
|-damage|p2a: Bisharp|185\/271|[from] item: Life Orb
|
|turn|30
|
|-formechange|p1a: Venusaur|Venusaur-Mega
|message|Venusaur has Mega Evolved into Mega Venusaur!
|move|p2a: Bisharp|Iron Head|p1a: Venusaur
|-damage|p1a: Venusaur|36\/356
|-damage|p2a: Bisharp|158\/271|[from] item: Life Orb
|cant|p1a: Venusaur|flinch
|
|turn|31
|
|switch|p1a: Mandibuzz|Mandibuzz, F|424\/424
|move|p2a: Bisharp|Knock Off|p1a: Mandibuzz
|-crit|p1a: Mandibuzz
|-resisted|p1a: Mandibuzz
|-damage|p1a: Mandibuzz|297\/424
|-enditem|p1a: Mandibuzz|Leftovers|[from] move: Knock Off|[of] p2a: Bisharp
|-damage|p2a: Bisharp|131\/271|[from] item: Life Orb
|
|turn|32
|
|switch|p2a: Hippowdon|Hippowdon, F|359\/420
|-damage|p2a: Hippowdon|333\/420|[from] Stealth Rock
|-weather|Sandstorm
|move|p1a: Mandibuzz|Foul Play|p2a: Hippowdon
|-damage|p2a: Hippowdon|260\/420
|
|-weather|Sandstorm|[upkeep]
|-heal|p2a: Hippowdon|286\/420|[from] item: Leftovers
|turn|33
|
|switch|p2a: Rotom-Wash|Rotom-Wash|88\/299
|-damage|p2a: Rotom-Wash|51\/299|[from] Stealth Rock
|move|p1a: Mandibuzz|Taunt|p2a: Rotom-Wash
|-start|p2a: Rotom-Wash|move: Taunt
|
|-weather|Sandstorm|[upkeep]
|-damage|p2a: Rotom-Wash|33\/299|[from] sandstorm
|turn|34
|
|switch|p2a: Hippowdon|Hippowdon, F|286\/420
|-damage|p2a: Hippowdon|260\/420|[from] Stealth Rock
|switch|p1a: Seismitoad|Seismitoad, M|350\/351
|
|-weather|Sandstorm|[upkeep]
|-heal|p1a: Seismitoad|351\/351|[from] item: Leftovers
|-heal|p2a: Hippowdon|286\/420|[from] item: Leftovers
|turn|35
|
|switch|p1a: Venusaur|Venusaur, F|36\/356
|-formechange|p1a: Venusaur|Venusaur-Mega
|move|p2a: Hippowdon|Stealth Rock|p1a: Venusaur
|-sidestart|p1: The lost|move: Stealth Rock
|
|-weather|Sandstorm|[upkeep]
|-damage|p1a: Venusaur|14\/356|[from] sandstorm
|-heal|p2a: Hippowdon|312\/420|[from] item: Leftovers
|turn|36
|
|switch|p2a: Landorus|Landorus, M|160\/320 tox
|-damage|p2a: Landorus|120\/320 tox|[from] Stealth Rock
|move|p1a: Venusaur|Synthesis|p1a: Venusaur
|-heal|p1a: Venusaur|103\/356
|
|-weather|none
|-damage|p2a: Landorus|100\/320 tox|[from] psn
|turn|37
|
|move|p2a: Landorus|Sludge Wave|p1a: Venusaur
|-damage|p1a: Venusaur|0 fnt
|faint|p1a: Venusaur
|
|-damage|p2a: Landorus|60\/320 tox|[from] psn
|
|switch|p1a: Blissey|Blissey, F|279\/704
|-damage|p1a: Blissey|191\/704|[from] Stealth Rock
|turn|38
|
|switch|p2a: Bisharp|Bisharp, M|131\/271
|-damage|p2a: Bisharp|115\/271|[from] Stealth Rock
|move|p1a: Blissey|Protect|p1a: Blissey
|-fail|p1a: Blissey
|
|-heal|p1a: Blissey|235\/704|[from] item: Leftovers
|turn|39
|
|move|p1a: Blissey|Protect|p1a: Blissey
|-singleturn|p1a: Blissey|Protect
|move|p2a: Bisharp|Pursuit|p1a: Blissey
|-activate|p1a: Blissey|Protect
|
|-heal|p1a: Blissey|279\/704|[from] item: Leftovers
|turn|40
|
|move|p2a: Bisharp|Iron Head|p1a: Blissey
|-damage|p1a: Blissey|0 fnt
|-damage|p2a: Bisharp|88\/271|[from] item: Life Orb
|faint|p1a: Blissey
|
|
|switch|p1a: Mandibuzz|Mandibuzz, F|297\/424
|-damage|p1a: Mandibuzz|191\/424|[from] Stealth Rock
|turn|41
|
|move|p2a: Bisharp|Iron Head|p1a: Mandibuzz
|-damage|p1a: Mandibuzz|51\/424
|-damage|p2a: Bisharp|61\/271|[from] item: Life Orb
|move|p1a: Mandibuzz|Roost|p1a: Mandibuzz
|-heal|p1a: Mandibuzz|263\/424
|
|turn|42
|
|move|p2a: Bisharp|Iron Head|p1a: Mandibuzz
|-damage|p1a: Mandibuzz|119\/424
|-damage|p2a: Bisharp|34\/271|[from] item: Life Orb
|move|p1a: Mandibuzz|Roost|p1a: Mandibuzz
|-heal|p1a: Mandibuzz|331\/424
|
|turn|43
|
|move|p2a: Bisharp|Iron Head|p1a: Mandibuzz
|-damage|p1a: Mandibuzz|182\/424
|-damage|p2a: Bisharp|7\/271|[from] item: Life Orb
|move|p1a: Mandibuzz|Roost|p1a: Mandibuzz
|-heal|p1a: Mandibuzz|394\/424
|
|turn|44
|
|move|p2a: Bisharp|Iron Head|p1a: Mandibuzz
|-damage|p1a: Mandibuzz|254\/424
|-damage|p2a: Bisharp|0 fnt|[from] item: Life Orb
|faint|p2a: Bisharp
|cant|p1a: Mandibuzz|flinch
|
|
|switch|p2a: Landorus|Landorus, M|60\/320 tox
|-damage|p2a: Landorus|20\/320 tox|[from] Stealth Rock
|turn|45
|
|move|p2a: Landorus|Sludge Wave|p1a: Mandibuzz
|-damage|p1a: Mandibuzz|69\/424
|move|p1a: Mandibuzz|Roost|p1a: Mandibuzz
|-heal|p1a: Mandibuzz|281\/424
|
|-damage|p2a: Landorus|0 fnt|[from] psn
|faint|p2a: Landorus
|
|switch|p2a: Hippowdon|Hippowdon, F|312\/420
|-damage|p2a: Hippowdon|286\/420|[from] Stealth Rock
|-weather|Sandstorm
|turn|46
|
|move|p1a: Mandibuzz|Taunt|p2a: Hippowdon
|-start|p2a: Hippowdon|move: Taunt
|cant|p2a: Hippowdon|move: Taunt|Roar
|
|-weather|Sandstorm|[upkeep]
|-heal|p2a: Hippowdon|312\/420|[from] item: Leftovers
|turn|47
|
|move|p1a: Mandibuzz|Foul Play|p2a: Hippowdon
|-damage|p2a: Hippowdon|236\/420
|move|p2a: Hippowdon|Earthquake|p1a: Mandibuzz
|-immune|p1a: Mandibuzz|[msg]
|
|-weather|Sandstorm|[upkeep]
|-heal|p2a: Hippowdon|262\/420|[from] item: Leftovers
|turn|48
|
|move|p1a: Mandibuzz|Toxic|p2a: Hippowdon
|-status|p2a: Hippowdon|tox
|move|p2a: Hippowdon|Earthquake|p1a: Mandibuzz
|-immune|p1a: Mandibuzz|[msg]
|
|-weather|Sandstorm|[upkeep]
|-heal|p2a: Hippowdon|288\/420 tox|[from] item: Leftovers
|-damage|p2a: Hippowdon|262\/420 tox|[from] psn
|-end|p2a: Hippowdon|move: Taunt
|turn|49
|
|switch|p2a: Aegislash|Aegislash, F|246\/324
|-damage|p2a: Aegislash|226\/324|[from] Stealth Rock
|move|p1a: Mandibuzz|Taunt|p2a: Aegislash
|-start|p2a: Aegislash|move: Taunt
|
|-weather|Sandstorm|[upkeep]
|turn|50
|
|move|p1a: Mandibuzz|Foul Play|p2a: Aegislash
|-supereffective|p2a: Aegislash
|-damage|p2a: Aegislash|82\/324
|-formechange|p2a: Aegislash|Aegislash-Blade
|move|p2a: Aegislash|Sacred Sword|p1a: Mandibuzz
|-damage|p1a: Mandibuzz|187\/424
|
|-weather|none
|turn|51
|
|move|p1a: Mandibuzz|Foul Play|p2a: Aegislash
|-supereffective|p2a: Aegislash
|-damage|p2a: Aegislash|0 fnt
|faint|p2a: Aegislash
|
|
|switch|p2a: Rotom-Wash|Rotom-Wash|33\/299
|-damage|p2a: Rotom-Wash|0 fnt|[from] Stealth Rock
|faint|p2a: Rotom-Wash
|
|switch|p2a: Hippowdon|Hippowdon, F|262\/420 tox
|-damage|p2a: Hippowdon|236\/420 tox|[from] Stealth Rock
|-weather|Sandstorm
|turn|52
|
|move|p1a: Mandibuzz|Taunt|p2a: Hippowdon
|-start|p2a: Hippowdon|move: Taunt
|move|p2a: Hippowdon|Earthquake|p1a: Mandibuzz
|-immune|p1a: Mandibuzz|[msg]
|
|-weather|Sandstorm|[upkeep]
|-heal|p2a: Hippowdon|262\/420 tox|[from] item: Leftovers
|-damage|p2a: Hippowdon|236\/420 tox|[from] psn
|turn|53
|
|move|p1a: Mandibuzz|Foul Play|p2a: Hippowdon
|-damage|p2a: Hippowdon|157\/420 tox
|move|p2a: Hippowdon|Earthquake|p1a: Mandibuzz
|-immune|p1a: Mandibuzz|[msg]
|
|-weather|Sandstorm|[upkeep]
|-heal|p2a: Hippowdon|183\/420 tox|[from] item: Leftovers
|-damage|p2a: Hippowdon|131\/420 tox|[from] psn
|turn|54
|
|move|p1a: Mandibuzz|Foul Play|p2a: Hippowdon
|-damage|p2a: Hippowdon|58\/420 tox
|move|p2a: Hippowdon|Earthquake|p1a: Mandibuzz
|-immune|p1a: Mandibuzz|[msg]
|
|-weather|Sandstorm|[upkeep]
|-heal|p2a: Hippowdon|84\/420 tox|[from] item: Leftovers
|-damage|p2a: Hippowdon|6\/420 tox|[from] psn
|-end|p2a: Hippowdon|move: Taunt
|turn|55
|
|move|p1a: Mandibuzz|Foul Play|p2a: Hippowdon
|-damage|p2a: Hippowdon|0 fnt
|faint|p2a: Hippowdon
|
|win|The lost
|chat|ThisFireBurns|gg
|chat|The lost|gg
|chat|ThisFireBurns|Ãµ\/
|leave|ThisFireBurns
|player|p2