|join|Fideles
|join|ThisFireBurns
|player|p1|Fideles|137
|player|p2|ThisFireBurns|265
|gametype|singles
|gen|6
|tier|OU
|clearpoke
|poke|p1|Rotom-Wash
|poke|p1|Chansey, F
|poke|p1|Tyranitar, M, shiny
|poke|p1|Excadrill, F
|poke|p1|Gliscor, F
|poke|p1|Gyarados, F, shiny
|poke|p2|Venusaur, F
|poke|p2|Tyranitar, M
|poke|p2|Latias, F
|poke|p2|Keldeo
|poke|p2|Landorus-Therian, M
|poke|p2|Heatran, F
|rule|Sleep Clause Mod: Limit one foe put to sleep
|rule|Species Clause: Limit one of each Pokemon
|rule|OHKO Clause: OHKO moves are banned
|rule|Moody Clause: Moody is banned
|rule|Evasion Moves Clause: Evasion moves are banned
|rule|Endless Battle Clause: Forcing endless battles is banned.
|rule|HP Percentage Mod: HP is reported as percentages
|teampreview
|
|start
|switch|p1a: Rotom-Wash|Rotom-Wash|241\/241
|switch|p2a: LuzTomaAguaEmPÃ³|Venusaur, F|364\/364
|turn|1
|
|-formechange|p2a: LuzTomaAguaEmPÃ³|Venusaur-Mega
|message|Venusaur has Mega Evolved into Mega Venusaur!
|move|p1a: Rotom-Wash|Volt Switch|p2a: LuzTomaAguaEmPÃ³
|-resisted|p2a: LuzTomaAguaEmPÃ³
|-damage|p2a: LuzTomaAguaEmPÃ³|323\/364
|
|switch|p1a: Chansey|Chansey, F|704\/704
|move|p2a: LuzTomaAguaEmPÃ³|Giga Drain|p1a: Chansey
|-damage|p1a: Chansey|649\/704
|-heal|p2a: LuzTomaAguaEmPÃ³|351\/364|[from] drain|[of] p1a: Chansey
|
|turn|2
|
|move|p2a: LuzTomaAguaEmPÃ³|Sleep Powder|p1a: Chansey
|-status|p1a: Chansey|slp
|cant|p1a: Chansey|slp
|
|turn|3
|
|switch|p2a: .Gama|Keldeo|323\/323
|switch|p1a: Gliscor|Gliscor, F|354\/354
|
|-status|p1a: Gliscor|tox|[from] item: Toxic Orb
|turn|4
|
|switch|p1a: Gyarados|Gyarados, F, shiny|331\/331
|-ability|p1a: Gyarados|Intimidate|[of] p2a: .Gama
|-unboost|p2a: .Gama|atk|1
|move|p2a: .Gama|Scald|p1a: Gyarados
|-resisted|p1a: Gyarados
|-damage|p1a: Gyarados|228\/331
|
|turn|5
|
|move|p2a: .Gama|Scald|p1a: Gyarados
|-resisted|p1a: Gyarados
|-damage|p1a: Gyarados|123\/331
|move|p1a: Gyarados|Dragon Dance|p1a: Gyarados
|-boost|p1a: Gyarados|atk|1
|-boost|p1a: Gyarados|spe|1
|
|turn|6
|
|switch|p2a: LuzTomaAguaEmPÃ³|Venusaur, F|351\/364
|-formechange|p2a: LuzTomaAguaEmPÃ³|Venusaur-Mega
|move|p1a: Gyarados|Earthquake|p2a: LuzTomaAguaEmPÃ³
|-damage|p2a: LuzTomaAguaEmPÃ³|232\/364
|
|turn|7
|
|-formechange|p1a: Gyarados|Gyarados-Mega
|message|Gyarados has Mega Evolved into Mega Gyarados!
|-ability|p1a: Gyarados|Mold Breaker
|move|p1a: Gyarados|Ice Fang|p2a: LuzTomaAguaEmPÃ³
|-supereffective|p2a: LuzTomaAguaEmPÃ³
|-damage|p2a: LuzTomaAguaEmPÃ³|52\/364
|move|p2a: LuzTomaAguaEmPÃ³|Synthesis|p2a: LuzTomaAguaEmPÃ³
|-heal|p2a: LuzTomaAguaEmPÃ³|234\/364
|
|turn|8
|
|move|p1a: Gyarados|Ice Fang|p2a: LuzTomaAguaEmPÃ³
|-supereffective|p2a: LuzTomaAguaEmPÃ³
|-damage|p2a: LuzTomaAguaEmPÃ³|42\/364
|move|p2a: LuzTomaAguaEmPÃ³|Giga Drain|p1a: Gyarados
|-supereffective|p1a: Gyarados
|-damage|p1a: Gyarados|0 fnt
|-heal|p2a: LuzTomaAguaEmPÃ³|104\/364|[from] drain|[of] p1a: Gyarados
|faint|p1a: Gyarados
|
|
|switch|p1a: Excadrill|Excadrill, F|361\/361
|turn|9
|
|switch|p2a: DaniGonnaHate|Landorus-Therian, M|319\/319
|-ability|p2a: DaniGonnaHate|Intimidate|[of] p1a: Excadrill
|-unboost|p1a: Excadrill|atk|1
|move|p1a: Excadrill|Iron Head|p2a: DaniGonnaHate
|-damage|p2a: DaniGonnaHate|150\/319
|
|turn|10
|
|switch|p1a: Tyranitar|Tyranitar, M, shiny|404\/404
|-weather|Sandstorm
|move|p2a: DaniGonnaHate|U-turn|p1a: Tyranitar
|-supereffective|p1a: Tyranitar
|-damage|p1a: Tyranitar|224\/404
|
|switch|p2a: .Gama|Keldeo|323\/323
|
|-weather|Sandstorm|[upkeep]
|-damage|p2a: .Gama|303\/323|[from] sandstorm
|turn|11
|
|switch|p1a: Chansey|Chansey, F|649\/704
|move|p2a: .Gama|Secret Sword|p1a: Chansey
|-supereffective|p1a: Chansey
|-damage|p1a: Chansey|0 fnt
|faint|p1a: Chansey
|
|-weather|Sandstorm|[upkeep]
|-damage|p2a: .Gama|283\/323|[from] sandstorm
|
|switch|p1a: Rotom-Wash|Rotom-Wash|241\/241
|turn|12
|
|switch|p2a: DaniGonnaHate|Landorus-Therian, M|150\/319
|-ability|p2a: DaniGonnaHate|Intimidate|[of] p1a: Rotom-Wash
|-unboost|p1a: Rotom-Wash|atk|1
|move|p1a: Rotom-Wash|Hydro Pump|p2a: DaniGonnaHate
|-supereffective|p2a: DaniGonnaHate
|-damage|p2a: DaniGonnaHate|0 fnt
|faint|p2a: DaniGonnaHate
|
|-weather|Sandstorm|[upkeep]
|-damage|p1a: Rotom-Wash|226\/241|[from] sandstorm
|
|switch|p2a: LuzTomaAguaEmPÃ³|Venusaur, F|104\/364
|-formechange|p2a: LuzTomaAguaEmPÃ³|Venusaur-Mega
|turn|13
|
|move|p1a: Rotom-Wash|Hydro Pump|p2a: LuzTomaAguaEmPÃ³|[miss]
|-miss|p1a: Rotom-Wash|p2a: LuzTomaAguaEmPÃ³
|move|p2a: LuzTomaAguaEmPÃ³|Giga Drain|p1a: Rotom-Wash
|-supereffective|p1a: Rotom-Wash
|-damage|p1a: Rotom-Wash|16\/241
|-heal|p2a: LuzTomaAguaEmPÃ³|209\/364|[from] drain|[of] p1a: Rotom-Wash
|
|-weather|Sandstorm|[upkeep]
|-damage|p1a: Rotom-Wash|1\/241|[from] sandstorm
|-damage|p2a: LuzTomaAguaEmPÃ³|187\/364|[from] sandstorm
|turn|14
|
|move|p1a: Rotom-Wash|Hydro Pump|p2a: LuzTomaAguaEmPÃ³
|-resisted|p2a: LuzTomaAguaEmPÃ³
|-damage|p2a: LuzTomaAguaEmPÃ³|121\/364
|move|p2a: LuzTomaAguaEmPÃ³|Synthesis|p2a: LuzTomaAguaEmPÃ³
|-heal|p2a: LuzTomaAguaEmPÃ³|212\/364
|
|-weather|Sandstorm|[upkeep]
|-damage|p1a: Rotom-Wash|0 fnt|[from] sandstorm
|-damage|p2a: LuzTomaAguaEmPÃ³|190\/364|[from] sandstorm
|faint|p1a: Rotom-Wash
|
|switch|p1a: Excadrill|Excadrill, F|361\/361
|turn|15
|
|switch|p2a: Leozin|Heatran, F|386\/386
|move|p1a: Excadrill|Earthquake|p2a: Leozin
|-supereffective|p2a: Leozin
|-damage|p2a: Leozin|0 fnt
|faint|p2a: Leozin
|
|-weather|Sandstorm|[upkeep]
|
|switch|p2a: Ste <3|Latias, F|350\/350
|turn|16
|
|switch|p1a: Gliscor|Gliscor, F|354\/354 tox
|switch|p2a: .Gama|Keldeo|283\/323
|
|-weather|Sandstorm|[upkeep]
|-damage|p2a: .Gama|263\/323|[from] sandstorm
|turn|17
|
|move|p2a: .Gama|Scald|p1a: Gliscor
|-crit|p1a: Gliscor
|-supereffective|p1a: Gliscor
|-damage|p1a: Gliscor|0 fnt
|faint|p1a: Gliscor
|
|-weather|none
|
|switch|p1a: Excadrill|Excadrill, F|361\/361
|turn|18
|
|move|p2a: .Gama|Scald|p1a: Excadrill
|-supereffective|p1a: Excadrill
|-damage|p1a: Excadrill|0 fnt
|faint|p1a: Excadrill
|
|
|switch|p1a: Tyranitar|Tyranitar, M, shiny|224\/404
|-weather|Sandstorm
|turn|19
|
|move|p2a: .Gama|Scald|p1a: Tyranitar
|-crit|p1a: Tyranitar
|-supereffective|p1a: Tyranitar
|-damage|p1a: Tyranitar|0 fnt
|faint|p1a: Tyranitar
|
|win|ThisFireBurns
|chat|ThisFireBurns|gg bro