|join|JTewi
|join|MwM Deadpool
|player|p1|JTewi|101
|player|p2|MwM Deadpool|209
|gametype|singles
|gen|6
|tier|OU
|rated
|clearpoke
|poke|p1|Tyranitar, F
|poke|p1|Clefable, M
|poke|p1|Heatran, M
|poke|p1|Latias, F
|poke|p1|Politoed, F
|poke|p1|Chesnaught, M
|poke|p2|Tornadus-Therian, M
|poke|p2|Heatran, F
|poke|p2|Azumarill, M
|poke|p2|Latios, M
|poke|p2|Bisharp, F
|poke|p2|Pinsir, M
|rule|Swagger Clause: Swagger is banned
|rule|Baton Pass Clause: Limit one PokÃ©mon knowing Baton Pass
|rule|Sleep Clause Mod: Limit one foe put to sleep
|rule|Species Clause: Limit one of each PokÃ©mon
|rule|OHKO Clause: OHKO moves are banned
|rule|Moody Clause: Moody is banned
|rule|Evasion Moves Clause: Evasion moves are banned
|rule|Endless Battle Clause: Forcing endless battles is banned
|rule|HP Percentage Mod: HP is shown in percentages
|teampreview
|
|start
|switch|p1a: Heatran|Heatran, M|386\/386
|switch|p2a: Tornadus-Therian|Tornadus-Therian, M|299\/299
|turn|1
|
|move|p1a: Heatran|Protect|p1a: Heatran
|-singleturn|p1a: Heatran|Protect
|move|p2a: Tornadus-Therian|U-turn|p1a: Heatran
|-activate|p1a: Heatran|Protect
|
|turn|2
|
|move|p2a: Tornadus-Therian|Superpower|p1a: Heatran
|-supereffective|p1a: Heatran
|-damage|p1a: Heatran|227\/386
|-unboost|p2a: Tornadus-Therian|atk|1
|-unboost|p2a: Tornadus-Therian|def|1
|-damage|p2a: Tornadus-Therian|270\/299|[from] item: Life Orb
|move|p1a: Heatran|Stealth Rock|p2a: Tornadus-Therian
|-sidestart|p2: MwM Deadpool|move: Stealth Rock
|
|-heal|p1a: Heatran|251\/386|[from] item: Leftovers
|turn|3
|
|switch|p2a: Azumarill|Azumarill, M|403\/403
|-damage|p2a: Azumarill|353\/403|[from] Stealth Rock
|move|p1a: Heatran|Roar|p2a: Azumarill
|drag|p2a: Latios|Latios, M|301\/301
|-damage|p2a: Latios|264\/301|[from] Stealth Rock
|
|-heal|p1a: Heatran|275\/386|[from] item: Leftovers
|turn|4
|
|move|p1a: Heatran|Protect|p1a: Heatran
|-singleturn|p1a: Heatran|Protect
|move|p2a: Latios|Defog|p1a: Heatran
|-activate|p1a: Heatran|Protect
|
|-heal|p1a: Heatran|299\/386|[from] item: Leftovers
|turn|5
|
|switch|p2a: Azumarill|Azumarill, M|353\/403
|-damage|p2a: Azumarill|303\/403|[from] Stealth Rock
|switch|p1a: Clefable|Clefable, M|394\/394
|
|turn|6
|
|move|p1a: Clefable|Soft-Boiled|p1a: Clefable
|-fail|p1a: Clefable
|move|p2a: Azumarill|Waterfall|p1a: Clefable
|-damage|p1a: Clefable|160\/394
|
|-heal|p1a: Clefable|184\/394|[from] item: Leftovers
|turn|7
|
|switch|p2a: Tornadus-Therian|Tornadus-Therian, M|299\/299
|-damage|p2a: Tornadus-Therian|225\/299|[from] Stealth Rock
|move|p1a: Clefable|Soft-Boiled|p1a: Clefable
|-heal|p1a: Clefable|381\/394
|
|-heal|p1a: Clefable|394\/394|[from] item: Leftovers
|turn|8
|
|move|p2a: Tornadus-Therian|Hurricane|p1a: Clefable|[miss]
|-miss|p2a: Tornadus-Therian|p1a: Clefable
|move|p1a: Clefable|Thunder Wave|p2a: Tornadus-Therian
|-status|p2a: Tornadus-Therian|par
|
|turn|9
|
|move|p1a: Clefable|Moonblast|p2a: Tornadus-Therian
|-damage|p2a: Tornadus-Therian|116\/299 par
|move|p2a: Tornadus-Therian|U-turn|p1a: Clefable
|-crit|p1a: Clefable
|-resisted|p1a: Clefable
|-damage|p1a: Clefable|343\/394
|-damage|p2a: Tornadus-Therian|87\/299 par|[from] item: Life Orb
|
|switch|p2a: Bisharp|Bisharp, F|333\/333
|-damage|p2a: Bisharp|313\/333|[from] Stealth Rock
|
|-heal|p1a: Clefable|367\/394|[from] item: Leftovers
|turn|10
|
|switch|p1a: Chesnaught|Chesnaught, M|379\/379
|move|p2a: Bisharp|Knock Off|p1a: Chesnaught
|-resisted|p1a: Chesnaught
|-damage|p1a: Chesnaught|320\/379
|-enditem|p1a: Chesnaught|Leftovers|[from] move: Knock Off|[of] p2a: Bisharp
|
|turn|11
|
|switch|p2a: Latios|Latios, M|264\/301
|-damage|p2a: Latios|227\/301|[from] Stealth Rock
|move|p1a: Chesnaught|Substitute|p1a: Chesnaught
|-start|p1a: Chesnaught|Substitute
|-damage|p1a: Chesnaught|226\/379
|
|turn|12
|
|move|p2a: Latios|Psyshock|p1a: Chesnaught
|-supereffective|p1a: Chesnaught
|-end|p1a: Chesnaught|Substitute
|-damage|p2a: Latios|197\/301|[from] item: Life Orb
|move|p1a: Chesnaught|Leech Seed|p2a: Latios
|-start|p2a: Latios|move: Leech Seed
|
|-damage|p2a: Latios|160\/301|[from] Leech Seed|[of] p1a: Chesnaught
|-heal|p1a: Chesnaught|263\/379|[silent]
|turn|13
|
|switch|p2a: Bisharp|Bisharp, F|313\/333
|-damage|p2a: Bisharp|293\/333|[from] Stealth Rock
|move|p1a: Chesnaught|Spiky Shield|p1a: Chesnaught
|-fail|p1a: Chesnaught
|
|turn|14
|-message|MwM Deadpool forfeited.
|
|win|JTewi
|raw|Ladder updating...
|leave|MwM Deadpool
|player|p2
|raw|JTewi's rating: 1285 &rarr; <strong>1314<\/strong><br \/>(+29 for winning)
|raw|MwM Deadpool's rating: 1342 &rarr; <strong>1319<\/strong><br \/>(-23 for losing)