|join|JTewi
|join|Dr. Marti
|player|p1|JTewi|265
|player|p2|Dr. Marti|210
|gametype|singles
|gen|6
|tier|OU
|rated
|clearpoke
|poke|p1|Tyranitar, M
|poke|p1|Clefable, M
|poke|p1|Heatran, F
|poke|p1|Latias, F
|poke|p1|Politoed, F
|poke|p1|Chesnaught, F
|poke|p2|Dragonite, M
|poke|p2|Gliscor, M
|poke|p2|Sableye, F
|poke|p2|Breloom, F
|poke|p2|Jirachi
|poke|p2|Blissey, F
|rule|Swagger Clause: Swagger is banned
|rule|Baton Pass Clause: Limit one PokÃ©mon knowing Baton Pass
|rule|Sleep Clause Mod: Limit one foe put to sleep
|rule|Species Clause: Limit one of each PokÃ©mon
|rule|OHKO Clause: OHKO moves are banned
|rule|Moody Clause: Moody is banned
|rule|Evasion Moves Clause: Evasion moves are banned
|rule|Endless Battle Clause: Forcing endless battles is banned
|rule|HP Percentage Mod: HP is shown in percentages
|teampreview
|
|start
|switch|p1a: Heatran|Heatran, F|386\/386
|switch|p2a: Sableye|Sableye, F|303\/303
|turn|1
|
|detailschange|p2a: Sableye|Sableye-Mega, F
|-mega|p2a: Sableye|Sableye|Sablenite
|move|p2a: Sableye|Calm Mind|p2a: Sableye
|-boost|p2a: Sableye|spa|1
|-boost|p2a: Sableye|spd|1
|move|p1a: Heatran|Lava Plume|p2a: Sableye
|-damage|p2a: Sableye|239\/303
|
|turn|2
|
|switch|p1a: Politoed|Politoed, F|372\/372
|move|p2a: Sableye|Calm Mind|p2a: Sableye
|-boost|p2a: Sableye|spa|1
|-boost|p2a: Sableye|spd|1
|
|turn|3
|
|move|p1a: Politoed|Perish Song|p1a: Politoed
|-fieldactivate|move: Perish Song
|move|p2a: Sableye|Shadow Ball|p1a: Politoed
|-damage|p1a: Politoed|257\/372
|-unboost|p1a: Politoed|spd|1
|
|-start|p1a: Politoed|perish3
|-start|p2a: Sableye|perish3
|-heal|p1a: Politoed|280\/372|[from] item: Leftovers
|turn|4
|
|switch|p1a: Chesnaught|Chesnaught, F|379\/379
|switch|p2a: Breloom|Breloom, F|264\/264
|
|-status|p2a: Breloom|tox|[from] item: Toxic Orb
|turn|5
|
|switch|p2a: Sableye|Sableye-Mega, F|239\/303
|move|p1a: Chesnaught|Drain Punch|p2a: Sableye
|-immune|p2a: Sableye|[msg]
|
|turn|6
|
|switch|p1a: Politoed|Politoed, F|280\/372
|move|p2a: Sableye|Will-O-Wisp|p1a: Politoed
|-status|p1a: Politoed|brn
|
|-heal|p1a: Politoed|303\/372 brn|[from] item: Leftovers
|-damage|p1a: Politoed|257\/372 brn|[from] brn
|turn|7
|
|move|p1a: Politoed|Scald|p2a: Sableye
|-damage|p2a: Sableye|161\/303
|-status|p2a: Sableye|brn
|move|p2a: Sableye|Shadow Ball|p1a: Politoed
|-damage|p1a: Politoed|193\/372 brn
|
|-heal|p1a: Politoed|216\/372 brn|[from] item: Leftovers
|-damage|p1a: Politoed|170\/372 brn|[from] brn
|-damage|p2a: Sableye|124\/303 brn|[from] brn
|turn|8
|
|switch|p2a: Breloom|Breloom, F|264\/264 tox
|move|p1a: Politoed|Rest|p1a: Politoed
|-status|p1a: Politoed|slp
|-heal|p1a: Politoed|372\/372 slp|[silent]
|-status|p1a: Politoed|slp|[from] move: Rest
|
|turn|9
|
|switch|p1a: Chesnaught|Chesnaught, F|379\/379
|move|p2a: Breloom|Substitute|p2a: Breloom
|-start|p2a: Breloom|Substitute
|-damage|p2a: Breloom|198\/264 tox
|
|-heal|p2a: Breloom|231\/264 tox|[from] ability: Poison Heal
|turn|10
|
|-singleturn|p2a: Breloom|move: Focus Punch
|move|p1a: Chesnaught|Drain Punch|p2a: Breloom
|-end|p2a: Breloom|Substitute
|move|p2a: Breloom|Focus Punch|p1a: Chesnaught
|-damage|p1a: Chesnaught|162\/379
|
|-heal|p1a: Chesnaught|185\/379|[from] item: Leftovers
|-heal|p2a: Breloom|264\/264 tox|[from] ability: Poison Heal
|turn|11
|
|switch|p2a: Sableye|Sableye-Mega, F|124\/303 brn
|move|p1a: Chesnaught|Drain Punch|p2a: Sableye
|-immune|p2a: Sableye|[msg]
|
|-heal|p1a: Chesnaught|208\/379|[from] item: Leftovers
|-damage|p2a: Sableye|87\/303 brn|[from] brn
|turn|12
|
|switch|p1a: Clefable|Clefable, M|394\/394
|move|p2a: Sableye|Recover|p2a: Sableye
|-heal|p2a: Sableye|239\/303 brn
|
|-damage|p2a: Sableye|202\/303 brn|[from] brn
|turn|13
|
|switch|p2a: Jirachi|Jirachi|404\/404
|move|p1a: Clefable|Thunder Wave|p2a: Jirachi
|-status|p2a: Jirachi|par
|
|turn|14
|
|move|p1a: Clefable|Soft-Boiled|p1a: Clefable
|-fail|p1a: Clefable
|move|p2a: Jirachi|Body Slam|p1a: Clefable
|-damage|p1a: Clefable|329\/394
|-status|p1a: Clefable|par
|
|-heal|p1a: Clefable|353\/394 par|[from] item: Leftovers
|turn|15
|
|move|p2a: Jirachi|Iron Head|p1a: Clefable
|-supereffective|p1a: Clefable
|-damage|p1a: Clefable|161\/394 par
|move|p1a: Clefable|Heal Bell|p1a: Clefable
|-cureteam|p1a: Clefable|[from] move: HealBell
|
|-heal|p1a: Clefable|185\/394|[from] item: Leftovers
|turn|16
|
|move|p1a: Clefable|Soft-Boiled|p1a: Clefable
|-heal|p1a: Clefable|382\/394
|move|p2a: Jirachi|Iron Head|p1a: Clefable
|-supereffective|p1a: Clefable
|-damage|p1a: Clefable|190\/394
|
|-heal|p1a: Clefable|214\/394|[from] item: Leftovers
|turn|17
|
|move|p1a: Clefable|Soft-Boiled|p1a: Clefable
|-heal|p1a: Clefable|394\/394
|cant|p2a: Jirachi|par
|
|turn|18
|
|switch|p1a: Tyranitar|Tyranitar, M|341\/341
|-weather|Sandstorm
|move|p2a: Jirachi|Body Slam|p1a: Tyranitar
|-resisted|p1a: Tyranitar
|-damage|p1a: Tyranitar|312\/341
|
|-weather|Sandstorm|[upkeep]
|turn|19
|
|move|p1a: Tyranitar|Pursuit|p2a: Jirachi|[from]Pursuit
|-supereffective|p2a: Jirachi
|-damage|p2a: Jirachi|104\/404 par
|switch|p2a: Gliscor|Gliscor, M|354\/354
|
|-weather|Sandstorm|[upkeep]
|-status|p2a: Gliscor|tox|[from] item: Toxic Orb
|turn|20
|
|switch|p1a: Chesnaught|Chesnaught, F|208\/379
|move|p2a: Gliscor|Substitute|p2a: Gliscor
|-start|p2a: Gliscor|Substitute
|-damage|p2a: Gliscor|266\/354 tox
|
|-weather|Sandstorm|[upkeep]
|-damage|p1a: Chesnaught|185\/379|[from] sandstorm
|-heal|p1a: Chesnaught|208\/379|[from] item: Leftovers
|-heal|p2a: Gliscor|310\/354 tox|[from] ability: Poison Heal
|turn|21
|
|switch|p1a: Clefable|Clefable, M|394\/394
|move|p2a: Gliscor|Toxic|p1a: Clefable
|-status|p1a: Clefable|tox
|
|-weather|Sandstorm|[upkeep]
|-heal|p2a: Gliscor|354\/354 tox|[from] ability: Poison Heal
|turn|22
|
|switch|p1a: Latias|Latias, F|364\/364
|move|p2a: Gliscor|Earthquake|p1a: Latias
|-immune|p1a: Latias|[msg]
|
|-weather|none
|turn|23
|
|switch|p1a: Politoed|Politoed, F|372\/372
|move|p2a: Gliscor|Toxic|p1a: Politoed
|-status|p1a: Politoed|tox
|
|-damage|p1a: Politoed|349\/372 tox|[from] psn
|turn|24
|
|move|p2a: Gliscor|Earthquake|p1a: Politoed
|-damage|p1a: Politoed|207\/372 tox
|move|p1a: Politoed|Perish Song|p1a: Politoed
|-fieldactivate|move: Perish Song
|
|-start|p2a: Gliscor|perish3
|-start|p1a: Politoed|perish3
|-heal|p1a: Politoed|230\/372 tox|[from] item: Leftovers
|-damage|p1a: Politoed|184\/372 tox|[from] psn
|turn|25
|
|move|p2a: Gliscor|Earthquake|p1a: Politoed
|-damage|p1a: Politoed|28\/372 tox
|move|p1a: Politoed|Rest|p1a: Politoed
|-status|p1a: Politoed|slp
|-heal|p1a: Politoed|372\/372 slp|[silent]
|-status|p1a: Politoed|slp|[from] move: Rest
|
|-start|p2a: Gliscor|perish2
|-start|p1a: Politoed|perish2
|turn|26
|
|switch|p2a: Breloom|Breloom, F|264\/264 tox
|switch|p1a: Clefable|Clefable, M|394\/394 tox
|
|turn|27
|
|move|p2a: Breloom|Substitute|p2a: Breloom
|-start|p2a: Breloom|Substitute
|-damage|p2a: Breloom|198\/264 tox
|move|p1a: Clefable|Moonblast|p2a: Breloom
|-supereffective|p2a: Breloom
|-end|p2a: Breloom|Substitute
|
|-heal|p2a: Breloom|231\/264 tox|[from] ability: Poison Heal
|turn|28
|
|switch|p2a: Blissey|Blissey, F|652\/652
|move|p1a: Clefable|Moonblast|p2a: Blissey
|-damage|p2a: Blissey|592\/652
|
|-heal|p2a: Blissey|632\/652|[from] item: Leftovers
|turn|29
|
|move|p1a: Clefable|Heal Bell|p1a: Clefable
|-cureteam|p1a: Clefable|[from] move: HealBell
|move|p2a: Blissey|Seismic Toss|p1a: Clefable
|-damage|p1a: Clefable|294\/394
|
|-heal|p1a: Clefable|318\/394|[from] item: Leftovers
|-heal|p2a: Blissey|652\/652|[from] item: Leftovers
|turn|30
|
|switch|p1a: Politoed|Politoed, F|372\/372
|move|p2a: Blissey|Seismic Toss|p1a: Politoed
|-damage|p1a: Politoed|272\/372
|
|-heal|p1a: Politoed|295\/372|[from] item: Leftovers
|turn|31
|
|switch|p2a: Breloom|Breloom, F|231\/264 tox
|move|p1a: Politoed|Whirlpool|p2a: Breloom
|-resisted|p2a: Breloom
|-damage|p2a: Breloom|201\/264 tox
|-activate|p2a: Breloom|move: Whirlpool|[of] p1a: Politoed
|
|-heal|p1a: Politoed|318\/372|[from] item: Leftovers
|-heal|p2a: Breloom|234\/264 tox|[from] ability: Poison Heal
|-damage|p2a: Breloom|201\/264 tox|[from] move: Whirlpool|[partiallytrapped]
|turn|32
|
|switch|p1a: Latias|Latias, F|364\/364
|move|p2a: Breloom|Seed Bomb|p1a: Latias
|-resisted|p1a: Latias
|-damage|p1a: Latias|305\/364
|
|-heal|p2a: Breloom|234\/264 tox|[from] ability: Poison Heal
|-end|p2a: Breloom|Whirlpool|[partiallytrapped]
|turn|33
|
|switch|p2a: Blissey|Blissey, F|652\/652
|detailschange|p1a: Latias|Latias-Mega, F
|-mega|p1a: Latias|Latias|Latiasite
|move|p1a: Latias|Psyshock|p2a: Blissey
|-damage|p2a: Blissey|396\/652
|
|-heal|p2a: Blissey|436\/652|[from] item: Leftovers
|turn|34
|
|switch|p1a: Heatran|Heatran, F|386\/386
|move|p2a: Blissey|Toxic|p1a: Heatran
|-fail|p1a: Heatran
|
|-heal|p2a: Blissey|476\/652|[from] item: Leftovers
|turn|35
|
|switch|p2a: Sableye|Sableye-Mega, F|202\/303 brn
|move|p1a: Heatran|Stealth Rock|p2a: Sableye
|move|p2a: Sableye|Stealth Rock|p1a: Heatran|[from]Magic Bounce
|-sidestart|p1: JTewi|move: Stealth Rock
|
|-damage|p2a: Sableye|165\/303 brn|[from] brn
|turn|36
|
|switch|p2a: Gliscor|Gliscor, M|354\/354 tox
|move|p1a: Heatran|Lava Plume|p2a: Gliscor
|-damage|p2a: Gliscor|210\/354 tox
|
|-heal|p2a: Gliscor|254\/354 tox|[from] ability: Poison Heal
|turn|37
|
|switch|p2a: Sableye|Sableye-Mega, F|165\/303 brn
|switch|p1a: Latias|Latias-Mega, F|305\/364
|-damage|p1a: Latias|260\/364|[from] Stealth Rock
|
|-damage|p2a: Sableye|128\/303 brn|[from] brn
|turn|38
|
|switch|p2a: Blissey|Blissey, F|476\/652
|move|p1a: Latias|Defog|p2a: Blissey
|-unboost|p2a: Blissey|evasion|1
|-sideend|p1: JTewi|Stealth Rock|[from] move: Defog|[of] p1a: Latias
|
|-heal|p2a: Blissey|516\/652|[from] item: Leftovers
|turn|39
|
|switch|p1a: Heatran|Heatran, F|386\/386
|move|p2a: Blissey|Toxic|p1a: Heatran
|-fail|p1a: Heatran
|
|-heal|p2a: Blissey|556\/652|[from] item: Leftovers
|turn|40
|
|switch|p2a: Dragonite|Dragonite, M|386\/386
|move|p1a: Heatran|Lava Plume|p2a: Dragonite
|-resisted|p2a: Dragonite
|-damage|p2a: Dragonite|366\/386
|
|-heal|p2a: Dragonite|386\/386|[from] item: Leftovers
|turn|41
|
|move|p2a: Dragonite|Thunder Wave|p1a: Heatran
|-status|p1a: Heatran|par
|move|p1a: Heatran|Roar|p2a: Dragonite
|drag|p2a: Breloom|Breloom, F|234\/264 tox
|
|-heal|p2a: Breloom|264\/264 tox|[from] ability: Poison Heal
|turn|42
|
|move|p2a: Breloom|Substitute|p2a: Breloom
|-start|p2a: Breloom|Substitute
|-damage|p2a: Breloom|198\/264 tox
|cant|p1a: Heatran|par
|
|-heal|p2a: Breloom|231\/264 tox|[from] ability: Poison Heal
|turn|43
|
|-singleturn|p2a: Breloom|move: Focus Punch
|switch|p1a: Latias|Latias-Mega, F|260\/364
|move|p2a: Breloom|Focus Punch|p1a: Latias
|-crit|p1a: Latias
|-resisted|p1a: Latias
|-damage|p1a: Latias|121\/364
|
|-heal|p2a: Breloom|264\/264 tox|[from] ability: Poison Heal
|turn|44
|
|switch|p1a: Tyranitar|Tyranitar, M|312\/341
|-weather|Sandstorm
|move|p2a: Breloom|Spore|p1a: Tyranitar
|-status|p1a: Tyranitar|slp
|
|-weather|Sandstorm|[upkeep]
|-damage|p2a: Breloom|248\/264 tox|[from] sandstorm
|-heal|p2a: Breloom|264\/264 tox|[from] ability: Poison Heal
|turn|45
|
|-singleturn|p2a: Breloom|move: Focus Punch
|switch|p1a: Latias|Latias-Mega, F|121\/364
|move|p2a: Breloom|Focus Punch|p1a: Latias
|-resisted|p1a: Latias
|-damage|p1a: Latias|34\/364
|
|-weather|Sandstorm|[upkeep]
|-damage|p2a: Breloom|248\/264 tox|[from] sandstorm
|-damage|p1a: Latias|12\/364|[from] sandstorm
|-heal|p2a: Breloom|264\/264 tox|[from] ability: Poison Heal
|turn|46
|
|move|p2a: Breloom|Substitute|p2a: Breloom
|-fail|p2a: Breloom|move: Substitute
|move|p1a: Latias|Roost|p1a: Latias
|-heal|p1a: Latias|194\/364
|
|-weather|Sandstorm|[upkeep]
|-damage|p2a: Breloom|248\/264 tox|[from] sandstorm
|-damage|p1a: Latias|172\/364|[from] sandstorm
|-heal|p2a: Breloom|264\/264 tox|[from] ability: Poison Heal
|turn|47
|
|-singleturn|p2a: Breloom|move: Focus Punch
|move|p1a: Latias|Roost|p1a: Latias
|-heal|p1a: Latias|354\/364
|move|p2a: Breloom|Focus Punch|p1a: Latias
|-resisted|p1a: Latias
|-damage|p1a: Latias|265\/364
|
|-weather|Sandstorm|[upkeep]
|-damage|p2a: Breloom|248\/264 tox|[from] sandstorm
|-damage|p1a: Latias|243\/364|[from] sandstorm
|-heal|p2a: Breloom|264\/264 tox|[from] ability: Poison Heal
|turn|48
|
|-singleturn|p2a: Breloom|move: Focus Punch
|move|p1a: Latias|Psyshock|p2a: Breloom
|-supereffective|p2a: Breloom
|-end|p2a: Breloom|Substitute
|move|p2a: Breloom|Focus Punch|p1a: Latias
|-resisted|p1a: Latias
|-damage|p1a: Latias|143\/364
|
|-weather|none
|turn|49
|
|switch|p2a: Blissey|Blissey, F|556\/652
|move|p1a: Latias|Roost|p1a: Latias
|-heal|p1a: Latias|325\/364
|
|-heal|p2a: Blissey|596\/652|[from] item: Leftovers
|turn|50
|
|switch|p1a: Heatran|Heatran, F|386\/386 par
|move|p2a: Blissey|Seismic Toss|p1a: Heatran
|-damage|p1a: Heatran|286\/386 par
|
|-heal|p2a: Blissey|636\/652|[from] item: Leftovers
|-heal|p1a: Heatran|310\/386 par|[from] item: Leftovers
|turn|51
|
|switch|p2a: Sableye|Sableye-Mega, F|128\/303 brn
|move|p1a: Heatran|Stealth Rock|p2a: Sableye
|move|p2a: Sableye|Stealth Rock|p1a: Heatran|[from]Magic Bounce
|-sidestart|p1: JTewi|move: Stealth Rock
|
|-heal|p1a: Heatran|334\/386 par|[from] item: Leftovers
|-damage|p2a: Sableye|91\/303 brn|[from] brn
|turn|52
|
|move|p2a: Sableye|Recover|p2a: Sableye
|-heal|p2a: Sableye|243\/303 brn
|move|p1a: Heatran|Lava Plume|p2a: Sableye
|-damage|p2a: Sableye|135\/303 brn
|
|-heal|p1a: Heatran|358\/386 par|[from] item: Leftovers
|-damage|p2a: Sableye|98\/303 brn|[from] brn
|turn|53
|
|move|p2a: Sableye|Recover|p2a: Sableye
|-heal|p2a: Sableye|250\/303 brn
|cant|p1a: Heatran|par
|
|-heal|p1a: Heatran|382\/386 par|[from] item: Leftovers
|-damage|p2a: Sableye|213\/303 brn|[from] brn
|turn|54
|
|move|p2a: Sableye|Calm Mind|p2a: Sableye
|-boost|p2a: Sableye|spa|1
|-boost|p2a: Sableye|spd|1
|move|p1a: Heatran|Stealth Rock|p2a: Sableye
|move|p2a: Sableye|Stealth Rock|p1a: Heatran|[from]Magic Bounce
|-fail|p1a: Heatran
|
|-heal|p1a: Heatran|386\/386 par|[from] item: Leftovers
|-damage|p2a: Sableye|176\/303 brn|[from] brn
|turn|55
|
|switch|p1a: Politoed|Politoed, F|318\/372
|-damage|p1a: Politoed|272\/372|[from] Stealth Rock
|move|p2a: Sableye|Recover|p2a: Sableye
|-heal|p2a: Sableye|303\/303 brn
|
|-heal|p1a: Politoed|295\/372|[from] item: Leftovers
|-damage|p2a: Sableye|266\/303 brn|[from] brn
|turn|56
|
|switch|p2a: Breloom|Breloom, F|264\/264 tox
|move|p1a: Politoed|Perish Song|p1a: Politoed
|-fieldactivate|move: Perish Song
|
|-start|p2a: Breloom|perish3
|-start|p1a: Politoed|perish3
|-heal|p1a: Politoed|318\/372|[from] item: Leftovers
|turn|57
|
|switch|p1a: Latias|Latias-Mega, F|325\/364
|-damage|p1a: Latias|280\/364|[from] Stealth Rock
|move|p2a: Breloom|Seed Bomb|p1a: Latias
|-resisted|p1a: Latias
|-damage|p1a: Latias|231\/364
|
|-start|p2a: Breloom|perish2
|turn|58
|
|switch|p2a: Blissey|Blissey, F|636\/652
|move|p1a: Latias|Defog|p2a: Blissey
|-unboost|p2a: Blissey|evasion|1
|-sideend|p1: JTewi|Stealth Rock|[from] move: Defog|[of] p1a: Latias
|
|-heal|p2a: Blissey|652\/652|[from] item: Leftovers
|turn|59
|
|switch|p1a: Heatran|Heatran, F|386\/386 par
|move|p2a: Blissey|Toxic|p1a: Heatran
|-fail|p1a: Heatran
|
|turn|60
|
|switch|p2a: Sableye|Sableye-Mega, F|266\/303 brn
|cant|p1a: Heatran|par
|
|-damage|p2a: Sableye|229\/303 brn|[from] brn
|turn|61
|
|switch|p1a: Clefable|Clefable, M|318\/394
|move|p2a: Sableye|Calm Mind|p2a: Sableye
|-boost|p2a: Sableye|spa|1
|-boost|p2a: Sableye|spd|1
|
|-heal|p1a: Clefable|342\/394|[from] item: Leftovers
|-damage|p2a: Sableye|192\/303 brn|[from] brn
|turn|62
|
|switch|p2a: Blissey|Blissey, F|652\/652
|move|p1a: Clefable|Moonblast|p2a: Blissey
|-damage|p2a: Blissey|592\/652
|
|-heal|p1a: Clefable|366\/394|[from] item: Leftovers
|-heal|p2a: Blissey|632\/652|[from] item: Leftovers
|turn|63
|
|switch|p1a: Politoed|Politoed, F|318\/372
|switch|p2a: Breloom|Breloom, F|264\/264 tox
|
|-heal|p1a: Politoed|341\/372|[from] item: Leftovers
|turn|64
|
|switch|p1a: Latias|Latias-Mega, F|231\/364
|move|p2a: Breloom|Substitute|p2a: Breloom
|-start|p2a: Breloom|Substitute
|-damage|p2a: Breloom|198\/264 tox
|
|-heal|p2a: Breloom|231\/264 tox|[from] ability: Poison Heal
|turn|65
|
|-singleturn|p2a: Breloom|move: Focus Punch
|move|p1a: Latias|Psyshock|p2a: Breloom
|-supereffective|p2a: Breloom
|-end|p2a: Breloom|Substitute
|move|p2a: Breloom|Focus Punch|p1a: Latias
|-resisted|p1a: Latias
|-damage|p1a: Latias|139\/364
|
|-heal|p2a: Breloom|264\/264 tox|[from] ability: Poison Heal
|turn|66
|
|switch|p2a: Dragonite|Dragonite, M|386\/386
|move|p1a: Latias|Roost|p1a: Latias
|-heal|p1a: Latias|321\/364
|
|turn|67
|
|switch|p1a: Clefable|Clefable, M|366\/394
|switch|p2a: Blissey|Blissey, F|632\/652
|
|-heal|p1a: Clefable|390\/394|[from] item: Leftovers
|-heal|p2a: Blissey|652\/652|[from] item: Leftovers
|turn|68
|
|switch|p1a: Heatran|Heatran, F|386\/386 par
|switch|p2a: Breloom|Breloom, F|264\/264 tox
|
|turn|69
|
|switch|p1a: Latias|Latias-Mega, F|321\/364
|move|p2a: Breloom|Substitute|p2a: Breloom
|-start|p2a: Breloom|Substitute
|-damage|p2a: Breloom|198\/264 tox
|
|-heal|p2a: Breloom|231\/264 tox|[from] ability: Poison Heal
|turn|70
|
|-singleturn|p2a: Breloom|move: Focus Punch
|move|p1a: Latias|Psyshock|p2a: Breloom
|-supereffective|p2a: Breloom
|-end|p2a: Breloom|Substitute
|move|p2a: Breloom|Focus Punch|p1a: Latias
|-resisted|p1a: Latias
|-damage|p1a: Latias|235\/364
|
|-heal|p2a: Breloom|264\/264 tox|[from] ability: Poison Heal
|turn|71
|
|switch|p2a: Dragonite|Dragonite, M|386\/386
|switch|p1a: Politoed|Politoed, F|341\/372
|
|-heal|p1a: Politoed|364\/372|[from] item: Leftovers
|turn|72
|
|move|p2a: Dragonite|Thunder Wave|p1a: Politoed
|-status|p1a: Politoed|par
|move|p1a: Politoed|Scald|p2a: Dragonite
|-resisted|p2a: Dragonite
|-damage|p2a: Dragonite|370\/386
|
|-heal|p2a: Dragonite|386\/386|[from] item: Leftovers
|-heal|p1a: Politoed|372\/372 par|[from] item: Leftovers
|turn|73
|
|move|p2a: Dragonite|Substitute|p2a: Dragonite
|-start|p2a: Dragonite|Substitute
|-damage|p2a: Dragonite|290\/386
|move|p1a: Politoed|Perish Song|p1a: Politoed
|-fieldactivate|move: Perish Song
|
|-start|p2a: Dragonite|perish3
|-start|p1a: Politoed|perish3
|-heal|p2a: Dragonite|314\/386|[from] item: Leftovers
|turn|74
|
|switch|p1a: Clefable|Clefable, M|390\/394
|move|p2a: Dragonite|Dragon Tail|p1a: Clefable
|-immune|p1a: Clefable|[msg]
|
|-start|p2a: Dragonite|perish2
|-heal|p2a: Dragonite|338\/386|[from] item: Leftovers
|-heal|p1a: Clefable|394\/394|[from] item: Leftovers
|turn|75
|
|switch|p1a: Chesnaught|Chesnaught, F|208\/379
|move|p2a: Dragonite|Thunder Wave|p1a: Chesnaught
|-status|p1a: Chesnaught|par
|
|-start|p2a: Dragonite|perish1
|-heal|p2a: Dragonite|362\/386|[from] item: Leftovers
|-heal|p1a: Chesnaught|231\/379 par|[from] item: Leftovers
|turn|76
|
|switch|p2a: Gliscor|Gliscor, M|254\/354 tox
|switch|p1a: Clefable|Clefable, M|394\/394
|
|-heal|p2a: Gliscor|298\/354 tox|[from] ability: Poison Heal
|turn|77
|
|switch|p2a: Breloom|Breloom, F|264\/264 tox
|move|p1a: Clefable|Moonblast|p2a: Breloom
|-supereffective|p2a: Breloom
|-damage|p2a: Breloom|0 fnt
|faint|p2a: Breloom
|
|c|âDr. Marti|fuck
|
|switch|p2a: Blissey|Blissey, F|652\/652
|turn|78
|
|switch|p2a: Dragonite|Dragonite, M|362\/386
|move|p1a: Clefable|Heal Bell|p1a: Clefable
|-cureteam|p1a: Clefable|[from] move: HealBell
|
|-heal|p2a: Dragonite|386\/386|[from] item: Leftovers
|turn|79
|
|move|p2a: Dragonite|Thunder Wave|p1a: Clefable
|-status|p1a: Clefable|par
|move|p1a: Clefable|Thunder Wave|p2a: Dragonite
|-status|p2a: Dragonite|par
|
|turn|80
|
|switch|p2a: Gliscor|Gliscor, M|298\/354 tox
|cant|p1a: Clefable|par
|
|-heal|p2a: Gliscor|342\/354 tox|[from] ability: Poison Heal
|turn|81
|
|move|p2a: Gliscor|Substitute|p2a: Gliscor
|-start|p2a: Gliscor|Substitute
|-damage|p2a: Gliscor|254\/354 tox
|cant|p1a: Clefable|par
|
|-heal|p2a: Gliscor|298\/354 tox|[from] ability: Poison Heal
|turn|82
|
|switch|p1a: Chesnaught|Chesnaught, F|231\/379
|move|p2a: Gliscor|Earthquake|p1a: Chesnaught
|-resisted|p1a: Chesnaught
|-damage|p1a: Chesnaught|192\/379
|
|-heal|p1a: Chesnaught|215\/379|[from] item: Leftovers
|-heal|p2a: Gliscor|342\/354 tox|[from] ability: Poison Heal
|turn|83
|
|switch|p1a: Clefable|Clefable, M|394\/394 par
|move|p2a: Gliscor|Toxic|p1a: Clefable
|-fail|p1a: Clefable
|
|-heal|p2a: Gliscor|354\/354 tox|[from] ability: Poison Heal
|turn|84
|
|move|p2a: Gliscor|Earthquake|p1a: Clefable
|-damage|p1a: Clefable|280\/394 par
|cant|p1a: Clefable|par
|
|-heal|p1a: Clefable|304\/394 par|[from] item: Leftovers
|turn|85
|
|move|p2a: Gliscor|Earthquake|p1a: Clefable
|-damage|p1a: Clefable|190\/394 par
|move|p1a: Clefable|Heal Bell|p1a: Clefable
|-cureteam|p1a: Clefable|[from] move: HealBell
|
|-heal|p1a: Clefable|214\/394|[from] item: Leftovers
|turn|86
|
|move|p2a: Gliscor|Earthquake|p1a: Clefable
|-damage|p1a: Clefable|96\/394
|move|p1a: Clefable|Soft-Boiled|p1a: Clefable
|-heal|p1a: Clefable|293\/394
|
|-heal|p1a: Clefable|317\/394|[from] item: Leftovers
|turn|87
|
|switch|p1a: Latias|Latias-Mega, F|235\/364
|move|p2a: Gliscor|Earthquake|p1a: Latias
|-immune|p1a: Latias|[msg]
|
|turn|88
|c|âDr. Marti|you bitch
|c|âDr. Marti|stalling around
|c|âDr. Marti|fuck you
|
|switch|p1a: Clefable|Clefable, M|317\/394
|move|p2a: Gliscor|Toxic|p1a: Clefable|[miss]
|-miss|p2a: Gliscor|p1a: Clefable
|
|-heal|p1a: Clefable|341\/394|[from] item: Leftovers
|turn|89
|c|âJTewi|says subprotect gliscor user
|c|âJTewi|the most stally set
|c|âJTewi|on the meta
|c|âJTewi|lol
|c|âDr. Marti|fucking piece off shit
|c|âJTewi|and blissey user to
|c|âJTewi|too
|c|âJTewi|haha
|c|âDr. Marti|hohohoho
|c|âJTewi|how the fuck you can say stally to others
|c|âDr. Marti|fuck you
|c|âDr. Marti|stally bitch
|c|âJTewi|ahaha
|
|move|p2a: Gliscor|Earthquake|p1a: Clefable
|-damage|p1a: Clefable|227\/394
|move|p1a: Clefable|Moonblast|p2a: Gliscor
|-end|p2a: Gliscor|Substitute
|
|-heal|p1a: Clefable|251\/394|[from] item: Leftovers
|turn|90
|
|switch|p2a: Blissey|Blissey, F|652\/652
|switch|p1a: Latias|Latias-Mega, F|235\/364
|
|turn|91
|c|âDr. Marti|piece of dog wank
|
|switch|p1a: Politoed|Politoed, F|372\/372
|move|p2a: Blissey|Toxic|p1a: Politoed
|-status|p1a: Politoed|tox
|
|-damage|p1a: Politoed|349\/372 tox|[from] psn
|turn|92
|c|âDr. Marti|just fuck yourself
|
|switch|p2a: Dragonite|Dragonite, M|386\/386 par
|move|p1a: Politoed|Whirlpool|p2a: Dragonite
|-resisted|p2a: Dragonite
|-damage|p2a: Dragonite|380\/386 par
|-activate|p2a: Dragonite|move: Whirlpool|[of] p1a: Politoed
|
|-heal|p1a: Politoed|372\/372 tox|[from] item: Leftovers
|-heal|p2a: Dragonite|386\/386 par|[from] item: Leftovers
|-damage|p1a: Politoed|326\/372 tox|[from] psn
|-damage|p2a: Dragonite|338\/386 par|[from] move: Whirlpool|[partiallytrapped]
|turn|93
|
|move|p1a: Politoed|Perish Song|p1a: Politoed
|-fieldactivate|move: Perish Song
|move|p2a: Dragonite|Dragon Tail|p1a: Politoed
|-damage|p1a: Politoed|217\/372 tox
|drag|p1a: Tyranitar|Tyranitar, M|312\/341
|-weather|Sandstorm
|
|-start|p2a: Dragonite|perish3
|-weather|Sandstorm|[upkeep]
|-damage|p2a: Dragonite|314\/386 par|[from] sandstorm
|-heal|p2a: Dragonite|338\/386 par|[from] item: Leftovers
|-end|p2a: Dragonite|Whirlpool|[partiallytrapped]
|turn|94
|
|switch|p2a: Gliscor|Gliscor, M|354\/354 tox
|move|p1a: Tyranitar|Stone Edge|p2a: Gliscor
|-damage|p2a: Gliscor|231\/354 tox
|
|-weather|Sandstorm|[upkeep]
|-heal|p2a: Gliscor|275\/354 tox|[from] ability: Poison Heal
|turn|95
|
|switch|p1a: Latias|Latias-Mega, F|235\/364
|move|p2a: Gliscor|Earthquake|p1a: Latias
|-immune|p1a: Latias|[msg]
|
|-weather|Sandstorm|[upkeep]
|-damage|p1a: Latias|213\/364|[from] sandstorm
|-heal|p2a: Gliscor|319\/354 tox|[from] ability: Poison Heal
|turn|96
|c|âDr. Marti|soo
|c|âDr. Marti|the most annoying stall kid ever
|c|âJTewi|yep, this is you
|c|âJTewi|Play stall, cry about others stalls <-- big boss
|
|switch|p1a: Clefable|Clefable, M|251\/394
|move|p2a: Gliscor|Protect|p2a: Gliscor
|-fail|p2a: Gliscor
|
|-weather|Sandstorm|[upkeep]
|-heal|p1a: Clefable|275\/394|[from] item: Leftovers
|-heal|p2a: Gliscor|354\/354 tox|[from] ability: Poison Heal
|turn|97
|
|switch|p2a: Blissey|Blissey, F|652\/652
|move|p1a: Clefable|Thunder Wave|p2a: Blissey
|-status|p2a: Blissey|par
|
|-weather|none
|-heal|p1a: Clefable|299\/394|[from] item: Leftovers
|turn|98
|
|switch|p1a: Politoed|Politoed, F|217\/372 tox
|switch|p2a: Gliscor|Gliscor, M|354\/354 tox
|
|-heal|p1a: Politoed|240\/372 tox|[from] item: Leftovers
|-damage|p1a: Politoed|217\/372 tox|[from] psn
|turn|99
|
|move|p2a: Gliscor|Protect|p2a: Gliscor
|-singleturn|p2a: Gliscor|Protect
|move|p1a: Politoed|Rest|p1a: Politoed
|-status|p1a: Politoed|slp
|-heal|p1a: Politoed|372\/372 slp|[silent]
|-status|p1a: Politoed|slp|[from] move: Rest
|
|turn|100
|c|âDr. Marti|...
|
|move|p2a: Gliscor|Substitute|p2a: Gliscor
|-start|p2a: Gliscor|Substitute
|-damage|p2a: Gliscor|266\/354 tox
|cant|p1a: Politoed|slp
|
|-heal|p2a: Gliscor|310\/354 tox|[from] ability: Poison Heal
|turn|101
|
|move|p2a: Gliscor|Toxic|p1a: Politoed|[miss]
|-miss|p2a: Gliscor|p1a: Politoed
|cant|p1a: Politoed|slp
|
|-heal|p2a: Gliscor|354\/354 tox|[from] ability: Poison Heal
|turn|102
|
|switch|p2a: Blissey|Blissey, F|652\/652
|-curestatus|p1a: Politoed|slp
|move|p1a: Politoed|Scald|p2a: Blissey
|-damage|p2a: Blissey|601\/652
|
|-heal|p2a: Blissey|641\/652|[from] item: Leftovers
|turn|103
|c|âDr. Marti|you are fucking ugly clid
|c|âDr. Marti|kid
|
|move|p1a: Politoed|Whirlpool|p2a: Blissey
|-damage|p2a: Blissey|620\/652
|-activate|p2a: Blissey|move: Whirlpool|[of] p1a: Politoed
|move|p2a: Blissey|Seismic Toss|p1a: Politoed
|-damage|p1a: Politoed|272\/372
|
|-heal|p1a: Politoed|295\/372|[from] item: Leftovers
|-heal|p2a: Blissey|652\/652|[from] item: Leftovers
|-damage|p2a: Blissey|571\/652|[from] move: Whirlpool|[partiallytrapped]
|turn|104
|
|move|p1a: Politoed|Perish Song|p1a: Politoed
|-fieldactivate|move: Perish Song
|move|p2a: Blissey|Toxic|p1a: Politoed|[miss]
|-miss|p2a: Blissey|p1a: Politoed
|
|-start|p1a: Politoed|perish3
|-start|p2a: Blissey|perish3
|-heal|p1a: Politoed|318\/372|[from] item: Leftovers
|-heal|p2a: Blissey|611\/652|[from] item: Leftovers
|-damage|p2a: Blissey|530\/652|[from] move: Whirlpool|[partiallytrapped]
|turn|105
|c|âJTewi|cry more stally boy
|c|âDr. Marti|fuck yourself
|
|move|p1a: Politoed|Scald|p2a: Blissey
|-damage|p2a: Blissey|482\/652
|move|p2a: Blissey|Toxic|p1a: Politoed
|-status|p1a: Politoed|tox
|
|-start|p1a: Politoed|perish2
|-start|p2a: Blissey|perish2
|-heal|p1a: Politoed|341\/372 tox|[from] item: Leftovers
|-heal|p2a: Blissey|522\/652|[from] item: Leftovers
|-damage|p1a: Politoed|318\/372 tox|[from] psn
|-damage|p2a: Blissey|441\/652|[from] move: Whirlpool|[partiallytrapped]
|turn|106
|
|move|p1a: Politoed|Rest|p1a: Politoed
|-status|p1a: Politoed|slp
|-heal|p1a: Politoed|372\/372 slp|[silent]
|-status|p1a: Politoed|slp|[from] move: Rest
|move|p2a: Blissey|Wish|p2a: Blissey
|
|-start|p1a: Politoed|perish1
|-start|p2a: Blissey|perish1
|-heal|p2a: Blissey|481\/652|[from] item: Leftovers
|-damage|p2a: Blissey|400\/652|[from] move: Whirlpool|[partiallytrapped]
|turn|107
|c|âDr. Marti|you dirty slut
|
|switch|p1a: Heatran|Heatran, F|386\/386
|move|p2a: Blissey|Seismic Toss|p1a: Heatran
|-damage|p1a: Heatran|286\/386
|
|-start|p2a: Blissey|perish0
|-heal|p1a: Heatran|310\/386|[from] item: Leftovers
|faint|p2a: Blissey
|c|âJTewi|subtoxic gliscor+blissey core saying me slut
|c|âJTewi|genius
|c|âJTewi|hahahah
|
|switch|p2a: Gliscor|Gliscor, M|354\/354 tox
|turn|108
|
|move|p1a: Heatran|Protect|p1a: Heatran
|-singleturn|p1a: Heatran|Protect
|move|p2a: Gliscor|Earthquake|p1a: Heatran
|-activate|p1a: Heatran|Protect
|
|-heal|p1a: Heatran|334\/386|[from] item: Leftovers
|turn|109
|
|switch|p1a: Politoed|Politoed, F|372\/372 slp
|move|p2a: Gliscor|Earthquake|p1a: Politoed
|-damage|p1a: Politoed|231\/372 slp
|
|-heal|p1a: Politoed|254\/372 slp|[from] item: Leftovers
|turn|110
|c|âDr. Marti|you are the one stalling
|c|âJTewi|turn 110 has the pokes almost 100% health "you are the one stalling"  Dr.Marti 17\/01\/15
|c|âJTewi|hhahahaj
|c|âJTewi|you are the best man
|c|âJTewi|thx
|
|switch|p2a: Dragonite|Dragonite, M|338\/386 par
|cant|p1a: Politoed|slp
|
|-heal|p1a: Politoed|277\/372 slp|[from] item: Leftovers
|-heal|p2a: Dragonite|362\/386 par|[from] item: Leftovers
|turn|111
|
|switch|p1a: Clefable|Clefable, M|299\/394
|move|p2a: Dragonite|Dragon Tail|p1a: Clefable
|-immune|p1a: Clefable|[msg]
|
|-heal|p1a: Clefable|323\/394|[from] item: Leftovers
|-heal|p2a: Dragonite|386\/386 par|[from] item: Leftovers
|turn|112
|c|âDr. Marti|gay prick
|
|switch|p2a: Gliscor|Gliscor, M|354\/354 tox
|move|p1a: Clefable|Moonblast|p2a: Gliscor
|-damage|p2a: Gliscor|209\/354 tox
|
|-heal|p1a: Clefable|347\/394|[from] item: Leftovers
|-heal|p2a: Gliscor|253\/354 tox|[from] ability: Poison Heal
|turn|113
|
|switch|p1a: Latias|Latias-Mega, F|213\/364
|move|p2a: Gliscor|Protect|p2a: Gliscor
|-fail|p2a: Gliscor
|
|-heal|p2a: Gliscor|297\/354 tox|[from] ability: Poison Heal
|turn|114
|
|switch|p1a: Clefable|Clefable, M|347\/394
|move|p2a: Gliscor|Toxic|p1a: Clefable
|-status|p1a: Clefable|tox
|
|-heal|p1a: Clefable|371\/394 tox|[from] item: Leftovers
|-heal|p2a: Gliscor|341\/354 tox|[from] ability: Poison Heal
|turn|115
|c|âDr. Marti|i will shag your dirty mom
|
|switch|p2a: Jirachi|Jirachi|104\/404 par
|switch|p1a: Politoed|Politoed, F|277\/372 slp
|
|-heal|p1a: Politoed|300\/372 slp|[from] item: Leftovers
|-heal|p2a: Jirachi|129\/404 par|[from] item: Leftovers
|turn|116
|
|cant|p1a: Politoed|slp
|move|p2a: Jirachi|Wish|p2a: Jirachi
|
|-heal|p1a: Politoed|323\/372 slp|[from] item: Leftovers
|-heal|p2a: Jirachi|154\/404 par|[from] item: Leftovers
|turn|117
|
|switch|p1a: Heatran|Heatran, F|334\/386
|cant|p2a: Jirachi|par
|
|-heal|p2a: Jirachi|356\/404 par|[from] move: Wish|[wisher] Jirachi
|-heal|p1a: Heatran|358\/386|[from] item: Leftovers
|-heal|p2a: Jirachi|381\/404 par|[from] item: Leftovers
|turn|118
|
|switch|p2a: Gliscor|Gliscor, M|341\/354 tox
|move|p1a: Heatran|Lava Plume|p2a: Gliscor
|-damage|p2a: Gliscor|188\/354 tox
|
|-heal|p1a: Heatran|382\/386|[from] item: Leftovers
|-heal|p2a: Gliscor|232\/354 tox|[from] ability: Poison Heal
|turn|119
|
|switch|p1a: Clefable|Clefable, M|371\/394 tox
|move|p2a: Gliscor|Protect|p2a: Gliscor
|-fail|p2a: Gliscor
|
|-heal|p1a: Clefable|394\/394 tox|[from] item: Leftovers
|-heal|p2a: Gliscor|276\/354 tox|[from] ability: Poison Heal
|turn|120
|
|switch|p2a: Jirachi|Jirachi|381\/404 par
|switch|p1a: Politoed|Politoed, F|323\/372 slp
|
|-heal|p1a: Politoed|346\/372 slp|[from] item: Leftovers
|-heal|p2a: Jirachi|404\/404 par|[from] item: Leftovers
|turn|121
|
|switch|p1a: Heatran|Heatran, F|382\/386
|switch|p2a: Dragonite|Dragonite, M|386\/386 par
|
|-heal|p1a: Heatran|386\/386|[from] item: Leftovers
|turn|122
|c|âDr. Marti|ok
|
|move|p1a: Heatran|Stealth Rock|p2a: Dragonite
|-sidestart|p2: Dr. Marti|move: Stealth Rock
|cant|p2a: Dragonite|par
|
|turn|123
|
|switch|p1a: Clefable|Clefable, M|394\/394 tox
|move|p2a: Dragonite|Thunder Wave|p1a: Clefable
|-fail|p1a: Clefable
|
|turn|124
|
|switch|p1a: Tyranitar|Tyranitar, M|312\/341
|-weather|Sandstorm
|switch|p2a: Jirachi|Jirachi|404\/404 par
|-damage|p2a: Jirachi|379\/404 par|[from] Stealth Rock
|
|-weather|Sandstorm|[upkeep]
|-heal|p2a: Jirachi|404\/404 par|[from] item: Leftovers
|turn|125
|c|âDr. Marti|you dont have a life
|
|switch|p1a: Heatran|Heatran, F|386\/386
|move|p2a: Jirachi|Iron Head|p1a: Heatran
|-resisted|p1a: Heatran
|-damage|p1a: Heatran|370\/386
|
|-weather|Sandstorm|[upkeep]
|-heal|p1a: Heatran|386\/386|[from] item: Leftovers
|turn|126
|
|switch|p2a: Dragonite|Dragonite, M|386\/386 par
|-damage|p2a: Dragonite|290\/386 par|[from] Stealth Rock
|move|p1a: Heatran|Roar|p2a: Dragonite
|drag|p2a: Gliscor|Gliscor, M|276\/354 tox
|-damage|p2a: Gliscor|232\/354 tox|[from] Stealth Rock
|
|-weather|Sandstorm|[upkeep]
|-heal|p2a: Gliscor|276\/354 tox|[from] ability: Poison Heal
|turn|127
|c|âDr. Marti|just fuck yourself
|
|switch|p1a: Clefable|Clefable, M|394\/394 tox
|move|p2a: Gliscor|Substitute|p2a: Gliscor
|-start|p2a: Gliscor|Substitute
|-damage|p2a: Gliscor|188\/354 tox
|
|-weather|Sandstorm|[upkeep]
|-heal|p2a: Gliscor|232\/354 tox|[from] ability: Poison Heal
|turn|128
|
|switch|p1a: Politoed|Politoed, F|346\/372 slp
|move|p2a: Gliscor|Toxic|p1a: Politoed
|-fail|p1a: Politoed
|
|-weather|none
|-heal|p1a: Politoed|369\/372 slp|[from] item: Leftovers
|-heal|p2a: Gliscor|276\/354 tox|[from] ability: Poison Heal
|turn|129
|
|switch|p2a: Dragonite|Dragonite, M|290\/386 par
|-damage|p2a: Dragonite|194\/386 par|[from] Stealth Rock
|switch|p1a: Clefable|Clefable, M|394\/394 tox
|
|-heal|p2a: Dragonite|218\/386 par|[from] item: Leftovers
|turn|130
|
|switch|p2a: Jirachi|Jirachi|404\/404 par
|-damage|p2a: Jirachi|379\/404 par|[from] Stealth Rock
|move|p1a: Clefable|Moonblast|p2a: Jirachi
|-resisted|p2a: Jirachi
|-damage|p2a: Jirachi|343\/404 par
|
|-heal|p2a: Jirachi|368\/404 par|[from] item: Leftovers
|turn|131
|c|âDr. Marti|you are a dirt piece of shit
|
|switch|p1a: Politoed|Politoed, F|369\/372 slp
|switch|p2a: Gliscor|Gliscor, M|276\/354 tox
|-damage|p2a: Gliscor|232\/354 tox|[from] Stealth Rock
|
|-heal|p1a: Politoed|372\/372 slp|[from] item: Leftovers
|-heal|p2a: Gliscor|276\/354 tox|[from] ability: Poison Heal
|turn|132
|
|switch|p2a: Dragonite|Dragonite, M|218\/386 par
|-damage|p2a: Dragonite|122\/386 par|[from] Stealth Rock
|-curestatus|p1a: Politoed|slp
|move|p1a: Politoed|Scald|p2a: Dragonite
|-crit|p2a: Dragonite
|-resisted|p2a: Dragonite
|-damage|p2a: Dragonite|76\/386 par
|
|-heal|p2a: Dragonite|100\/386 par|[from] item: Leftovers
|turn|133
|
|switch|p1a: Clefable|Clefable, M|394\/394 tox
|cant|p2a: Dragonite|par
|
|-heal|p2a: Dragonite|124\/386 par|[from] item: Leftovers
|turn|134
|c|âDr. Marti|haxxing cock
|
|switch|p2a: Jirachi|Jirachi|368\/404 par
|-damage|p2a: Jirachi|343\/404 par|[from] Stealth Rock
|move|p1a: Clefable|Moonblast|p2a: Jirachi
|-resisted|p2a: Jirachi
|-damage|p2a: Jirachi|304\/404 par
|
|-heal|p2a: Jirachi|329\/404 par|[from] item: Leftovers
|turn|135
|c|âJTewi|after 83 turns paralized gets 1 para
|c|âJTewi|"haxxing cock"
|c|âJTewi|ok
|c|âJTewi|aahah
|c|âDr. Marti|k
|c|âDr. Marti|hoho
|c|âJTewi|i love you
|c|âDr. Marti|i love your mom
|
|switch|p1a: Heatran|Heatran, F|386\/386
|move|p2a: Jirachi|Iron Head|p1a: Heatran
|-resisted|p1a: Heatran
|-damage|p1a: Heatran|371\/386
|
|-heal|p1a: Heatran|386\/386|[from] item: Leftovers
|-heal|p2a: Jirachi|354\/404 par|[from] item: Leftovers
|turn|136
|
|switch|p2a: Gliscor|Gliscor, M|276\/354 tox
|-damage|p2a: Gliscor|232\/354 tox|[from] Stealth Rock
|move|p1a: Heatran|Lava Plume|p2a: Gliscor
|-damage|p2a: Gliscor|94\/354 tox
|
|-heal|p2a: Gliscor|138\/354 tox|[from] ability: Poison Heal
|turn|137
|
|switch|p1a: Politoed|Politoed, F|372\/372
|move|p2a: Gliscor|Protect|p2a: Gliscor
|-fail|p2a: Gliscor
|
|-heal|p2a: Gliscor|182\/354 tox|[from] ability: Poison Heal
|turn|138
|
|switch|p2a: Dragonite|Dragonite, M|124\/386 par
|-damage|p2a: Dragonite|28\/386 par|[from] Stealth Rock
|move|p1a: Politoed|Scald|p2a: Dragonite
|-resisted|p2a: Dragonite
|-damage|p2a: Dragonite|0 fnt
|faint|p2a: Dragonite
|
|c|âDr. Marti|stalling shit kid of the year
|
|switch|p2a: Gliscor|Gliscor, M|182\/354 tox
|-damage|p2a: Gliscor|138\/354 tox|[from] Stealth Rock
|turn|139
|c|âJTewi|stop talking about yourself, its rare
|c|âJTewi|:[
|c|âDr. Marti|stalling bitchy
|
|move|p2a: Gliscor|Protect|p2a: Gliscor
|-singleturn|p2a: Gliscor|Protect
|move|p1a: Politoed|Scald|p2a: Gliscor
|-activate|p2a: Gliscor|Protect
|
|-heal|p2a: Gliscor|182\/354 tox|[from] ability: Poison Heal
|turn|140
|
|move|p2a: Gliscor|Toxic|p1a: Politoed|[miss]
|-miss|p2a: Gliscor|p1a: Politoed
|move|p1a: Politoed|Scald|p2a: Gliscor
|-supereffective|p2a: Gliscor
|-damage|p2a: Gliscor|0 fnt
|faint|p2a: Gliscor
|
|c|âDr. Marti|fuck you
|c|âJTewi|haha7
|c|âDr. Marti|im going to fuck your dirty nan
|c|âJTewi|no, you going to cry a river
|c|âJTewi|hahahah
|-message|Dr. Marti lost due to inactivity.
|
|win|JTewi
|raw|Ladder updating...
|raw|JTewi's rating: 1454 &rarr; <strong>1470<\/strong><br \/>(+16 for winning)
|raw|Dr. Marti's rating: 1376 &rarr; <strong>1360<\/strong><br \/>(-16 for losing)