|join|JTewi
|join|Delacosta
|player|p1|JTewi|101
|player|p2|Delacosta|29
|gametype|singles
|gen|6
|tier|OU
|rated
|clearpoke
|poke|p1|Tyranitar, F
|poke|p1|Clefable, M
|poke|p1|Heatran, M
|poke|p1|Latias, F
|poke|p1|Politoed, F
|poke|p1|Chesnaught, F
|poke|p2|Charizard, F
|poke|p2|Espeon, M
|poke|p2|Azumarill, F
|poke|p2|Staraptor, F
|poke|p2|Mamoswine, F
|poke|p2|Thundurus, M
|rule|Swagger Clause: Swagger is banned
|rule|Baton Pass Clause: Limit one PokÃ©mon knowing Baton Pass
|rule|Sleep Clause Mod: Limit one foe put to sleep
|rule|Species Clause: Limit one of each PokÃ©mon
|rule|OHKO Clause: OHKO moves are banned
|rule|Moody Clause: Moody is banned
|rule|Evasion Moves Clause: Evasion moves are banned
|rule|Endless Battle Clause: Forcing endless battles is banned
|rule|HP Percentage Mod: HP is shown in percentages
|teampreview
|
|start
|switch|p1a: Politoed|Politoed, F|372\/372
|switch|p2a: Thundurus|Thundurus, M|299\/299
|turn|1
|
|switch|p1a: Tyranitar|Tyranitar, F|341\/341
|-weather|Sandstorm
|move|p2a: Thundurus|Taunt|p1a: Tyranitar
|-start|p1a: Tyranitar|move: Taunt
|
|-weather|Sandstorm|[upkeep]
|-damage|p2a: Thundurus|281\/299|[from] sandstorm
|turn|2
|
|switch|p2a: Mamoswine|Mamoswine, F|361\/361
|move|p1a: Tyranitar|Stone Edge|p2a: Mamoswine
|-damage|p2a: Mamoswine|141\/361
|
|-weather|Sandstorm|[upkeep]
|turn|3
|
|move|p1a: Tyranitar|Stone Edge|p2a: Mamoswine
|-damage|p2a: Mamoswine|0 fnt
|faint|p2a: Mamoswine
|
|-weather|Sandstorm|[upkeep]
|
|switch|p2a: Charizard|Charizard, F|297\/297
|turn|4
|
|detailschange|p2a: Charizard|Charizard-Mega-X, F
|-mega|p2a: Charizard|Charizard|Charizardite X
|move|p1a: Tyranitar|Stone Edge|p2a: Charizard|[miss]
|-miss|p1a: Tyranitar|p2a: Charizard
|move|p2a: Charizard|Dragon Dance|p2a: Charizard
|-boost|p2a: Charizard|atk|1
|-boost|p2a: Charizard|spe|1
|
|-weather|Sandstorm|[upkeep]
|-damage|p2a: Charizard|279\/297|[from] sandstorm
|-end|p1a: Tyranitar|move: Taunt
|turn|5
|
|move|p2a: Charizard|Dragon Dance|p2a: Charizard
|-boost|p2a: Charizard|atk|1
|-boost|p2a: Charizard|spe|1
|move|p1a: Tyranitar|Stone Edge|p2a: Charizard
|-supereffective|p2a: Charizard
|-damage|p2a: Charizard|0 fnt
|faint|p2a: Charizard
|
|-weather|none
|c|âDelacosta|well, i tried
|
|switch|p2a: Staraptor|Staraptor, F|311\/311
|turn|6
|
|switch|p1a: Clefable|Clefable, M|394\/394
|move|p2a: Staraptor|Close Combat|p1a: Clefable
|-resisted|p1a: Clefable
|-damage|p1a: Clefable|335\/394
|-unboost|p2a: Staraptor|def|1
|-unboost|p2a: Staraptor|spd|1
|
|-heal|p1a: Clefable|359\/394|[from] item: Leftovers
|turn|7
|
|switch|p2a: Espeon|Espeon, M|333\/333
|move|p1a: Clefable|Moonblast|p2a: Espeon
|-damage|p2a: Espeon|224\/333
|
|-heal|p1a: Clefable|383\/394|[from] item: Leftovers
|turn|8
|
|switch|p1a: Politoed|Politoed, F|372\/372
|move|p2a: Espeon|Light Screen|p2a: Espeon
|-sidestart|p2: Delacosta|move: Light Screen
|
|turn|9
|
|switch|p2a: Thundurus|Thundurus, M|281\/299
|switch|p1a: Latias|Latias, F|364\/364
|
|turn|10
|
|detailschange|p1a: Latias|Latias-Mega, F
|-mega|p1a: Latias|Latias|Latiasite
|move|p2a: Thundurus|Dark Pulse|p1a: Latias
|-supereffective|p1a: Latias
|-damage|p1a: Latias|187\/364
|-damage|p2a: Thundurus|252\/299|[from] item: Life Orb
|move|p1a: Latias|Roost|p1a: Latias
|-heal|p1a: Latias|364\/364
|
|turn|11
|
|move|p2a: Thundurus|Taunt|p1a: Latias
|-start|p1a: Latias|move: Taunt
|cant|p1a: Latias|move: Taunt|Roost
|
|turn|12
|
|switch|p1a: Tyranitar|Tyranitar, F|341\/341
|-weather|Sandstorm
|move|p2a: Thundurus|Nasty Plot|p2a: Thundurus
|-boost|p2a: Thundurus|spa|2
|
|-weather|Sandstorm|[upkeep]
|-damage|p2a: Thundurus|234\/299|[from] sandstorm
|turn|13
|
|move|p1a: Tyranitar|Stone Edge|p2a: Thundurus
|-crit|p2a: Thundurus
|-supereffective|p2a: Thundurus
|-damage|p2a: Thundurus|0 fnt
|faint|p2a: Thundurus
|
|-weather|Sandstorm|[upkeep]
|
|switch|p2a: Staraptor|Staraptor, F|311\/311
|turn|14
|
|switch|p1a: Clefable|Clefable, M|383\/394
|move|p2a: Staraptor|U-turn|p1a: Clefable
|-resisted|p1a: Clefable
|-damage|p1a: Clefable|343\/394
|
|switch|p2a: Azumarill|Azumarill, F|404\/404
|
|-weather|Sandstorm|[upkeep]
|-damage|p2a: Azumarill|379\/404|[from] sandstorm
|-heal|p1a: Clefable|367\/394|[from] item: Leftovers
|turn|15
|
|move|p1a: Clefable|Thunder Wave|p2a: Azumarill
|-status|p2a: Azumarill|par
|move|p2a: Azumarill|Belly Drum|p2a: Azumarill
|-damage|p2a: Azumarill|177\/404 par
|-setboost|p2a: Azumarill|atk|6|[from] move: Belly Drum
|-enditem|p2a: Azumarill|Sitrus Berry|[eat]
|-heal|p2a: Azumarill|278\/404 par|[from] item: Sitrus Berry
|
|-weather|Sandstorm|[upkeep]
|-damage|p2a: Azumarill|253\/404 par|[from] sandstorm
|-heal|p1a: Clefable|391\/394|[from] item: Leftovers
|-sideend|p2: Delacosta|move: Light Screen
|turn|16
|
|move|p1a: Clefable|Moonblast|p2a: Azumarill
|-damage|p2a: Azumarill|115\/404 par
|-unboost|p2a: Azumarill|spa|1
|move|p2a: Azumarill|Play Rough|p1a: Clefable
|-damage|p1a: Clefable|0 fnt
|faint|p1a: Clefable
|
|-weather|none
|
|switch|p1a: Chesnaught|Chesnaught, F|379\/379
|turn|17
|
|move|p1a: Chesnaught|Spiky Shield|p1a: Chesnaught
|-singleturn|p1a: Chesnaught|move: Protect
|cant|p2a: Azumarill|par
|
|turn|18
|
|move|p1a: Chesnaught|Substitute|p1a: Chesnaught
|-start|p1a: Chesnaught|Substitute
|-damage|p1a: Chesnaught|285\/379
|move|p2a: Azumarill|Play Rough|p1a: Chesnaught
|-supereffective|p1a: Chesnaught
|-end|p1a: Chesnaught|Substitute
|
|-heal|p1a: Chesnaught|308\/379|[from] item: Leftovers
|turn|19
|
|move|p1a: Chesnaught|Substitute|p1a: Chesnaught
|-start|p1a: Chesnaught|Substitute
|-damage|p1a: Chesnaught|214\/379
|move|p2a: Azumarill|Belly Drum|p2a: Azumarill
|-fail|p2a: Azumarill
|
|-heal|p1a: Chesnaught|237\/379|[from] item: Leftovers
|turn|20
|
|move|p1a: Chesnaught|Leech Seed|p2a: Azumarill
|-start|p2a: Azumarill|move: Leech Seed
|move|p2a: Azumarill|Play Rough|p1a: Chesnaught
|-crit|p1a: Chesnaught
|-supereffective|p1a: Chesnaught
|-end|p1a: Chesnaught|Substitute
|
|-heal|p1a: Chesnaught|260\/379|[from] item: Leftovers
|-damage|p2a: Azumarill|65\/404 par|[from] Leech Seed|[of] p1a: Chesnaught
|-heal|p1a: Chesnaught|310\/379|[silent]
|turn|21
|
|move|p1a: Chesnaught|Spiky Shield|p1a: Chesnaught
|-singleturn|p1a: Chesnaught|move: Protect
|move|p2a: Azumarill|Aqua Jet|p1a: Chesnaught
|-activate|p1a: Chesnaught|move: Protect
|-damage|p2a: Azumarill|15\/404 par|[from] Spiky Shield|[of] p1a: Chesnaught
|
|-heal|p1a: Chesnaught|333\/379|[from] item: Leftovers
|-damage|p2a: Azumarill|0 fnt|[from] Leech Seed|[of] p1a: Chesnaught
|-heal|p1a: Chesnaught|348\/379|[silent]
|faint|p2a: Azumarill
|
|switch|p2a: Espeon|Espeon, M|224\/333
|turn|22
|
|switch|p1a: Tyranitar|Tyranitar, F|341\/341
|-weather|Sandstorm
|move|p2a: Espeon|Reflect|p2a: Espeon
|-sidestart|p2: Delacosta|Reflect
|
|-weather|Sandstorm|[upkeep]
|-damage|p2a: Espeon|204\/333|[from] sandstorm
|turn|23
|
|move|p1a: Tyranitar|Pursuit|p2a: Espeon
|-supereffective|p2a: Espeon
|-damage|p2a: Espeon|101\/333
|move|p2a: Espeon|Calm Mind|p2a: Espeon
|-boost|p2a: Espeon|spa|1
|-boost|p2a: Espeon|spd|1
|
|-weather|Sandstorm|[upkeep]
|-damage|p2a: Espeon|81\/333|[from] sandstorm
|turn|24
|
|move|p1a: Tyranitar|Pursuit|p2a: Espeon
|-supereffective|p2a: Espeon
|-damage|p2a: Espeon|0 fnt
|faint|p2a: Espeon
|
|-weather|Sandstorm|[upkeep]
|
|switch|p2a: Staraptor|Staraptor, F|311\/311
|turn|25
|
|switch|p1a: Politoed|Politoed, F|372\/372
|move|p2a: Staraptor|Brave Bird|p1a: Politoed
|-damage|p1a: Politoed|41\/372
|-damage|p2a: Staraptor|202\/311|[from] recoil|[of] p1a: Politoed
|
|-weather|Sandstorm|[upkeep]
|-damage|p2a: Staraptor|183\/311|[from] sandstorm
|-damage|p1a: Politoed|18\/372|[from] sandstorm
|-heal|p1a: Politoed|41\/372|[from] item: Leftovers
|turn|26
|
|move|p2a: Staraptor|Brave Bird|p1a: Politoed
|-damage|p1a: Politoed|0 fnt
|-damage|p2a: Staraptor|169\/311|[from] recoil|[of] p1a: Politoed
|faint|p1a: Politoed
|
|-weather|none
|
|switch|p1a: Tyranitar|Tyranitar, F|341\/341
|-weather|Sandstorm
|turn|27
|c|âDelacosta|gg
|c|âJTewi|gg
|
|move|p2a: Staraptor|Brave Bird|p1a: Tyranitar
|-resisted|p1a: Tyranitar
|-damage|p1a: Tyranitar|201\/341
|-damage|p2a: Staraptor|123\/311|[from] recoil|[of] p1a: Tyranitar
|move|p1a: Tyranitar|Ice Beam|p2a: Staraptor
|-supereffective|p2a: Staraptor
|-damage|p2a: Staraptor|0 fnt
|faint|p2a: Staraptor
|
|win|JTewi
|raw|Ladder updating...
|raw|JTewi's rating: 1361 &rarr; <strong>1381<\/strong><br \/>(+20 for winning)
|raw|Delacosta's rating: 1360 &rarr; <strong>1340<\/strong><br \/>(-20 for losing)