|join|Solinvictus 23
|join|JTewi
|player|p1|Solinvictus 23|76
|player|p2|JTewi|101
|gametype|singles
|gen|6
|tier|OU
|rated
|clearpoke
|poke|p1|Sableye, F
|poke|p1|Heatran, F
|poke|p1|Ferrothorn, M
|poke|p1|Azumarill, F
|poke|p1|Landorus-Therian, M
|poke|p1|Bisharp, M
|poke|p2|Tyranitar, F
|poke|p2|Clefable, F
|poke|p2|Heatran, M
|poke|p2|Latias, F
|poke|p2|Politoed, F
|poke|p2|Chesnaught, M
|rule|Swagger Clause: Swagger is banned
|rule|Baton Pass Clause: Limit one PokÃ©mon knowing Baton Pass
|rule|Sleep Clause Mod: Limit one foe put to sleep
|rule|Species Clause: Limit one of each PokÃ©mon
|rule|OHKO Clause: OHKO moves are banned
|rule|Moody Clause: Moody is banned
|rule|Evasion Moves Clause: Evasion moves are banned
|rule|Endless Battle Clause: Forcing endless battles is banned
|rule|HP Percentage Mod: HP is shown in percentages
|teampreview
|
|start
|switch|p1a: Sableye|Sableye, F|304\/304
|switch|p2a: Latias|Latias, F|364\/364
|turn|1
|
|switch|p2a: Politoed|Politoed, F|372\/372
|detailschange|p1a: Sableye|Sableye-Mega, F
|-mega|p1a: Sableye|Sableye|Sablenite
|move|p1a: Sableye|Calm Mind|p1a: Sableye
|-boost|p1a: Sableye|spa|1
|-boost|p1a: Sableye|spd|1
|
|turn|2
|
|move|p2a: Politoed|Whirlpool|p1a: Sableye
|-damage|p1a: Sableye|283\/304
|-activate|p1a: Sableye|move: Whirlpool|[of] p2a: Politoed
|move|p1a: Sableye|Calm Mind|p1a: Sableye
|-boost|p1a: Sableye|spa|1
|-boost|p1a: Sableye|spd|1
|
|-damage|p1a: Sableye|245\/304|[from] move: Whirlpool|[partiallytrapped]
|turn|3
|
|move|p2a: Politoed|Perish Song|p2a: Politoed
|-fieldactivate|move: Perish Song
|move|p1a: Sableye|Calm Mind|p1a: Sableye
|-boost|p1a: Sableye|spa|1
|-boost|p1a: Sableye|spd|1
|
|-start|p2a: Politoed|perish3
|-start|p1a: Sableye|perish3
|-damage|p1a: Sableye|207\/304|[from] move: Whirlpool|[partiallytrapped]
|turn|4
|
|move|p2a: Politoed|Scald|p1a: Sableye
|-damage|p1a: Sableye|174\/304
|move|p1a: Sableye|Shadow Ball|p2a: Politoed
|-damage|p2a: Politoed|227\/372
|
|-start|p2a: Politoed|perish2
|-start|p1a: Sableye|perish2
|-heal|p2a: Politoed|250\/372|[from] item: Leftovers
|-damage|p1a: Sableye|136\/304|[from] move: Whirlpool|[partiallytrapped]
|turn|5
|
|move|p2a: Politoed|Scald|p1a: Sableye
|-damage|p1a: Sableye|106\/304
|move|p1a: Sableye|Recover|p1a: Sableye
|-heal|p1a: Sableye|258\/304
|
|-start|p2a: Politoed|perish1
|-start|p1a: Sableye|perish1
|-heal|p2a: Politoed|273\/372|[from] item: Leftovers
|-damage|p1a: Sableye|220\/304|[from] move: Whirlpool|[partiallytrapped]
|turn|6
|
|switch|p2a: Chesnaught|Chesnaught, M|379\/379
|switch|p1a: Ferrothorn|Ferrothorn, M|352\/352
|
|turn|7
|
|switch|p2a: Heatran|Heatran, M|386\/386
|move|p1a: Ferrothorn|Spikes|p2a: Heatran
|-sidestart|p2: JTewi|Spikes
|
|turn|8
|
|switch|p1a: Sableye|Sableye-Mega, F|220\/304
|move|p2a: Heatran|Lava Plume|p1a: Sableye
|-damage|p1a: Sableye|118\/304
|
|turn|9
|
|switch|p1a: Heatran|Heatran, F|386\/386
|move|p2a: Heatran|Lava Plume|p1a: Heatran
|-start|p1a: Heatran|ability: Flash Fire
|
|turn|10
|
|move|p1a: Heatran|Stealth Rock|p2a: Heatran
|-sidestart|p2: JTewi|move: Stealth Rock
|move|p2a: Heatran|Stealth Rock|p1a: Heatran
|-sidestart|p1: Solinvictus 23|move: Stealth Rock
|
|turn|11
|
|move|p1a: Heatran|Roar|p2a: Heatran
|drag|p2a: Latias|Latias, F|364\/364
|-damage|p2a: Latias|319\/364|[from] Stealth Rock
|
|turn|12
|
|switch|p1a: Bisharp|Bisharp, M|272\/272
|-damage|p1a: Bisharp|255\/272|[from] Stealth Rock
|detailschange|p2a: Latias|Latias-Mega, F
|-mega|p2a: Latias|Latias|Latiasite
|move|p2a: Latias|Earthquake|p1a: Bisharp
|-supereffective|p1a: Bisharp
|-damage|p1a: Bisharp|87\/272
|
|turn|13
|
|move|p1a: Bisharp|Sucker Punch|p2a: Latias
|-supereffective|p2a: Latias
|-damage|p2a: Latias|65\/364
|move|p2a: Latias|Earthquake|p1a: Bisharp
|-supereffective|p1a: Bisharp
|-damage|p1a: Bisharp|0 fnt
|faint|p1a: Bisharp
|
|
|switch|p1a: Landorus-Therian|Landorus-Therian, M|320\/320
|-damage|p1a: Landorus-Therian|280\/320|[from] Stealth Rock
|-ability|p1a: Landorus-Therian|Intimidate|[of] p2a: Latias
|-unboost|p2a: Latias|atk|1
|turn|14
|
|switch|p2a: Clefable|Clefable, F|394\/394
|move|p1a: Landorus-Therian|U-turn|p2a: Clefable
|-resisted|p2a: Clefable
|-damage|p2a: Clefable|347\/394
|
|switch|p1a: Heatran|Heatran, F|386\/386
|-damage|p1a: Heatran|338\/386|[from] Stealth Rock
|
|-heal|p1a: Heatran|362\/386|[from] item: Leftovers
|-heal|p2a: Clefable|371\/394|[from] item: Leftovers
|turn|15
|
|move|p1a: Heatran|Lava Plume|p2a: Clefable
|-damage|p2a: Clefable|260\/394
|move|p2a: Clefable|Thunder Wave|p1a: Heatran
|-status|p1a: Heatran|par
|
|-heal|p2a: Clefable|284\/394|[from] item: Leftovers
|-heal|p1a: Heatran|386\/386 par|[from] item: Leftovers
|turn|16
|
|switch|p2a: Politoed|Politoed, F|273\/372
|-damage|p2a: Politoed|227\/372|[from] Stealth Rock
|-damage|p2a: Politoed|181\/372|[from] Spikes
|move|p1a: Heatran|Lava Plume|p2a: Politoed
|-resisted|p2a: Politoed
|-damage|p2a: Politoed|136\/372
|-status|p2a: Politoed|brn
|
|-heal|p2a: Politoed|159\/372 brn|[from] item: Leftovers
|-damage|p2a: Politoed|113\/372 brn|[from] brn
|turn|17
|
|switch|p1a: Ferrothorn|Ferrothorn, M|352\/352
|-damage|p1a: Ferrothorn|330\/352|[from] Stealth Rock
|move|p2a: Politoed|Rest|p2a: Politoed
|-status|p2a: Politoed|slp
|-heal|p2a: Politoed|372\/372 slp|[silent]
|-status|p2a: Politoed|slp|[from] move: Rest
|
|-heal|p1a: Ferrothorn|352\/352|[from] item: Leftovers
|turn|18
|
|switch|p2a: Latias|Latias-Mega, F|65\/364
|-damage|p2a: Latias|20\/364|[from] Stealth Rock
|move|p1a: Ferrothorn|Spikes|p2a: Latias
|-sidestart|p2: JTewi|Spikes
|
|turn|19
|
|move|p2a: Latias|Roost|p2a: Latias
|-heal|p2a: Latias|202\/364
|move|p1a: Ferrothorn|Leech Seed|p2a: Latias
|-start|p2a: Latias|move: Leech Seed
|
|-damage|p2a: Latias|157\/364|[from] Leech Seed|[of] p1a: Ferrothorn
|turn|20
|
|move|p2a: Latias|Defog|p1a: Ferrothorn
|-unboost|p1a: Ferrothorn|evasion|1
|-sideend|p1: Solinvictus 23|Stealth Rock|[from] move: Defog|[of] p1a: Ferrothorn
|-sideend|p2: JTewi|Spikes|[from] move: Defog|[of] p2a: Latias
|-sideend|p2: JTewi|Stealth Rock|[from] move: Defog|[of] p2a: Latias
|move|p1a: Ferrothorn|Gyro Ball|p2a: Latias
|-damage|p2a: Latias|60\/364
|
|-damage|p2a: Latias|15\/364|[from] Leech Seed|[of] p1a: Ferrothorn
|turn|21
|
|move|p2a: Latias|Roost|p2a: Latias
|-heal|p2a: Latias|197\/364
|move|p1a: Ferrothorn|Spikes|p2a: Latias
|-sidestart|p2: JTewi|Spikes
|
|-damage|p2a: Latias|152\/364|[from] Leech Seed|[of] p1a: Ferrothorn
|turn|22
|
|switch|p1a: Azumarill|Azumarill, F|364\/364
|move|p2a: Latias|Roost|p2a: Latias
|-heal|p2a: Latias|334\/364
|
|-damage|p2a: Latias|289\/364|[from] Leech Seed|[of] p1a: Azumarill
|turn|23
|
|move|p2a: Latias|Psyshock|p1a: Azumarill
|-damage|p1a: Azumarill|219\/364
|move|p1a: Azumarill|Belly Drum|p1a: Azumarill
|-damage|p1a: Azumarill|37\/364
|-setboost|p1a: Azumarill|atk|6|[from] move: Belly Drum
|-enditem|p1a: Azumarill|Sitrus Berry|[eat]
|-heal|p1a: Azumarill|128\/364|[from] item: Sitrus Berry
|
|-damage|p2a: Latias|244\/364|[from] Leech Seed|[of] p1a: Azumarill
|-heal|p1a: Azumarill|173\/364|[silent]
|turn|24
|
|switch|p2a: Tyranitar|Tyranitar, F|341\/341
|-damage|p2a: Tyranitar|299\/341|[from] Spikes
|-weather|Sandstorm
|move|p1a: Azumarill|Aqua Jet|p2a: Tyranitar
|-supereffective|p2a: Tyranitar
|-damage|p2a: Tyranitar|0 fnt
|faint|p2a: Tyranitar
|
|-weather|Sandstorm|[upkeep]
|-damage|p1a: Azumarill|151\/364|[from] sandstorm
|
|switch|p2a: Latias|Latias-Mega, F|244\/364
|turn|25
|
|move|p1a: Azumarill|Aqua Jet|p2a: Latias
|-resisted|p2a: Latias
|-damage|p2a: Latias|143\/364
|move|p2a: Latias|Psyshock|p1a: Azumarill
|-crit|p1a: Azumarill
|-damage|p1a: Azumarill|0 fnt
|faint|p1a: Azumarill
|
|-weather|Sandstorm|[upkeep]
|-damage|p2a: Latias|121\/364|[from] sandstorm
|
|switch|p1a: Landorus-Therian|Landorus-Therian, M|280\/320
|-ability|p1a: Landorus-Therian|Intimidate|[of] p2a: Latias
|-unboost|p2a: Latias|atk|1
|turn|26
|
|move|p1a: Landorus-Therian|Knock Off|p2a: Latias
|-supereffective|p2a: Latias
|-damage|p2a: Latias|3\/364
|move|p2a: Latias|Roost|p2a: Latias
|-heal|p2a: Latias|185\/364
|
|-weather|Sandstorm|[upkeep]
|-damage|p2a: Latias|163\/364|[from] sandstorm
|turn|27
|
|switch|p1a: Ferrothorn|Ferrothorn, M|352\/352
|move|p2a: Latias|Roost|p2a: Latias
|-heal|p2a: Latias|345\/364
|
|-weather|Sandstorm|[upkeep]
|-damage|p2a: Latias|323\/364|[from] sandstorm
|turn|28
|
|switch|p2a: Chesnaught|Chesnaught, M|379\/379
|-damage|p2a: Chesnaught|332\/379|[from] Spikes
|move|p1a: Ferrothorn|Spikes|p2a: Chesnaught
|-sidestart|p2: JTewi|Spikes
|
|-weather|none
|-heal|p2a: Chesnaught|355\/379|[from] item: Leftovers
|turn|29
|
|switch|p2a: Latias|Latias-Mega, F|323\/364
|move|p1a: Ferrothorn|Spikes|p2a: Latias
|-sidestart|p2: JTewi|Spikes
|
|turn|30
|
|move|p2a: Latias|Defog|p1a: Ferrothorn
|-unboost|p1a: Ferrothorn|evasion|1
|-sideend|p2: JTewi|Spikes|[from] move: Defog|[of] p2a: Latias
|move|p1a: Ferrothorn|Leech Seed|p2a: Latias
|-start|p2a: Latias|move: Leech Seed
|
|-damage|p2a: Latias|278\/364|[from] Leech Seed|[of] p1a: Ferrothorn
|turn|31
|
|switch|p2a: Clefable|Clefable, F|284\/394
|switch|p1a: Sableye|Sableye-Mega, F|118\/304
|
|-heal|p2a: Clefable|308\/394|[from] item: Leftovers
|turn|32
|
|switch|p1a: Heatran|Heatran, F|386\/386 par
|move|p2a: Clefable|Heal Bell|p2a: Clefable
|-cureteam|p2a: Clefable|[from] move: HealBell
|
|-heal|p2a: Clefable|332\/394|[from] item: Leftovers
|turn|33
|
|switch|p2a: Politoed|Politoed, F|372\/372
|move|p1a: Heatran|Stealth Rock|p2a: Politoed
|-sidestart|p2: JTewi|move: Stealth Rock
|
|turn|34
|
|switch|p1a: Ferrothorn|Ferrothorn, M|352\/352
|move|p2a: Politoed|Whirlpool|p1a: Ferrothorn
|-resisted|p1a: Ferrothorn
|-damage|p1a: Ferrothorn|339\/352
|-activate|p1a: Ferrothorn|move: Whirlpool|[of] p2a: Politoed
|
|-heal|p1a: Ferrothorn|352\/352|[from] item: Leftovers
|-damage|p1a: Ferrothorn|308\/352|[from] move: Whirlpool|[partiallytrapped]
|turn|35
|
|move|p2a: Politoed|Perish Song|p2a: Politoed
|-fieldactivate|move: Perish Song
|move|p1a: Ferrothorn|Leech Seed|p2a: Politoed|[miss]
|-miss|p1a: Ferrothorn|p2a: Politoed
|
|-start|p2a: Politoed|perish3
|-start|p1a: Ferrothorn|perish3
|-heal|p1a: Ferrothorn|330\/352|[from] item: Leftovers
|-damage|p1a: Ferrothorn|286\/352|[from] move: Whirlpool|[partiallytrapped]
|turn|36
|
|move|p2a: Politoed|Scald|p1a: Ferrothorn
|-resisted|p1a: Ferrothorn
|-damage|p1a: Ferrothorn|256\/352
|move|p1a: Ferrothorn|Leech Seed|p2a: Politoed
|-start|p2a: Politoed|move: Leech Seed
|
|-start|p2a: Politoed|perish2
|-start|p1a: Ferrothorn|perish2
|-heal|p1a: Ferrothorn|278\/352|[from] item: Leftovers
|-damage|p2a: Politoed|326\/372|[from] Leech Seed|[of] p1a: Ferrothorn
|-heal|p1a: Ferrothorn|324\/352|[silent]
|-damage|p1a: Ferrothorn|280\/352|[from] move: Whirlpool|[partiallytrapped]
|turn|37
|
|move|p2a: Politoed|Scald|p1a: Ferrothorn
|-resisted|p1a: Ferrothorn
|-damage|p1a: Ferrothorn|252\/352
|move|p1a: Ferrothorn|Spikes|p2a: Politoed
|-sidestart|p2: JTewi|Spikes
|
|-start|p2a: Politoed|perish1
|-start|p1a: Ferrothorn|perish1
|-heal|p2a: Politoed|349\/372|[from] item: Leftovers
|-heal|p1a: Ferrothorn|274\/352|[from] item: Leftovers
|-damage|p2a: Politoed|303\/372|[from] Leech Seed|[of] p1a: Ferrothorn
|-heal|p1a: Ferrothorn|320\/352|[silent]
|-damage|p1a: Ferrothorn|276\/352|[from] move: Whirlpool|[partiallytrapped]
|turn|38
|
|switch|p2a: Latias|Latias-Mega, F|278\/364
|-damage|p2a: Latias|233\/364|[from] Stealth Rock
|move|p1a: Ferrothorn|Protect|p1a: Ferrothorn
|-fail|p1a: Ferrothorn
|
|-start|p1a: Ferrothorn|perish0
|faint|p1a: Ferrothorn
|
|switch|p1a: Sableye|Sableye-Mega, F|118\/304
|turn|39
|
|move|p2a: Latias|Defog|p1a: Sableye
|move|p1a: Sableye|Defog|p2a: Latias|[from]Magic Bounce
|-unboost|p2a: Latias|evasion|1
|-sideend|p2: JTewi|Spikes|[from] move: Defog|[of] p2a: Latias
|-sideend|p2: JTewi|Stealth Rock|[from] move: Defog|[of] p2a: Latias
|move|p1a: Sableye|Recover|p1a: Sableye
|-heal|p1a: Sableye|270\/304
|
|turn|40
|
|switch|p2a: Politoed|Politoed, F|303\/372
|move|p1a: Sableye|Calm Mind|p1a: Sableye
|-boost|p1a: Sableye|spa|1
|-boost|p1a: Sableye|spd|1
|
|-heal|p2a: Politoed|326\/372|[from] item: Leftovers
|turn|41
|
|move|p2a: Politoed|Perish Song|p2a: Politoed
|-fieldactivate|move: Perish Song
|move|p1a: Sableye|Calm Mind|p1a: Sableye
|-boost|p1a: Sableye|spa|1
|-boost|p1a: Sableye|spd|1
|
|-start|p2a: Politoed|perish3
|-start|p1a: Sableye|perish3
|-heal|p2a: Politoed|349\/372|[from] item: Leftovers
|turn|42
|
|move|p2a: Politoed|Whirlpool|p1a: Sableye
|-damage|p1a: Sableye|254\/304
|-activate|p1a: Sableye|move: Whirlpool|[of] p2a: Politoed
|move|p1a: Sableye|Shadow Ball|p2a: Politoed
|-damage|p2a: Politoed|231\/372
|
|-start|p2a: Politoed|perish2
|-start|p1a: Sableye|perish2
|-heal|p2a: Politoed|254\/372|[from] item: Leftovers
|-damage|p1a: Sableye|216\/304|[from] move: Whirlpool|[partiallytrapped]
|turn|43
|
|move|p2a: Politoed|Scald|p1a: Sableye
|-damage|p1a: Sableye|177\/304
|move|p1a: Sableye|Shadow Ball|p2a: Politoed
|-damage|p2a: Politoed|145\/372
|
|-start|p2a: Politoed|perish1
|-start|p1a: Sableye|perish1
|-heal|p2a: Politoed|168\/372|[from] item: Leftovers
|-damage|p1a: Sableye|139\/304|[from] move: Whirlpool|[partiallytrapped]
|turn|44
|
|switch|p2a: Chesnaught|Chesnaught, M|355\/379
|switch|p1a: Landorus-Therian|Landorus-Therian, M|280\/320
|-ability|p1a: Landorus-Therian|Intimidate|[of] p2a: Chesnaught
|-unboost|p2a: Chesnaught|atk|1
|
|-heal|p2a: Chesnaught|378\/379|[from] item: Leftovers
|turn|45
|
|move|p1a: Landorus-Therian|Knock Off|p2a: Chesnaught
|-resisted|p2a: Chesnaught
|-damage|p2a: Chesnaught|334\/379
|-enditem|p2a: Chesnaught|Leftovers|[from] move: Knock Off|[of] p1a: Landorus-Therian
|move|p2a: Chesnaught|Leech Seed|p1a: Landorus-Therian
|-start|p1a: Landorus-Therian|move: Leech Seed
|
|-damage|p1a: Landorus-Therian|240\/320|[from] Leech Seed|[of] p2a: Chesnaught
|-heal|p2a: Chesnaught|374\/379|[silent]
|turn|46
|
|switch|p1a: Heatran|Heatran, F|386\/386 par
|switch|p2a: Politoed|Politoed, F|168\/372
|
|-heal|p2a: Politoed|191\/372|[from] item: Leftovers
|turn|47
|c|âSolinvictus 23|perish song with wirhpool is good
|
|move|p2a: Politoed|Whirlpool|p1a: Heatran
|-supereffective|p1a: Heatran
|-damage|p1a: Heatran|332\/386 par
|-activate|p1a: Heatran|move: Whirlpool|[of] p2a: Politoed
|move|p1a: Heatran|Toxic|p2a: Politoed
|-status|p2a: Politoed|tox
|
|-heal|p2a: Politoed|214\/372 tox|[from] item: Leftovers
|-heal|p1a: Heatran|356\/386 par|[from] item: Leftovers
|-damage|p2a: Politoed|191\/372 tox|[from] psn
|-damage|p1a: Heatran|308\/386 par|[from] move: Whirlpool|[partiallytrapped]
|turn|48
|c|âSolinvictus 23|is that garanted?
|c|âJTewi|yep but with leftovers sometimes the people escape
|c|âSolinvictus 23|how?
|c|âJTewi|with the claw item that gives always 5 turns trapped its secured kill
|c|âJTewi|but i need lefties, politoed is not that bulky
|c|âSolinvictus 23|and so you have 4 or 5 turnsÂ§
|c|âSolinvictus 23|?
|c|âJTewi|yes
|
|move|p2a: Politoed|Perish Song|p2a: Politoed
|-fieldactivate|move: Perish Song
|move|p1a: Heatran|Roar|p2a: Politoed
|drag|p2a: Heatran|Heatran, M|386\/386
|
|-start|p1a: Heatran|perish3
|-heal|p1a: Heatran|332\/386 par|[from] item: Leftovers
|-end|p1a: Heatran|Whirlpool|[partiallytrapped]
|turn|49
|c|âSolinvictus 23|and 4 is not enough?
|c|âJTewi|is nice against calm minders like slowbro or sable
|c|âJTewi|sableye is ghost type, cant be trapped
|
|move|p2a: Heatran|Lava Plume|p1a: Heatran
|-start|p1a: Heatran|ability: Flash Fire
|move|p1a: Heatran|Stealth Rock|p2a: Heatran
|-sidestart|p2: JTewi|move: Stealth Rock
|
|-start|p1a: Heatran|perish2
|-heal|p1a: Heatran|356\/386 par|[from] item: Leftovers
|turn|50
|c|âSolinvictus 23|yes i saw it
|
|move|p2a: Heatran|Lava Plume|p1a: Heatran
|-immune|p1a: Heatran|[msg]
|move|p1a: Heatran|Roar|p2a: Heatran
|drag|p2a: Politoed|Politoed, F|191\/372 tox
|-damage|p2a: Politoed|145\/372 tox|[from] Stealth Rock
|
|-start|p1a: Heatran|perish1
|-heal|p2a: Politoed|168\/372 tox|[from] item: Leftovers
|-heal|p1a: Heatran|380\/386 par|[from] item: Leftovers
|-damage|p2a: Politoed|145\/372 tox|[from] psn
|turn|51
|c|âSolinvictus 23|but 4 turns is enough no?
|
|switch|p1a: Sableye|Sableye-Mega, F|139\/304
|move|p2a: Politoed|Scald|p1a: Sableye
|-damage|p1a: Sableye|67\/304
|-status|p1a: Sableye|brn
|
|-heal|p2a: Politoed|168\/372 tox|[from] item: Leftovers
|-damage|p2a: Politoed|122\/372 tox|[from] psn
|-damage|p1a: Sableye|29\/304 brn|[from] brn
|turn|52
|c|âJTewi|yes
|c|âJTewi|but if you delay 1 turn the whirpool
|c|âJTewi|they can escape
|c|âJTewi|so you must be so predictable
|c|âJTewi|this is why the item secure better the klls
|c|âSolinvictus 23|?
|c|âSolinvictus 23|delay?
|c|âJTewi|mmm my english sucks sorry
|c|âSolinvictus 23|so you have to do whirpool and just next perish?
|c|âJTewi|if you dont use whirpool as a second move
|c|âJTewi|they can escape the last turn
|-message|Solinvictus 23 lost due to inactivity.
|
|win|JTewi
|raw|Ladder updating...
|raw|Solinvictus 23's rating: 1373 &rarr; <strong>1353<\/strong><br \/>(-20 for losing)
|raw|JTewi's rating: 1383 &rarr; <strong>1402<\/strong><br \/>(+19 for winning)
|c|âSolinvictus 23|no your english is good
|c|âSolinvictus 23|i'm french
|c|âJTewi|it would be good if i can explain correctly
|c|âJTewi|x.x
|c|âJTewi|i am spanish (yep the bad people to the videogames haha)
|c|âSolinvictus 23|you use whirpool in one no?
|c|âJTewi|well gg
|c|âJTewi|yes
|c|âSolinvictus 23|ok thx
|c|âSolinvictus 23|gg