|join|JTewi
|join|SliferX 9.0
|player|p1|JTewi|265
|player|p2|SliferX 9.0|247
|gametype|singles
|gen|6
|tier|OU
|rated
|clearpoke
|poke|p1|Tyranitar, F
|poke|p1|Clefable, F
|poke|p1|Heatran, M
|poke|p1|Latias, F
|poke|p1|Politoed, F
|poke|p1|Chesnaught, F
|poke|p2|Mamoswine, M
|poke|p2|Conkeldurr, F
|poke|p2|Charizard, M, shiny
|poke|p2|Rotom-Wash
|poke|p2|Zapdos
|poke|p2|Blissey, F
|rule|Swagger Clause: Swagger is banned
|rule|Baton Pass Clause: Limit one PokÃ©mon knowing Baton Pass
|rule|Sleep Clause Mod: Limit one foe put to sleep
|rule|Species Clause: Limit one of each PokÃ©mon
|rule|OHKO Clause: OHKO moves are banned
|rule|Moody Clause: Moody is banned
|rule|Evasion Moves Clause: Evasion moves are banned
|rule|Endless Battle Clause: Forcing endless battles is banned
|rule|HP Percentage Mod: HP is shown in percentages
|teampreview
|
|start
|switch|p1a: Chesnaught|Chesnaught, F|379\/379
|switch|p2a: Laundry Day|Rotom-Wash|304\/304
|turn|1
|
|switch|p1a: Clefable|Clefable, F|394\/394
|move|p2a: Laundry Day|Volt Switch|p1a: Clefable
|-damage|p1a: Clefable|307\/394
|
|switch|p2a: Tardzard|Charizard, M, shiny|297\/297
|
|-heal|p1a: Clefable|331\/394|[from] item: Leftovers
|turn|2
|
|move|p2a: Tardzard|Dragon Dance|p2a: Tardzard
|-boost|p2a: Tardzard|atk|1
|-boost|p2a: Tardzard|spe|1
|move|p1a: Clefable|Thunder Wave|p2a: Tardzard
|-status|p2a: Tardzard|par
|
|-heal|p1a: Clefable|355\/394|[from] item: Leftovers
|turn|3
|
|switch|p1a: Chesnaught|Chesnaught, F|379\/379
|detailschange|p2a: Tardzard|Charizard-Mega-X, M, shiny
|-mega|p2a: Tardzard|Charizard|Charizardite X
|cant|p2a: Tardzard|par
|
|turn|4
|
|switch|p1a: Tyranitar|Tyranitar, F|341\/341
|-weather|Sandstorm
|move|p2a: Tardzard|Flare Blitz|p1a: Tyranitar
|-resisted|p1a: Tyranitar
|-damage|p1a: Tyranitar|84\/341
|-damage|p2a: Tardzard|212\/297 par|[from] recoil|[of] p1a: Tyranitar
|
|-weather|Sandstorm|[upkeep]
|-damage|p2a: Tardzard|194\/297 par|[from] sandstorm
|turn|5
|
|move|p1a: Tyranitar|Earthquake|p2a: Tardzard
|-crit|p2a: Tardzard
|-supereffective|p2a: Tardzard
|-damage|p2a: Tardzard|0 fnt
|faint|p2a: Tardzard
|
|-weather|Sandstorm|[upkeep]
|
|switch|p2a: Hurr Durr|Conkeldurr, F|413\/413
|turn|6
|
|switch|p1a: Chesnaught|Chesnaught, F|379\/379
|move|p2a: Hurr Durr|Mach Punch|p1a: Chesnaught
|-damage|p1a: Chesnaught|319\/379
|
|-weather|Sandstorm|[upkeep]
|-damage|p1a: Chesnaught|296\/379|[from] sandstorm
|-damage|p2a: Hurr Durr|388\/413|[from] sandstorm
|-heal|p1a: Chesnaught|319\/379|[from] item: Leftovers
|turn|7
|
|move|p1a: Chesnaught|Substitute|p1a: Chesnaught
|-start|p1a: Chesnaught|Substitute
|-damage|p1a: Chesnaught|225\/379
|move|p2a: Hurr Durr|Ice Punch|p1a: Chesnaught
|-supereffective|p1a: Chesnaught
|-end|p1a: Chesnaught|Substitute
|
|-weather|Sandstorm|[upkeep]
|-damage|p1a: Chesnaught|202\/379|[from] sandstorm
|-damage|p2a: Hurr Durr|363\/413|[from] sandstorm
|-heal|p1a: Chesnaught|225\/379|[from] item: Leftovers
|turn|8
|
|move|p1a: Chesnaught|Spiky Shield|p1a: Chesnaught
|-singleturn|p1a: Chesnaught|move: Protect
|move|p2a: Hurr Durr|Ice Punch|p1a: Chesnaught
|-activate|p1a: Chesnaught|move: Protect
|-damage|p2a: Hurr Durr|312\/413|[from] Spiky Shield|[of] p1a: Chesnaught
|
|-weather|none
|-heal|p1a: Chesnaught|248\/379|[from] item: Leftovers
|turn|9
|
|switch|p1a: Clefable|Clefable, F|355\/394
|move|p2a: Hurr Durr|Knock Off|p1a: Clefable
|-resisted|p1a: Clefable
|-damage|p1a: Clefable|289\/394
|-enditem|p1a: Clefable|Leftovers|[from] move: Knock Off|[of] p2a: Hurr Durr
|
|turn|10
|
|move|p1a: Clefable|Moonblast|p2a: Hurr Durr
|-supereffective|p2a: Hurr Durr
|-damage|p2a: Hurr Durr|96\/413
|move|p2a: Hurr Durr|Ice Punch|p1a: Clefable
|-damage|p1a: Clefable|183\/394
|
|turn|11
|
|switch|p2a: Powerful|Blissey, F|714\/714
|move|p1a: Clefable|Soft-Boiled|p1a: Clefable
|-heal|p1a: Clefable|380\/394
|
|turn|12
|
|switch|p1a: Politoed|Politoed, F|372\/372
|move|p2a: Powerful|Seismic Toss|p1a: Politoed
|-damage|p1a: Politoed|272\/372
|
|-heal|p1a: Politoed|295\/372|[from] item: Leftovers
|turn|13
|
|move|p1a: Politoed|Whirlpool|p2a: Powerful
|-damage|p2a: Powerful|683\/714
|-activate|p2a: Powerful|move: Whirlpool|[of] p1a: Politoed
|move|p2a: Powerful|Seismic Toss|p1a: Politoed
|-damage|p1a: Politoed|195\/372
|
|-heal|p1a: Politoed|218\/372|[from] item: Leftovers
|-heal|p2a: Powerful|714\/714|[from] item: Leftovers
|-damage|p2a: Powerful|625\/714|[from] move: Whirlpool|[partiallytrapped]
|turn|14
|
|move|p1a: Politoed|Perish Song|p1a: Politoed
|-fieldactivate|move: Perish Song
|move|p2a: Powerful|Seismic Toss|p1a: Politoed
|-damage|p1a: Politoed|118\/372
|
|-start|p1a: Politoed|perish3
|-start|p2a: Powerful|perish3
|-heal|p1a: Politoed|141\/372|[from] item: Leftovers
|-heal|p2a: Powerful|669\/714|[from] item: Leftovers
|-damage|p2a: Powerful|580\/714|[from] move: Whirlpool|[partiallytrapped]
|turn|15
|
|move|p1a: Politoed|Scald|p2a: Powerful
|-damage|p2a: Powerful|514\/714
|move|p2a: Powerful|Seismic Toss|p1a: Politoed
|-damage|p1a: Politoed|41\/372
|
|-start|p1a: Politoed|perish2
|-start|p2a: Powerful|perish2
|-heal|p1a: Politoed|64\/372|[from] item: Leftovers
|-heal|p2a: Powerful|558\/714|[from] item: Leftovers
|-damage|p2a: Powerful|469\/714|[from] move: Whirlpool|[partiallytrapped]
|turn|16
|
|move|p1a: Politoed|Rest|p1a: Politoed
|-status|p1a: Politoed|slp
|-heal|p1a: Politoed|372\/372 slp|[silent]
|-status|p1a: Politoed|slp|[from] move: Rest
|move|p2a: Powerful|Seismic Toss|p1a: Politoed
|-damage|p1a: Politoed|272\/372 slp
|
|-start|p1a: Politoed|perish1
|-start|p2a: Powerful|perish1
|-heal|p1a: Politoed|295\/372 slp|[from] item: Leftovers
|-heal|p2a: Powerful|513\/714|[from] item: Leftovers
|-damage|p2a: Powerful|424\/714|[from] move: Whirlpool|[partiallytrapped]
|turn|17
|
|switch|p1a: Chesnaught|Chesnaught, F|248\/379
|move|p2a: Powerful|Wish|p2a: Powerful
|
|-start|p2a: Powerful|perish0
|-heal|p1a: Chesnaught|271\/379|[from] item: Leftovers
|faint|p2a: Powerful
|
|switch|p2a: Hurr Durr|Conkeldurr, F|96\/413
|turn|18
|
|move|p1a: Chesnaught|Drain Punch|p2a: Hurr Durr
|-damage|p2a: Hurr Durr|0 fnt
|-heal|p1a: Chesnaught|319\/379|[from] drain|[of] p2a: Hurr Durr
|faint|p2a: Hurr Durr
|
|-heal|p1a: Chesnaught|342\/379|[from] item: Leftovers
|
|switch|p2a: Dragon Check|Mamoswine, M|423\/423
|turn|19
|
|move|p1a: Chesnaught|Drain Punch|p2a: Dragon Check
|-crit|p2a: Dragon Check
|-supereffective|p2a: Dragon Check
|-damage|p2a: Dragon Check|97\/423
|-heal|p1a: Chesnaught|379\/379|[from] drain|[of] p2a: Dragon Check
|move|p2a: Dragon Check|Icicle Crash|p1a: Chesnaught
|-supereffective|p1a: Chesnaught
|-damage|p1a: Chesnaught|137\/379
|
|-heal|p1a: Chesnaught|160\/379|[from] item: Leftovers
|turn|20
|
|move|p1a: Chesnaught|Spiky Shield|p1a: Chesnaught
|-singleturn|p1a: Chesnaught|move: Protect
|move|p2a: Dragon Check|Ice Shard|p1a: Chesnaught
|-activate|p1a: Chesnaught|move: Protect
|
|-heal|p1a: Chesnaught|183\/379|[from] item: Leftovers
|turn|21
|
|move|p2a: Dragon Check|Ice Shard|p1a: Chesnaught
|-supereffective|p1a: Chesnaught
|-damage|p1a: Chesnaught|67\/379
|move|p1a: Chesnaught|Drain Punch|p2a: Dragon Check
|-supereffective|p2a: Dragon Check
|-damage|p2a: Dragon Check|0 fnt
|-heal|p1a: Chesnaught|116\/379|[from] drain|[of] p2a: Dragon Check
|faint|p2a: Dragon Check
|
|-heal|p1a: Chesnaught|139\/379|[from] item: Leftovers
|
|switch|p2a: ThunderBird|Zapdos|321\/321
|-ability|p2a: ThunderBird|Pressure
|turn|22
|
|move|p1a: Chesnaught|Spiky Shield|p1a: Chesnaught
|-singleturn|p1a: Chesnaught|move: Protect
|move|p2a: ThunderBird|Hidden Power|p1a: Chesnaught
|-activate|p1a: Chesnaught|move: Protect
|
|-heal|p1a: Chesnaught|162\/379|[from] item: Leftovers
|turn|23
|
|move|p2a: ThunderBird|Hidden Power|p1a: Chesnaught
|-supereffective|p1a: Chesnaught
|-damage|p1a: Chesnaught|0 fnt
|faint|p1a: Chesnaught
|
|
|switch|p1a: Heatran|Heatran, M|386\/386
|turn|24
|
|switch|p2a: Laundry Day|Rotom-Wash|304\/304
|move|p1a: Heatran|Lava Plume|p2a: Laundry Day
|-resisted|p2a: Laundry Day
|-damage|p2a: Laundry Day|264\/304
|-status|p2a: Laundry Day|brn
|
|-heal|p2a: Laundry Day|283\/304 brn|[from] item: Leftovers
|-damage|p2a: Laundry Day|245\/304 brn|[from] brn
|turn|25
|
|move|p1a: Heatran|Protect|p1a: Heatran
|-singleturn|p1a: Heatran|Protect
|move|p2a: Laundry Day|Hydro Pump|p1a: Heatran
|-activate|p1a: Heatran|Protect
|
|-heal|p2a: Laundry Day|264\/304 brn|[from] item: Leftovers
|-damage|p2a: Laundry Day|226\/304 brn|[from] brn
|turn|26
|
|switch|p1a: Clefable|Clefable, F|380\/394
|move|p2a: Laundry Day|Hydro Pump|p1a: Clefable
|-damage|p1a: Clefable|244\/394
|
|-heal|p2a: Laundry Day|245\/304 brn|[from] item: Leftovers
|-damage|p2a: Laundry Day|207\/304 brn|[from] brn
|turn|27
|
|move|p2a: Laundry Day|Volt Switch|p1a: Clefable
|-crit|p1a: Clefable
|-damage|p1a: Clefable|106\/394
|
|switch|p2a: ThunderBird|Zapdos|321\/321
|-ability|p2a: ThunderBird|Pressure
|move|p1a: Clefable|Soft-Boiled|p1a: Clefable
|-heal|p1a: Clefable|303\/394
|
|turn|28
|
|switch|p1a: Latias|Latias, F|364\/364
|move|p2a: ThunderBird|Thunderbolt|p1a: Latias
|-resisted|p1a: Latias
|-damage|p1a: Latias|301\/364
|
|turn|29
|-message|SliferX 9.0 forfeited.
|leave|SliferX 9.0
|
|win|JTewi
|raw|Ladder updating...
|player|p2
|raw|JTewi's rating: 1422 &rarr; <strong>1440<\/strong><br \/>(+18 for winning)
|raw|SliferX 9.0's rating: 1385 &rarr; <strong>1367<\/strong><br \/>(-18 for losing)