|join|JTewi
|join|Rhayader
|player|p1|JTewi|265
|player|p2|Rhayader|291
|gametype|singles
|gen|6
|tier|OU
|rated
|clearpoke
|poke|p1|Venusaur, M
|poke|p1|Heatran, F
|poke|p1|Slowbro, M
|poke|p1|Skarmory, M
|poke|p1|Audino, F
|poke|p1|Politoed, M
|poke|p2|Rotom-Heat
|poke|p2|Talonflame, F
|poke|p2|Blastoise, F
|poke|p2|Chesnaught, M
|poke|p2|Latias, F
|poke|p2|Mamoswine, F
|rule|Swagger Clause: Swagger is banned
|rule|Baton Pass Clause: Limit one PokÃ©mon knowing Baton Pass
|rule|Sleep Clause Mod: Limit one foe put to sleep
|rule|Species Clause: Limit one of each PokÃ©mon
|rule|OHKO Clause: OHKO moves are banned
|rule|Moody Clause: Moody is banned
|rule|Evasion Moves Clause: Evasion moves are banned
|rule|Endless Battle Clause: Forcing endless battles is banned
|rule|HP Percentage Mod: HP is shown in percentages
|teampreview
|join|kawaiidesunii
|join|SlamJammer
|
|start
|switch|p1a: Slowbro|Slowbro, M|393\/393
|switch|p2a: Wood Birde|Chesnaught, M|325\/325
|turn|1
|
|move|p2a: Wood Birde|Wood Hammer|p1a: Slowbro
|-supereffective|p1a: Slowbro
|-damage|p1a: Slowbro|109\/393
|-damage|p2a: Wood Birde|231\/325|[from] recoil|[of] p1a: Slowbro
|move|p1a: Slowbro|Toxic|p2a: Wood Birde
|-status|p2a: Wood Birde|tox
|
|-heal|p2a: Wood Birde|251\/325 tox|[from] item: Leftovers
|-heal|p1a: Slowbro|133\/393|[from] item: Leftovers
|-damage|p2a: Wood Birde|231\/325 tox|[from] psn
|turn|2
|
|switch|p1a: Venusaur|Venusaur, M|363\/363
|move|p2a: Wood Birde|Spikes|p1a: Venusaur
|-sidestart|p1: JTewi|Spikes
|
|-heal|p2a: Wood Birde|251\/325 tox|[from] item: Leftovers
|-damage|p2a: Wood Birde|211\/325 tox|[from] psn
|turn|3
|
|switch|p2a: Scorch Birde|Talonflame, F|359\/359
|switch|p1a: Skarmory|Skarmory, M|333\/333
|
|turn|4
|join|Draws-stuff
|leave|Draws-stuff
|
|move|p2a: Scorch Birde|Will-O-Wisp|p1a: Skarmory
|-status|p1a: Skarmory|brn
|move|p1a: Skarmory|Whirlwind|p2a: Scorch Birde
|drag|p2a: Mystic Birde|Latias, F|301\/301
|
|-damage|p1a: Skarmory|292\/333 brn|[from] brn
|turn|5
|
|switch|p1a: Audino|Audino, F|409\/409
|-damage|p1a: Audino|358\/409|[from] Spikes
|move|p2a: Mystic Birde|Trick|p1a: Audino
|-activate|p2a: Mystic Birde|move: Trick|[of] p1a: Audino
|-item|p1a: Audino|Choice Scarf|[from] move: Trick
|-item|p2a: Mystic Birde|Leftovers|[from] move: Trick
|
|turn|6
|
|switch|p2a: Frost Birde|Mamoswine, F|361\/361
|move|p1a: Audino|Heal Bell|p1a: Audino
|-cureteam|p1a: Audino|[from] move: HealBell
|
|turn|7
|
|switch|p1a: Skarmory|Skarmory, M|292\/333
|move|p2a: Frost Birde|Stealth Rock|p1a: Skarmory
|-sidestart|p1: JTewi|move: Stealth Rock
|
|turn|8
|
|switch|p2a: Oven Birde|Rotom-Heat|303\/303
|move|p1a: Skarmory|Defog|p2a: Oven Birde
|-unboost|p2a: Oven Birde|evasion|1
|-sideend|p1: JTewi|Spikes|[from] move: Defog|[of] p1a: Skarmory
|-sideend|p1: JTewi|Stealth Rock|[from] move: Defog|[of] p1a: Skarmory
|
|turn|9
|
|switch|p1a: Audino|Audino, F|409\/409
|move|p2a: Oven Birde|Volt Switch|p1a: Audino
|-damage|p1a: Audino|339\/409
|
|switch|p2a: Wood Birde|Chesnaught, M|211\/325 tox
|
|-heal|p2a: Wood Birde|231\/325 tox|[from] item: Leftovers
|-damage|p2a: Wood Birde|211\/325 tox|[from] psn
|turn|10
|
|switch|p1a: Skarmory|Skarmory, M|292\/333
|move|p2a: Wood Birde|Drain Punch|p1a: Skarmory
|-damage|p1a: Skarmory|219\/333
|-heal|p2a: Wood Birde|248\/325 tox|[from] drain|[of] p1a: Skarmory
|
|-heal|p2a: Wood Birde|268\/325 tox|[from] item: Leftovers
|-damage|p2a: Wood Birde|228\/325 tox|[from] psn
|turn|11
|
|move|p2a: Wood Birde|Spikes|p1a: Skarmory
|-sidestart|p1: JTewi|Spikes
|move|p1a: Skarmory|Stealth Rock|p2a: Wood Birde
|-sidestart|p2: Rhayader|move: Stealth Rock
|
|-heal|p2a: Wood Birde|248\/325 tox|[from] item: Leftovers
|-damage|p2a: Wood Birde|188\/325 tox|[from] psn
|turn|12
|leave|SlamJammer
|join|MDScig
|
|switch|p2a: Drop Birde|Blastoise, F|358\/358
|-damage|p2a: Drop Birde|314\/358|[from] Stealth Rock
|move|p1a: Skarmory|Roost|p1a: Skarmory
|-heal|p1a: Skarmory|333\/333
|
|turn|13
|
|switch|p1a: Venusaur|Venusaur, M|363\/363
|-damage|p1a: Venusaur|318\/363|[from] Spikes
|detailschange|p2a: Drop Birde|Blastoise-Mega, F
|-mega|p2a: Drop Birde|Blastoise|Blastoisinite
|move|p2a: Drop Birde|Rapid Spin|p1a: Venusaur
|-damage|p1a: Venusaur|307\/363
|-sideend|p2: Rhayader|Stealth Rock|[from] move: Rapid Spin|[of] p2a: Drop Birde
|
|turn|14
|
|switch|p2a: Scorch Birde|Talonflame, F|359\/359
|detailschange|p1a: Venusaur|Venusaur-Mega, M
|-mega|p1a: Venusaur|Venusaur|Venusaurite
|move|p1a: Venusaur|Sludge Bomb|p2a: Scorch Birde
|-damage|p2a: Scorch Birde|245\/359
|
|-heal|p2a: Scorch Birde|267\/359|[from] item: Leftovers
|turn|15
|
|switch|p2a: Oven Birde|Rotom-Heat|303\/303
|switch|p1a: Heatran|Heatran, F|386\/386
|-damage|p1a: Heatran|338\/386|[from] Spikes
|
|-heal|p1a: Heatran|362\/386|[from] item: Leftovers
|turn|16
|
|move|p2a: Oven Birde|Thunder Wave|p1a: Heatran
|-status|p1a: Heatran|par
|cant|p1a: Heatran|par
|
|-heal|p1a: Heatran|386\/386 par|[from] item: Leftovers
|turn|17
|
|move|p2a: Oven Birde|Volt Switch|p1a: Heatran
|-damage|p1a: Heatran|298\/386 par
|
|switch|p2a: Drop Birde|Blastoise-Mega, F|314\/358
|move|p1a: Heatran|Will-O-Wisp|p2a: Drop Birde
|-status|p2a: Drop Birde|brn
|
|-heal|p1a: Heatran|322\/386 par|[from] item: Leftovers
|-damage|p2a: Drop Birde|270\/358 brn|[from] brn
|turn|18
|
|switch|p1a: Venusaur|Venusaur-Mega, M|307\/363
|-damage|p1a: Venusaur|262\/363|[from] Spikes
|move|p2a: Drop Birde|Dark Pulse|p1a: Venusaur
|-damage|p1a: Venusaur|112\/363
|
|-damage|p2a: Drop Birde|226\/358 brn|[from] brn
|turn|19
|
|switch|p1a: Audino|Audino, F|409\/409
|-damage|p1a: Audino|358\/409|[from] Spikes
|move|p2a: Drop Birde|Dark Pulse|p1a: Audino
|-damage|p1a: Audino|229\/409
|
|-damage|p2a: Drop Birde|182\/358 brn|[from] brn
|turn|20
|
|move|p2a: Drop Birde|Aura Sphere|p1a: Audino
|-supereffective|p1a: Audino
|-damage|p1a: Audino|0 fnt
|faint|p1a: Audino
|
|-damage|p2a: Drop Birde|138\/358 brn|[from] brn
|
|switch|p1a: Politoed|Politoed, M|384\/384
|-damage|p1a: Politoed|336\/384|[from] Spikes
|turn|21
|c| MDScig|nice mega
|
|switch|p2a: Mystic Birde|Latias, F|301\/301
|move|p1a: Politoed|Whirlpool|p2a: Mystic Birde|[miss]
|-miss|p1a: Politoed|p2a: Mystic Birde
|
|-heal|p1a: Politoed|360\/384|[from] item: Leftovers
|turn|22
|c|âRhayader|slowbro is the mega
|
|switch|p2a: Oven Birde|Rotom-Heat|303\/303
|move|p1a: Politoed|Whirlpool|p2a: Oven Birde
|-supereffective|p2a: Oven Birde
|-damage|p2a: Oven Birde|231\/303
|-activate|p2a: Oven Birde|move: Whirlpool|[of] p1a: Politoed
|
|-heal|p2a: Oven Birde|249\/303|[from] item: Leftovers
|-heal|p1a: Politoed|384\/384|[from] item: Leftovers
|-damage|p2a: Oven Birde|212\/303|[from] move: Whirlpool|[partiallytrapped]
|turn|23
|
|move|p2a: Oven Birde|Volt Switch|p1a: Politoed
|-supereffective|p1a: Politoed
|-damage|p1a: Politoed|250\/384
|
|switch|p2a: Scorch Birde|Talonflame, F|267\/359
|move|p1a: Politoed|Scald|p2a: Scorch Birde
|-supereffective|p2a: Scorch Birde
|-damage|p2a: Scorch Birde|115\/359
|
|-heal|p2a: Scorch Birde|137\/359|[from] item: Leftovers
|-heal|p1a: Politoed|274\/384|[from] item: Leftovers
|turn|24
|
|move|p2a: Scorch Birde|Roost|p2a: Scorch Birde
|-heal|p2a: Scorch Birde|317\/359
|move|p1a: Politoed|Whirlpool|p2a: Scorch Birde
|-supereffective|p2a: Scorch Birde
|-damage|p2a: Scorch Birde|243\/359
|-activate|p2a: Scorch Birde|move: Whirlpool|[of] p1a: Politoed
|
|-heal|p2a: Scorch Birde|265\/359|[from] item: Leftovers
|-heal|p1a: Politoed|298\/384|[from] item: Leftovers
|-damage|p2a: Scorch Birde|221\/359|[from] move: Whirlpool|[partiallytrapped]
|turn|25
|
|move|p2a: Scorch Birde|Brave Bird|p1a: Politoed
|-damage|p1a: Politoed|160\/384
|-damage|p2a: Scorch Birde|175\/359|[from] recoil|[of] p1a: Politoed
|move|p1a: Politoed|Scald|p2a: Scorch Birde
|-supereffective|p2a: Scorch Birde
|-damage|p2a: Scorch Birde|17\/359
|
|-heal|p2a: Scorch Birde|39\/359|[from] item: Leftovers
|-heal|p1a: Politoed|184\/384|[from] item: Leftovers
|-damage|p2a: Scorch Birde|0 fnt|[from] move: Whirlpool|[partiallytrapped]
|faint|p2a: Scorch Birde
|
|switch|p2a: Frost Birde|Mamoswine, F|361\/361
|turn|26
|
|switch|p1a: Skarmory|Skarmory, M|333\/333
|move|p2a: Frost Birde|Stealth Rock|p1a: Skarmory
|-sidestart|p1: JTewi|move: Stealth Rock
|
|turn|27
|
|switch|p2a: Oven Birde|Rotom-Heat|212\/303
|move|p1a: Skarmory|Defog|p2a: Oven Birde
|-unboost|p2a: Oven Birde|evasion|1
|-sideend|p1: JTewi|Spikes|[from] move: Defog|[of] p1a: Skarmory
|-sideend|p1: JTewi|Stealth Rock|[from] move: Defog|[of] p1a: Skarmory
|
|-heal|p2a: Oven Birde|230\/303|[from] item: Leftovers
|turn|28
|
|switch|p1a: Heatran|Heatran, F|322\/386 par
|move|p2a: Oven Birde|Volt Switch|p1a: Heatran
|-damage|p1a: Heatran|246\/386 par
|
|switch|p2a: Wood Birde|Chesnaught, M|188\/325 tox
|
|-heal|p2a: Wood Birde|208\/325 tox|[from] item: Leftovers
|-heal|p1a: Heatran|270\/386 par|[from] item: Leftovers
|-damage|p2a: Wood Birde|188\/325 tox|[from] psn
|turn|29
|
|switch|p1a: Venusaur|Venusaur-Mega, M|112\/363
|move|p2a: Wood Birde|Leech Seed|p1a: Venusaur
|-immune|p1a: Venusaur|[msg]
|
|-heal|p2a: Wood Birde|208\/325 tox|[from] item: Leftovers
|-damage|p2a: Wood Birde|168\/325 tox|[from] psn
|turn|30
|
|switch|p2a: Mystic Birde|Latias, F|301\/301
|move|p1a: Venusaur|Synthesis|p1a: Venusaur
|-heal|p1a: Venusaur|293\/363
|
|turn|31
|
|switch|p1a: Heatran|Heatran, F|270\/386 par
|move|p2a: Mystic Birde|Psychic|p1a: Heatran
|-resisted|p1a: Heatran
|-damage|p1a: Heatran|206\/386 par
|
|-heal|p1a: Heatran|230\/386 par|[from] item: Leftovers
|turn|32
|
|switch|p2a: Oven Birde|Rotom-Heat|230\/303
|cant|p1a: Heatran|par
|
|-heal|p2a: Oven Birde|248\/303|[from] item: Leftovers
|-heal|p1a: Heatran|254\/386 par|[from] item: Leftovers
|turn|33
|
|move|p2a: Oven Birde|Volt Switch|p1a: Heatran
|-damage|p1a: Heatran|173\/386 par
|
|switch|p2a: Mystic Birde|Latias, F|301\/301
|move|p1a: Heatran|Magma Storm|p2a: Mystic Birde
|-resisted|p2a: Mystic Birde
|-damage|p2a: Mystic Birde|221\/301
|-activate|p2a: Mystic Birde|move: Magma Storm|[of] p1a: Heatran
|
|-heal|p2a: Mystic Birde|239\/301|[from] item: Leftovers
|-heal|p1a: Heatran|197\/386 par|[from] item: Leftovers
|-damage|p2a: Mystic Birde|202\/301|[from] move: Magma Storm|[partiallytrapped]
|turn|34
|
|move|p2a: Mystic Birde|Draco Meteor|p1a: Heatran
|-resisted|p1a: Heatran
|-damage|p1a: Heatran|108\/386 par
|-unboost|p2a: Mystic Birde|spa|2
|move|p1a: Heatran|Will-O-Wisp|p2a: Mystic Birde
|-status|p2a: Mystic Birde|brn
|
|-heal|p2a: Mystic Birde|220\/301 brn|[from] item: Leftovers
|-heal|p1a: Heatran|132\/386 par|[from] item: Leftovers
|-damage|p2a: Mystic Birde|183\/301 brn|[from] brn
|-damage|p2a: Mystic Birde|146\/301 brn|[from] move: Magma Storm|[partiallytrapped]
|turn|35
|
|move|p2a: Mystic Birde|Healing Wish|p2a: Mystic Birde
|faint|p2a: Mystic Birde
|move|p1a: Heatran|Magma Storm|p2: Mystic Birde|[notarget]
|-notarget
|
|-heal|p1a: Heatran|156\/386 par|[from] item: Leftovers
|
|switch|p2a: Drop Birde|Blastoise-Mega, F|138\/358 brn
|-heal|p2a: Drop Birde|358\/358|[from] move: Healing Wish
|turn|36
|
|switch|p1a: Politoed|Politoed, M|184\/384
|move|p2a: Drop Birde|Hydro Pump|p1a: Politoed
|-heal|p1a: Politoed|280\/384|[from] ability: Water Absorb|[of] p2a: Drop Birde
|
|-heal|p1a: Politoed|304\/384|[from] item: Leftovers
|turn|37
|
|move|p2a: Drop Birde|Dark Pulse|p1a: Politoed
|-damage|p1a: Politoed|190\/384
|move|p1a: Politoed|Whirlpool|p2a: Drop Birde
|-resisted|p2a: Drop Birde
|-damage|p2a: Drop Birde|341\/358
|-activate|p2a: Drop Birde|move: Whirlpool|[of] p1a: Politoed
|
|-heal|p1a: Politoed|214\/384|[from] item: Leftovers
|-damage|p2a: Drop Birde|297\/358|[from] move: Whirlpool|[partiallytrapped]
|turn|38
|
|move|p2a: Drop Birde|Dark Pulse|p1a: Politoed
|-damage|p1a: Politoed|106\/384
|move|p1a: Politoed|Perish Song|p1a: Politoed
|-fieldactivate|move: Perish Song
|
|-start|p2a: Drop Birde|perish3
|-start|p1a: Politoed|perish3
|-heal|p1a: Politoed|130\/384|[from] item: Leftovers
|-damage|p2a: Drop Birde|253\/358|[from] move: Whirlpool|[partiallytrapped]
|turn|39
|
|move|p2a: Drop Birde|Dark Pulse|p1a: Politoed
|-damage|p1a: Politoed|12\/384
|move|p1a: Politoed|Rest|p1a: Politoed
|-status|p1a: Politoed|slp
|-heal|p1a: Politoed|384\/384 slp|[silent]
|-status|p1a: Politoed|slp|[from] move: Rest
|
|-start|p2a: Drop Birde|perish2
|-start|p1a: Politoed|perish2
|-damage|p2a: Drop Birde|209\/358|[from] move: Whirlpool|[partiallytrapped]
|turn|40
|
|move|p2a: Drop Birde|Dark Pulse|p1a: Politoed
|-damage|p1a: Politoed|276\/384 slp
|cant|p1a: Politoed|slp
|
|-start|p2a: Drop Birde|perish1
|-start|p1a: Politoed|perish1
|-heal|p1a: Politoed|300\/384 slp|[from] item: Leftovers
|-damage|p2a: Drop Birde|165\/358|[from] move: Whirlpool|[partiallytrapped]
|turn|41
|c|âRhayader|something dies
|
|switch|p1a: Skarmory|Skarmory, M|333\/333
|move|p2a: Drop Birde|Dark Pulse|p1a: Skarmory
|-damage|p1a: Skarmory|126\/333
|
|-start|p2a: Drop Birde|perish0
|faint|p2a: Drop Birde
|
|switch|p2a: Oven Birde|Rotom-Heat|248\/303
|turn|42
|
|switch|p1a: Heatran|Heatran, F|156\/386 par
|move|p2a: Oven Birde|Volt Switch|p1a: Heatran
|-damage|p1a: Heatran|75\/386 par
|
|switch|p2a: Frost Birde|Mamoswine, F|361\/361
|
|-heal|p1a: Heatran|99\/386 par|[from] item: Leftovers
|turn|43
|
|move|p2a: Frost Birde|Stealth Rock|p1a: Heatran
|-sidestart|p1: JTewi|move: Stealth Rock
|move|p1a: Heatran|Will-O-Wisp|p2a: Frost Birde
|-status|p2a: Frost Birde|brn
|
|-heal|p1a: Heatran|123\/386 par|[from] item: Leftovers
|-damage|p2a: Frost Birde|316\/361 brn|[from] brn
|turn|44
|
|switch|p1a: Slowbro|Slowbro, M|264\/393
|-damage|p1a: Slowbro|215\/393|[from] Stealth Rock
|move|p2a: Frost Birde|Earthquake|p1a: Slowbro
|-damage|p1a: Slowbro|158\/393
|
|-heal|p1a: Slowbro|182\/393|[from] item: Leftovers
|-damage|p2a: Frost Birde|271\/361 brn|[from] brn
|turn|45
|
|switch|p2a: Wood Birde|Chesnaught, M|168\/325 tox
|switch|p1a: Heatran|Heatran, F|123\/386 par
|-damage|p1a: Heatran|75\/386 par|[from] Stealth Rock
|
|-heal|p2a: Wood Birde|188\/325 tox|[from] item: Leftovers
|-heal|p1a: Heatran|99\/386 par|[from] item: Leftovers
|-damage|p2a: Wood Birde|168\/325 tox|[from] psn
|turn|46
|
|switch|p1a: Skarmory|Skarmory, M|126\/333
|-damage|p1a: Skarmory|85\/333|[from] Stealth Rock
|move|p2a: Wood Birde|Spikes|p1a: Skarmory
|-sidestart|p1: JTewi|Spikes
|
|-heal|p2a: Wood Birde|188\/325 tox|[from] item: Leftovers
|-damage|p2a: Wood Birde|148\/325 tox|[from] psn
|turn|47
|
|move|p2a: Wood Birde|Leech Seed|p1a: Skarmory
|-start|p1a: Skarmory|move: Leech Seed
|move|p1a: Skarmory|Defog|p2a: Wood Birde
|-unboost|p2a: Wood Birde|evasion|1
|-sideend|p1: JTewi|Spikes|[from] move: Defog|[of] p1a: Skarmory
|-sideend|p1: JTewi|Stealth Rock|[from] move: Defog|[of] p1a: Skarmory
|
|-heal|p2a: Wood Birde|168\/325 tox|[from] item: Leftovers
|-damage|p1a: Skarmory|44\/333|[from] Leech Seed|[of] p2a: Wood Birde
|-heal|p2a: Wood Birde|209\/325 tox|[silent]
|-damage|p2a: Wood Birde|149\/325 tox|[from] psn
|turn|48
|
|switch|p2a: Oven Birde|Rotom-Heat|248\/303
|move|p1a: Skarmory|Roost|p1a: Skarmory
|-heal|p1a: Skarmory|211\/333
|
|-heal|p2a: Oven Birde|266\/303|[from] item: Leftovers
|-damage|p1a: Skarmory|170\/333|[from] Leech Seed|[of] p2a: Oven Birde
|-heal|p2a: Oven Birde|303\/303|[silent]
|turn|49
|
|switch|p1a: Heatran|Heatran, F|99\/386 par
|move|p2a: Oven Birde|Volt Switch|p1a: Heatran
|-damage|p1a: Heatran|9\/386 par
|
|switch|p2a: Wood Birde|Chesnaught, M|149\/325 tox
|
|-heal|p2a: Wood Birde|169\/325 tox|[from] item: Leftovers
|-heal|p1a: Heatran|33\/386 par|[from] item: Leftovers
|-damage|p2a: Wood Birde|149\/325 tox|[from] psn
|turn|50
|
|switch|p1a: Skarmory|Skarmory, M|170\/333
|move|p2a: Wood Birde|Drain Punch|p1a: Skarmory
|-damage|p1a: Skarmory|97\/333
|-heal|p2a: Wood Birde|186\/325 tox|[from] drain|[of] p1a: Skarmory
|
|-heal|p2a: Wood Birde|206\/325 tox|[from] item: Leftovers
|-damage|p2a: Wood Birde|166\/325 tox|[from] psn
|turn|51
|
|move|p2a: Wood Birde|Spikes|p1a: Skarmory
|-sidestart|p1: JTewi|Spikes
|move|p1a: Skarmory|Stealth Rock|p2a: Wood Birde
|-sidestart|p2: Rhayader|move: Stealth Rock
|
|-heal|p2a: Wood Birde|186\/325 tox|[from] item: Leftovers
|-damage|p2a: Wood Birde|126\/325 tox|[from] psn
|turn|52
|
|switch|p2a: Frost Birde|Mamoswine, F|271\/361 brn
|-damage|p2a: Frost Birde|226\/361 brn|[from] Stealth Rock
|move|p1a: Skarmory|Roost|p1a: Skarmory
|-heal|p1a: Skarmory|264\/333
|
|-damage|p2a: Frost Birde|181\/361 brn|[from] brn
|turn|53
|
|move|p2a: Frost Birde|Stealth Rock|p1a: Skarmory
|-sidestart|p1: JTewi|move: Stealth Rock
|move|p1a: Skarmory|Defog|p2a: Frost Birde
|-unboost|p2a: Frost Birde|evasion|1
|-sideend|p2: Rhayader|Stealth Rock|[from] move: Defog|[of] p2a: Frost Birde
|-sideend|p1: JTewi|Spikes|[from] move: Defog|[of] p1a: Skarmory
|-sideend|p1: JTewi|Stealth Rock|[from] move: Defog|[of] p1a: Skarmory
|
|-damage|p2a: Frost Birde|136\/361 brn|[from] brn
|turn|54
|
|move|p2a: Frost Birde|Stealth Rock|p1a: Skarmory
|-sidestart|p1: JTewi|move: Stealth Rock
|move|p1a: Skarmory|Stealth Rock|p2a: Frost Birde
|-sidestart|p2: Rhayader|move: Stealth Rock
|
|-damage|p2a: Frost Birde|91\/361 brn|[from] brn
|turn|55
|
|move|p2a: Frost Birde|Endeavor|p1a: Skarmory
|-damage|p1a: Skarmory|91\/333
|move|p1a: Skarmory|Defog|p2a: Frost Birde
|-unboost|p2a: Frost Birde|evasion|1
|-sideend|p2: Rhayader|Stealth Rock|[from] move: Defog|[of] p2a: Frost Birde
|-sideend|p1: JTewi|Stealth Rock|[from] move: Defog|[of] p1a: Skarmory
|
|-damage|p2a: Frost Birde|46\/361 brn|[from] brn
|turn|56
|
|move|p2a: Frost Birde|Stealth Rock|p1a: Skarmory
|-sidestart|p1: JTewi|move: Stealth Rock
|move|p1a: Skarmory|Roost|p1a: Skarmory
|-heal|p1a: Skarmory|258\/333
|
|-damage|p2a: Frost Birde|1\/361 brn|[from] brn
|turn|57
|
|switch|p1a: Heatran|Heatran, F|33\/386 par
|-damage|p1a: Heatran|0 fnt|[from] Stealth Rock
|faint|p1a: Heatran
|move|p2a: Frost Birde|Endeavor|p1: Heatran|[notarget]
|-notarget
|
|-damage|p2a: Frost Birde|0 fnt|[from] brn
|faint|p2a: Frost Birde
|
|switch|p2a: Wood Birde|Chesnaught, M|126\/325 tox
|switch|p1a: Venusaur|Venusaur-Mega, M|293\/363
|-damage|p1a: Venusaur|248\/363|[from] Stealth Rock
|turn|58
|
|switch|p1a: Skarmory|Skarmory, M|258\/333
|-damage|p1a: Skarmory|217\/333|[from] Stealth Rock
|move|p2a: Wood Birde|Spikes|p1a: Skarmory
|-sidestart|p1: JTewi|Spikes
|
|-heal|p2a: Wood Birde|146\/325 tox|[from] item: Leftovers
|-damage|p2a: Wood Birde|126\/325 tox|[from] psn
|turn|59
|
|move|p2a: Wood Birde|Leech Seed|p1a: Skarmory|[miss]
|-miss|p2a: Wood Birde|p1a: Skarmory
|move|p1a: Skarmory|Defog|p2a: Wood Birde
|-unboost|p2a: Wood Birde|evasion|1
|-sideend|p1: JTewi|Spikes|[from] move: Defog|[of] p1a: Skarmory
|-sideend|p1: JTewi|Stealth Rock|[from] move: Defog|[of] p1a: Skarmory
|
|-heal|p2a: Wood Birde|146\/325 tox|[from] item: Leftovers
|-damage|p2a: Wood Birde|106\/325 tox|[from] psn
|turn|60
|c|âJTewi|you have sexual attraction fot spikes or something
|c|âJTewi|wtf
|
|switch|p2a: Oven Birde|Rotom-Heat|303\/303
|move|p1a: Skarmory|Stealth Rock|p2a: Oven Birde
|-sidestart|p2: Rhayader|move: Stealth Rock
|
|turn|61
|c|âRhayader|you have a sexual attracion for stall or something
|c|âRhayader|wtf
|
|switch|p1a: Politoed|Politoed, M|300\/384 slp
|move|p2a: Oven Birde|Will-O-Wisp|p1a: Politoed
|-fail|p1a: Politoed
|
|-heal|p1a: Politoed|324\/384 slp|[from] item: Leftovers
|turn|62
|
|move|p2a: Oven Birde|Volt Switch|p1a: Politoed
|-supereffective|p1a: Politoed
|-damage|p1a: Politoed|204\/384 slp
|
|switch|p2a: Wood Birde|Chesnaught, M|106\/325 tox
|-damage|p2a: Wood Birde|86\/325 tox|[from] Stealth Rock
|cant|p1a: Politoed|slp
|
|-heal|p2a: Wood Birde|106\/325 tox|[from] item: Leftovers
|-heal|p1a: Politoed|228\/384 slp|[from] item: Leftovers
|-damage|p2a: Wood Birde|86\/325 tox|[from] psn
|turn|63
|c|âJTewi|i needes perish song to kill 2 mons and i stall, ok you not (?) if you where killed skarmory instead of fap on spikes again and again you will win easy
|
|switch|p1a: Venusaur|Venusaur-Mega, M|248\/363
|move|p2a: Wood Birde|Leech Seed|p1a: Venusaur
|-immune|p1a: Venusaur|[msg]
|
|-heal|p2a: Wood Birde|106\/325 tox|[from] item: Leftovers
|-damage|p2a: Wood Birde|66\/325 tox|[from] psn
|turn|64
|
|switch|p2a: Oven Birde|Rotom-Heat|303\/303
|-damage|p2a: Oven Birde|228\/303|[from] Stealth Rock
|move|p1a: Venusaur|Synthesis|p1a: Venusaur
|-heal|p1a: Venusaur|363\/363
|
|-heal|p2a: Oven Birde|246\/303|[from] item: Leftovers
|turn|65
|
|switch|p1a: Politoed|Politoed, M|228\/384 slp
|move|p2a: Oven Birde|Will-O-Wisp|p1a: Politoed
|-fail|p1a: Politoed
|
|-heal|p2a: Oven Birde|264\/303|[from] item: Leftovers
|-heal|p1a: Politoed|252\/384 slp|[from] item: Leftovers
|turn|66
|
|move|p2a: Oven Birde|Volt Switch|p1a: Politoed
|-supereffective|p1a: Politoed
|-damage|p1a: Politoed|120\/384 slp
|
|switch|p2a: Wood Birde|Chesnaught, M|66\/325 tox
|-damage|p2a: Wood Birde|46\/325 tox|[from] Stealth Rock
|-curestatus|p1a: Politoed|slp
|move|p1a: Politoed|Scald|p2a: Wood Birde
|-resisted|p2a: Wood Birde
|-damage|p2a: Wood Birde|0 fnt
|faint|p2a: Wood Birde
|
|-heal|p1a: Politoed|144\/384|[from] item: Leftovers
|
|switch|p2a: Oven Birde|Rotom-Heat|264\/303
|-damage|p2a: Oven Birde|189\/303|[from] Stealth Rock
|turn|67
|
|move|p2a: Oven Birde|Volt Switch|p1a: Politoed
|-supereffective|p1a: Politoed
|-damage|p1a: Politoed|16\/384
|move|p1a: Politoed|Perish Song|p1a: Politoed
|-fieldactivate|move: Perish Song
|
|-start|p2a: Oven Birde|perish3
|-start|p1a: Politoed|perish3
|-heal|p2a: Oven Birde|207\/303|[from] item: Leftovers
|-heal|p1a: Politoed|40\/384|[from] item: Leftovers
|turn|68
|
|move|p2a: Oven Birde|Volt Switch|p1a: Politoed
|-supereffective|p1a: Politoed
|-damage|p1a: Politoed|0 fnt
|faint|p1a: Politoed
|
|-start|p2a: Oven Birde|perish2
|-heal|p2a: Oven Birde|225\/303|[from] item: Leftovers
|
|switch|p1a: Venusaur|Venusaur-Mega, M|363\/363
|turn|69
|
|move|p2a: Oven Birde|Will-O-Wisp|p1a: Venusaur|[miss]
|-miss|p2a: Oven Birde|p1a: Venusaur
|move|p1a: Venusaur|Synthesis|p1a: Venusaur
|
|-start|p2a: Oven Birde|perish1
|-heal|p2a: Oven Birde|243\/303|[from] item: Leftovers
|turn|70
|
|move|p2a: Oven Birde|Will-O-Wisp|p1a: Venusaur
|-status|p1a: Venusaur|brn
|move|p1a: Venusaur|Sludge Bomb|p2a: Oven Birde
|-damage|p2a: Oven Birde|117\/303
|
|-start|p2a: Oven Birde|perish0
|-damage|p1a: Venusaur|318\/363 brn|[from] brn
|faint|p2a: Oven Birde
|
|win|JTewi
|raw|Ladder updating...
|raw|JTewi's rating: 1568 &rarr; <strong>1589<\/strong><br \/>(+21 for winning)
|raw|Rhayader's rating: 1578 &rarr; <strong>1558<\/strong><br \/>(-20 for losing)
|leave|Rhayader
|player|p2