|join|JTewi
|join|Solinvictus 23
|player|p1|JTewi|101
|player|p2|Solinvictus 23|76
|gametype|singles
|gen|6
|tier|OU
|rated
|clearpoke
|poke|p1|Tyranitar, M
|poke|p1|Clefable, F
|poke|p1|Heatran, F
|poke|p1|Latias, F
|poke|p1|Politoed, M
|poke|p1|Chesnaught, M
|poke|p2|Sableye, F
|poke|p2|Heatran, F
|poke|p2|Ferrothorn, M
|poke|p2|Azumarill, F
|poke|p2|Landorus-Therian, M
|poke|p2|Bisharp, F
|rule|Swagger Clause: Swagger is banned
|rule|Baton Pass Clause: Limit one PokÃ©mon knowing Baton Pass
|rule|Sleep Clause Mod: Limit one foe put to sleep
|rule|Species Clause: Limit one of each PokÃ©mon
|rule|OHKO Clause: OHKO moves are banned
|rule|Moody Clause: Moody is banned
|rule|Evasion Moves Clause: Evasion moves are banned
|rule|Endless Battle Clause: Forcing endless battles is banned
|rule|HP Percentage Mod: HP is shown in percentages
|teampreview
|
|start
|switch|p1a: Heatran|Heatran, F|386\/386
|switch|p2a: Sableye|Sableye, F|304\/304
|turn|1
|
|detailschange|p2a: Sableye|Sableye-Mega, F
|-mega|p2a: Sableye|Sableye|Sablenite
|move|p1a: Heatran|Lava Plume|p2a: Sableye
|-damage|p2a: Sableye|205\/304
|move|p2a: Sableye|Shadow Ball|p1a: Heatran
|-damage|p1a: Heatran|304\/386
|
|-heal|p1a: Heatran|328\/386|[from] item: Leftovers
|turn|2
|
|switch|p2a: Heatran|Heatran, F|386\/386
|move|p1a: Heatran|Stealth Rock|p2a: Heatran
|-sidestart|p2: Solinvictus 23|move: Stealth Rock
|
|-heal|p1a: Heatran|352\/386|[from] item: Leftovers
|turn|3
|
|switch|p1a: Politoed|Politoed, M|372\/372
|move|p2a: Heatran|Stealth Rock|p1a: Politoed
|-sidestart|p1: JTewi|move: Stealth Rock
|
|turn|4
|
|switch|p2a: Ferrothorn|Ferrothorn, M|352\/352
|-damage|p2a: Ferrothorn|330\/352|[from] Stealth Rock
|move|p1a: Politoed|Whirlpool|p2a: Ferrothorn
|-resisted|p2a: Ferrothorn
|-damage|p2a: Ferrothorn|317\/352
|-activate|p2a: Ferrothorn|move: Whirlpool|[of] p1a: Politoed
|
|-heal|p2a: Ferrothorn|339\/352|[from] item: Leftovers
|-damage|p2a: Ferrothorn|295\/352|[from] move: Whirlpool|[partiallytrapped]
|turn|5
|
|move|p1a: Politoed|Perish Song|p1a: Politoed
|-fieldactivate|move: Perish Song
|move|p2a: Ferrothorn|Spikes|p1a: Politoed
|-sidestart|p1: JTewi|Spikes
|
|-start|p1a: Politoed|perish3
|-start|p2a: Ferrothorn|perish3
|-heal|p2a: Ferrothorn|317\/352|[from] item: Leftovers
|-damage|p2a: Ferrothorn|273\/352|[from] move: Whirlpool|[partiallytrapped]
|turn|6
|
|move|p1a: Politoed|Scald|p2a: Ferrothorn
|-resisted|p2a: Ferrothorn
|-damage|p2a: Ferrothorn|240\/352
|move|p2a: Ferrothorn|Spikes|p1a: Politoed
|-sidestart|p1: JTewi|Spikes
|
|-start|p1a: Politoed|perish2
|-start|p2a: Ferrothorn|perish2
|-heal|p2a: Ferrothorn|262\/352|[from] item: Leftovers
|-damage|p2a: Ferrothorn|218\/352|[from] move: Whirlpool|[partiallytrapped]
|turn|7
|
|move|p1a: Politoed|Scald|p2a: Ferrothorn
|-resisted|p2a: Ferrothorn
|-damage|p2a: Ferrothorn|187\/352
|move|p2a: Ferrothorn|Spikes|p1a: Politoed
|-sidestart|p1: JTewi|Spikes
|
|-start|p1a: Politoed|perish1
|-start|p2a: Ferrothorn|perish1
|-heal|p2a: Ferrothorn|209\/352|[from] item: Leftovers
|-damage|p2a: Ferrothorn|165\/352|[from] move: Whirlpool|[partiallytrapped]
|turn|8
|
|switch|p1a: Latias|Latias, F|364\/364
|-damage|p1a: Latias|319\/364|[from] Stealth Rock
|move|p2a: Ferrothorn|Leech Seed|p1a: Latias
|-start|p1a: Latias|move: Leech Seed
|
|-start|p2a: Ferrothorn|perish0
|faint|p2a: Ferrothorn
|
|switch|p2a: Bisharp|Bisharp, F|272\/272
|-damage|p2a: Bisharp|255\/272|[from] Stealth Rock
|turn|9
|
|detailschange|p1a: Latias|Latias-Mega, F
|-mega|p1a: Latias|Latias|Latiasite
|move|p2a: Bisharp|Swords Dance|p2a: Bisharp
|-boost|p2a: Bisharp|atk|2
|move|p1a: Latias|Defog|p2a: Bisharp
|-unboost|p2a: Bisharp|evasion|1
|-boost|p2a: Bisharp|atk|2|[from] ability: Defiant
|-sideend|p2: Solinvictus 23|Stealth Rock|[from] move: Defog|[of] p2a: Bisharp
|-sideend|p1: JTewi|Spikes|[from] move: Defog|[of] p1a: Latias
|-sideend|p1: JTewi|Stealth Rock|[from] move: Defog|[of] p1a: Latias
|
|-damage|p1a: Latias|274\/364|[from] Leech Seed|[of] p2a: Bisharp
|-heal|p2a: Bisharp|272\/272|[silent]
|turn|10
|
|move|p2a: Bisharp|Sucker Punch|p1a: Latias
|-supereffective|p1a: Latias
|-damage|p1a: Latias|0 fnt
|faint|p1a: Latias
|
|
|switch|p1a: Tyranitar|Tyranitar, M|341\/341
|-weather|Sandstorm
|turn|11
|
|move|p1a: Tyranitar|Earthquake|p2a: Bisharp
|-supereffective|p2a: Bisharp
|-damage|p2a: Bisharp|32\/272
|move|p2a: Bisharp|Iron Head|p1a: Tyranitar
|-supereffective|p1a: Tyranitar
|-damage|p1a: Tyranitar|0 fnt
|faint|p1a: Tyranitar
|
|-weather|Sandstorm|[upkeep]
|
|switch|p1a: Chesnaught|Chesnaught, M|379\/379
|turn|12
|
|move|p2a: Bisharp|Swords Dance|p2a: Bisharp
|-boost|p2a: Bisharp|atk|2
|move|p1a: Chesnaught|Drain Punch|p2a: Bisharp
|-supereffective|p2a: Bisharp
|-damage|p2a: Bisharp|0 fnt
|faint|p2a: Bisharp
|
|-weather|Sandstorm|[upkeep]
|-damage|p1a: Chesnaught|356\/379|[from] sandstorm
|-heal|p1a: Chesnaught|379\/379|[from] item: Leftovers
|
|switch|p2a: Heatran|Heatran, F|386\/386
|turn|13
|
|move|p1a: Chesnaught|Substitute|p1a: Chesnaught
|-start|p1a: Chesnaught|Substitute
|-damage|p1a: Chesnaught|285\/379
|move|p2a: Heatran|Stealth Rock|p1a: Chesnaught
|-sidestart|p1: JTewi|move: Stealth Rock
|
|-weather|Sandstorm|[upkeep]
|-damage|p1a: Chesnaught|262\/379|[from] sandstorm
|-heal|p1a: Chesnaught|285\/379|[from] item: Leftovers
|turn|14
|
|move|p1a: Chesnaught|Drain Punch|p2a: Heatran
|-supereffective|p2a: Heatran
|-damage|p2a: Heatran|216\/386
|-heal|p1a: Chesnaught|370\/379|[from] drain|[of] p2a: Heatran
|move|p2a: Heatran|Lava Plume|p1a: Chesnaught
|-supereffective|p1a: Chesnaught
|-end|p1a: Chesnaught|Substitute
|
|-weather|Sandstorm|[upkeep]
|-damage|p1a: Chesnaught|347\/379|[from] sandstorm
|-heal|p1a: Chesnaught|370\/379|[from] item: Leftovers
|-heal|p2a: Heatran|240\/386|[from] item: Leftovers
|turn|15
|
|switch|p1a: Heatran|Heatran, F|352\/386
|-damage|p1a: Heatran|304\/386|[from] Stealth Rock
|move|p2a: Heatran|Lava Plume|p1a: Heatran
|-start|p1a: Heatran|ability: Flash Fire
|
|-weather|none
|-heal|p2a: Heatran|264\/386|[from] item: Leftovers
|-heal|p1a: Heatran|328\/386|[from] item: Leftovers
|turn|16
|
|move|p1a: Heatran|Lava Plume|p2a: Heatran
|-start|p2a: Heatran|ability: Flash Fire
|move|p2a: Heatran|Roar|p1a: Heatran
|drag|p1a: Politoed|Politoed, M|372\/372
|-damage|p1a: Politoed|326\/372|[from] Stealth Rock
|
|-heal|p2a: Heatran|288\/386|[from] item: Leftovers
|-heal|p1a: Politoed|349\/372|[from] item: Leftovers
|turn|17
|
|move|p2a: Heatran|Toxic|p1a: Politoed
|-status|p1a: Politoed|tox
|move|p1a: Politoed|Scald|p2a: Heatran
|-supereffective|p2a: Heatran
|-damage|p2a: Heatran|174\/386
|
|-heal|p2a: Heatran|198\/386|[from] item: Leftovers
|-heal|p1a: Politoed|372\/372 tox|[from] item: Leftovers
|-damage|p1a: Politoed|349\/372 tox|[from] psn
|turn|18
|
|move|p1a: Politoed|Scald|p2a: Heatran
|-supereffective|p2a: Heatran
|-damage|p2a: Heatran|88\/386
|move|p2a: Heatran|Roar|p1a: Politoed
|drag|p1a: Heatran|Heatran, F|328\/386
|-damage|p1a: Heatran|280\/386|[from] Stealth Rock
|
|-heal|p2a: Heatran|112\/386|[from] item: Leftovers
|-heal|p1a: Heatran|304\/386|[from] item: Leftovers
|turn|19
|
|move|p1a: Heatran|Stealth Rock|p2a: Heatran
|-sidestart|p2: Solinvictus 23|move: Stealth Rock
|move|p2a: Heatran|Roar|p1a: Heatran
|drag|p1a: Politoed|Politoed, M|349\/372 tox
|-damage|p1a: Politoed|303\/372 tox|[from] Stealth Rock
|
|-heal|p2a: Heatran|136\/386|[from] item: Leftovers
|-heal|p1a: Politoed|326\/372 tox|[from] item: Leftovers
|-damage|p1a: Politoed|303\/372 tox|[from] psn
|turn|20
|
|switch|p2a: Azumarill|Azumarill, F|364\/364
|-damage|p2a: Azumarill|319\/364|[from] Stealth Rock
|move|p1a: Politoed|Scald|p2a: Azumarill
|-resisted|p2a: Azumarill
|-damage|p2a: Azumarill|262\/364
|
|-heal|p1a: Politoed|326\/372 tox|[from] item: Leftovers
|-damage|p1a: Politoed|280\/372 tox|[from] psn
|turn|21
|
|switch|p1a: Chesnaught|Chesnaught, M|370\/379
|-damage|p1a: Chesnaught|347\/379|[from] Stealth Rock
|move|p2a: Azumarill|Belly Drum|p2a: Azumarill
|-damage|p2a: Azumarill|80\/364
|-setboost|p2a: Azumarill|atk|6|[from] move: Belly Drum
|-enditem|p2a: Azumarill|Sitrus Berry|[eat]
|-heal|p2a: Azumarill|171\/364|[from] item: Sitrus Berry
|
|-heal|p1a: Chesnaught|370\/379|[from] item: Leftovers
|turn|22
|
|move|p1a: Chesnaught|Spiky Shield|p1a: Chesnaught
|-singleturn|p1a: Chesnaught|move: Protect
|move|p2a: Azumarill|Play Rough|p1a: Chesnaught
|-activate|p1a: Chesnaught|move: Protect
|-damage|p2a: Azumarill|126\/364|[from] Spiky Shield|[of] p1a: Chesnaught
|
|-heal|p1a: Chesnaught|379\/379|[from] item: Leftovers
|turn|23
|
|move|p1a: Chesnaught|Substitute|p1a: Chesnaught
|-start|p1a: Chesnaught|Substitute
|-damage|p1a: Chesnaught|285\/379
|move|p2a: Azumarill|Play Rough|p1a: Chesnaught|[miss]
|-miss|p2a: Azumarill|p1a: Chesnaught
|
|-heal|p1a: Chesnaught|308\/379|[from] item: Leftovers
|turn|24
|
|move|p1a: Chesnaught|Leech Seed|p2a: Azumarill|[miss]
|-miss|p1a: Chesnaught|p2a: Azumarill
|move|p2a: Azumarill|Play Rough|p1a: Chesnaught
|-supereffective|p1a: Chesnaught
|-end|p1a: Chesnaught|Substitute
|
|-heal|p1a: Chesnaught|331\/379|[from] item: Leftovers
|turn|25
|
|switch|p2a: Landorus-Therian|Landorus-Therian, M|320\/320
|-damage|p2a: Landorus-Therian|280\/320|[from] Stealth Rock
|-ability|p2a: Landorus-Therian|Intimidate|[of] p1a: Chesnaught
|-unboost|p1a: Chesnaught|atk|1
|move|p1a: Chesnaught|Spiky Shield|p1a: Chesnaught
|-fail|p1a: Chesnaught
|
|-heal|p1a: Chesnaught|354\/379|[from] item: Leftovers
|turn|26
|
|switch|p1a: Clefable|Clefable, F|394\/394
|move|p2a: Landorus-Therian|Knock Off|p1a: Clefable
|-resisted|p1a: Clefable
|-damage|p1a: Clefable|329\/394
|-enditem|p1a: Clefable|Leftovers|[from] move: Knock Off|[of] p2a: Landorus-Therian
|
|turn|27
|
|switch|p2a: Heatran|Heatran, F|136\/386
|-damage|p2a: Heatran|88\/386|[from] Stealth Rock
|move|p1a: Clefable|Thunder Wave|p2a: Heatran
|-status|p2a: Heatran|par
|
|-heal|p2a: Heatran|112\/386 par|[from] item: Leftovers
|turn|28
|
|move|p1a: Clefable|Heal Bell|p1a: Clefable
|-cureteam|p1a: Clefable|[from] move: HealBell
|move|p2a: Heatran|Toxic|p1a: Clefable
|-status|p1a: Clefable|tox
|
|-heal|p2a: Heatran|136\/386 par|[from] item: Leftovers
|turn|29
|
|switch|p1a: Politoed|Politoed, M|280\/372
|-damage|p1a: Politoed|234\/372|[from] Stealth Rock
|move|p2a: Heatran|Lava Plume|p1a: Politoed
|-resisted|p1a: Politoed
|-damage|p1a: Politoed|194\/372
|-status|p1a: Politoed|brn
|
|-heal|p1a: Politoed|217\/372 brn|[from] item: Leftovers
|-heal|p2a: Heatran|160\/386 par|[from] item: Leftovers
|-damage|p1a: Politoed|171\/372 brn|[from] brn
|turn|30
|
|switch|p2a: Azumarill|Azumarill, F|126\/364
|-damage|p2a: Azumarill|81\/364|[from] Stealth Rock
|move|p1a: Politoed|Rest|p1a: Politoed
|-status|p1a: Politoed|slp
|-heal|p1a: Politoed|372\/372 slp|[silent]
|-status|p1a: Politoed|slp|[from] move: Rest
|
|turn|31
|
|switch|p1a: Heatran|Heatran, F|304\/386
|-damage|p1a: Heatran|256\/386|[from] Stealth Rock
|move|p2a: Azumarill|Play Rough|p1a: Heatran
|-resisted|p1a: Heatran
|-damage|p1a: Heatran|225\/386
|
|-heal|p1a: Heatran|249\/386|[from] item: Leftovers
|turn|32
|
|move|p2a: Azumarill|Aqua Jet|p1a: Heatran
|-supereffective|p1a: Heatran
|-damage|p1a: Heatran|129\/386
|move|p1a: Heatran|Lava Plume|p2a: Azumarill
|-resisted|p2a: Azumarill
|-damage|p2a: Azumarill|11\/364
|-status|p2a: Azumarill|brn
|
|-heal|p1a: Heatran|153\/386|[from] item: Leftovers
|-damage|p2a: Azumarill|0 fnt|[from] brn
|faint|p2a: Azumarill
|
|switch|p2a: Landorus-Therian|Landorus-Therian, M|280\/320
|-damage|p2a: Landorus-Therian|240\/320|[from] Stealth Rock
|-ability|p2a: Landorus-Therian|Intimidate|[of] p1a: Heatran
|-unboost|p1a: Heatran|atk|1
|turn|33
|
|move|p1a: Heatran|Protect|p1a: Heatran
|-singleturn|p1a: Heatran|Protect
|move|p2a: Landorus-Therian|Earthquake|p1a: Heatran
|-activate|p1a: Heatran|Protect
|
|-heal|p1a: Heatran|177\/386|[from] item: Leftovers
|turn|34
|
|switch|p1a: Chesnaught|Chesnaught, M|354\/379
|-damage|p1a: Chesnaught|331\/379|[from] Stealth Rock
|move|p2a: Landorus-Therian|Earthquake|p1a: Chesnaught
|-resisted|p1a: Chesnaught
|-damage|p1a: Chesnaught|253\/379
|
|-heal|p1a: Chesnaught|276\/379|[from] item: Leftovers
|turn|35
|
|switch|p2a: Sableye|Sableye-Mega, F|205\/304
|-damage|p2a: Sableye|167\/304|[from] Stealth Rock
|move|p1a: Chesnaught|Leech Seed|p2a: Sableye
|move|p2a: Sableye|Leech Seed|p1a: Chesnaught|[from]Magic Bounce
|-immune|p1a: Chesnaught|[msg]
|
|-heal|p1a: Chesnaught|299\/379|[from] item: Leftovers
|turn|36
|
|switch|p1a: Clefable|Clefable, F|329\/394 tox
|move|p2a: Sableye|Recover|p2a: Sableye
|-heal|p2a: Sableye|304\/304
|
|turn|37
|
|switch|p2a: Heatran|Heatran, F|160\/386 par
|-damage|p2a: Heatran|112\/386 par|[from] Stealth Rock
|move|p1a: Clefable|Heal Bell|p1a: Clefable
|-cureteam|p1a: Clefable|[from] move: HealBell
|
|-heal|p2a: Heatran|136\/386 par|[from] item: Leftovers
|turn|38
|
|switch|p1a: Politoed|Politoed, M|372\/372
|-damage|p1a: Politoed|326\/372|[from] Stealth Rock
|move|p2a: Heatran|Toxic|p1a: Politoed
|-status|p1a: Politoed|tox
|
|-heal|p1a: Politoed|349\/372 tox|[from] item: Leftovers
|-heal|p2a: Heatran|160\/386 par|[from] item: Leftovers
|-damage|p1a: Politoed|326\/372 tox|[from] psn
|turn|39
|
|move|p1a: Politoed|Scald|p2a: Heatran
|-supereffective|p2a: Heatran
|-damage|p2a: Heatran|40\/386 par
|move|p2a: Heatran|Roar|p1a: Politoed
|drag|p1a: Clefable|Clefable, F|329\/394
|
|-heal|p2a: Heatran|64\/386 par|[from] item: Leftovers
|turn|40
|
|move|p1a: Clefable|Heal Bell|p1a: Clefable
|-cureteam|p1a: Clefable|[from] move: HealBell
|cant|p2a: Heatran|par
|
|-heal|p2a: Heatran|88\/386 par|[from] item: Leftovers
|turn|41
|
|switch|p1a: Politoed|Politoed, M|326\/372
|-damage|p1a: Politoed|280\/372|[from] Stealth Rock
|move|p2a: Heatran|Roar|p1a: Politoed
|drag|p1a: Clefable|Clefable, F|329\/394
|
|-heal|p2a: Heatran|112\/386 par|[from] item: Leftovers
|turn|42
|
|move|p1a: Clefable|Moonblast|p2a: Heatran
|-resisted|p2a: Heatran
|-damage|p2a: Heatran|94\/386 par
|cant|p2a: Heatran|par
|
|-heal|p2a: Heatran|118\/386 par|[from] item: Leftovers
|turn|43
|
|move|p1a: Clefable|Moonblast|p2a: Heatran
|-resisted|p2a: Heatran
|-damage|p2a: Heatran|102\/386 par
|cant|p2a: Heatran|par
|
|-heal|p2a: Heatran|126\/386 par|[from] item: Leftovers
|turn|44
|
|move|p1a: Clefable|Moonblast|p2a: Heatran
|-resisted|p2a: Heatran
|-damage|p2a: Heatran|107\/386 par
|-unboost|p2a: Heatran|spa|1
|move|p2a: Heatran|Roar|p1a: Clefable
|drag|p1a: Heatran|Heatran, F|177\/386
|-damage|p1a: Heatran|129\/386|[from] Stealth Rock
|
|-heal|p1a: Heatran|153\/386|[from] item: Leftovers
|-heal|p2a: Heatran|131\/386 par|[from] item: Leftovers
|turn|45
|
|switch|p1a: Politoed|Politoed, M|280\/372
|-damage|p1a: Politoed|234\/372|[from] Stealth Rock
|move|p2a: Heatran|Roar|p1a: Politoed
|drag|p1a: Heatran|Heatran, F|153\/386
|-damage|p1a: Heatran|105\/386|[from] Stealth Rock
|
|-heal|p1a: Heatran|129\/386|[from] item: Leftovers
|-heal|p2a: Heatran|155\/386 par|[from] item: Leftovers
|turn|46
|
|move|p1a: Heatran|Protect|p1a: Heatran
|-singleturn|p1a: Heatran|Protect
|cant|p2a: Heatran|par
|
|-heal|p1a: Heatran|153\/386|[from] item: Leftovers
|-heal|p2a: Heatran|179\/386 par|[from] item: Leftovers
|turn|47
|
|move|p1a: Heatran|Roar|p2a: Heatran
|drag|p2a: Sableye|Sableye-Mega, F|304\/304
|-damage|p2a: Sableye|266\/304|[from] Stealth Rock
|
|-heal|p1a: Heatran|177\/386|[from] item: Leftovers
|turn|48
|
|switch|p1a: Politoed|Politoed, M|234\/372
|-damage|p1a: Politoed|188\/372|[from] Stealth Rock
|move|p2a: Sableye|Calm Mind|p2a: Sableye
|-boost|p2a: Sableye|spa|1
|-boost|p2a: Sableye|spd|1
|
|-heal|p1a: Politoed|211\/372|[from] item: Leftovers
|turn|49
|
|move|p1a: Politoed|Perish Song|p1a: Politoed
|-fieldactivate|move: Perish Song
|move|p2a: Sableye|Shadow Ball|p1a: Politoed
|-damage|p1a: Politoed|127\/372
|
|-start|p1a: Politoed|perish3
|-start|p2a: Sableye|perish3
|-heal|p1a: Politoed|150\/372|[from] item: Leftovers
|turn|50
|
|move|p1a: Politoed|Whirlpool|p2a: Sableye|[miss]
|-miss|p1a: Politoed|p2a: Sableye
|move|p2a: Sableye|Shadow Ball|p1a: Politoed
|-damage|p1a: Politoed|65\/372
|
|-start|p1a: Politoed|perish2
|-start|p2a: Sableye|perish2
|-heal|p1a: Politoed|88\/372|[from] item: Leftovers
|turn|51
|
|move|p1a: Politoed|Rest|p1a: Politoed
|-status|p1a: Politoed|slp
|-heal|p1a: Politoed|372\/372 slp|[silent]
|-status|p1a: Politoed|slp|[from] move: Rest
|move|p2a: Sableye|Shadow Ball|p1a: Politoed
|-crit|p1a: Politoed
|-damage|p1a: Politoed|243\/372 slp
|
|-start|p1a: Politoed|perish1
|-start|p2a: Sableye|perish1
|-heal|p1a: Politoed|266\/372 slp|[from] item: Leftovers
|turn|52
|
|switch|p1a: Chesnaught|Chesnaught, M|299\/379
|-damage|p1a: Chesnaught|276\/379|[from] Stealth Rock
|switch|p2a: Landorus-Therian|Landorus-Therian, M|240\/320
|-damage|p2a: Landorus-Therian|200\/320|[from] Stealth Rock
|-ability|p2a: Landorus-Therian|Intimidate|[of] p1a: Chesnaught
|-unboost|p1a: Chesnaught|atk|1
|
|-heal|p1a: Chesnaught|299\/379|[from] item: Leftovers
|turn|53
|
|move|p1a: Chesnaught|Spiky Shield|p1a: Chesnaught
|-singleturn|p1a: Chesnaught|move: Protect
|move|p2a: Landorus-Therian|U-turn|p1a: Chesnaught
|-activate|p1a: Chesnaught|move: Protect
|-damage|p2a: Landorus-Therian|160\/320|[from] Spiky Shield|[of] p1a: Chesnaught
|
|-heal|p1a: Chesnaught|322\/379|[from] item: Leftovers
|turn|54
|
|switch|p1a: Clefable|Clefable, F|329\/394
|move|p2a: Landorus-Therian|U-turn|p1a: Clefable
|-resisted|p1a: Clefable
|-damage|p1a: Clefable|283\/394
|
|switch|p2a: Heatran|Heatran, F|179\/386 par
|-damage|p2a: Heatran|131\/386 par|[from] Stealth Rock
|
|-heal|p2a: Heatran|155\/386 par|[from] item: Leftovers
|turn|55
|
|move|p1a: Clefable|Heal Bell|p1a: Clefable
|-cureteam|p1a: Clefable|[from] move: HealBell
|move|p2a: Heatran|Roar|p1a: Clefable
|drag|p1a: Politoed|Politoed, M|266\/372
|-damage|p1a: Politoed|220\/372|[from] Stealth Rock
|
|-heal|p1a: Politoed|243\/372|[from] item: Leftovers
|-heal|p2a: Heatran|179\/386 par|[from] item: Leftovers
|turn|56
|
|move|p1a: Politoed|Scald|p2a: Heatran
|-crit|p2a: Heatran
|-supereffective|p2a: Heatran
|-damage|p2a: Heatran|0 fnt
|faint|p2a: Heatran
|
|-heal|p1a: Politoed|266\/372|[from] item: Leftovers
|
|switch|p2a: Landorus-Therian|Landorus-Therian, M|160\/320
|-damage|p2a: Landorus-Therian|120\/320|[from] Stealth Rock
|-ability|p2a: Landorus-Therian|Intimidate|[of] p1a: Politoed
|-unboost|p1a: Politoed|atk|1
|turn|57
|
|switch|p1a: Chesnaught|Chesnaught, M|322\/379
|-damage|p1a: Chesnaught|299\/379|[from] Stealth Rock
|move|p2a: Landorus-Therian|Knock Off|p1a: Chesnaught
|-resisted|p1a: Chesnaught
|-damage|p1a: Chesnaught|251\/379
|-enditem|p1a: Chesnaught|Leftovers|[from] move: Knock Off|[of] p2a: Landorus-Therian
|
|turn|58
|
|switch|p2a: Sableye|Sableye-Mega, F|266\/304
|-damage|p2a: Sableye|228\/304|[from] Stealth Rock
|switch|p1a: Clefable|Clefable, F|283\/394
|
|turn|59
|
|move|p1a: Clefable|Moonblast|p2a: Sableye
|-supereffective|p2a: Sableye
|-damage|p2a: Sableye|42\/304
|-unboost|p2a: Sableye|spa|1
|move|p2a: Sableye|Calm Mind|p2a: Sableye
|-boost|p2a: Sableye|spa|1
|-boost|p2a: Sableye|spd|1
|
|turn|60
|c|âSolinvictus 23|gg
|c|âJTewi|gg
|c|âSolinvictus 23|too long for me
|-message|Solinvictus 23 forfeited.
|leave|Solinvictus 23
|
|win|JTewi
|raw|Ladder updating...
|player|p2
|raw|JTewi's rating: 1368 &rarr; <strong>1387<\/strong><br \/>(+19 for winning)
|raw|Solinvictus 23's rating: 1350 &rarr; <strong>1331<\/strong><br \/>(-19 for losing)