|join|JTewi
|join|Monster 87
|player|p1|JTewi|266
|player|p2|Monster 87|170
|gametype|singles
|gen|6
|tier|OU (suspect test)
|rated
|clearpoke
|poke|p1|Venusaur, M
|poke|p1|Victini
|poke|p1|Slowbro, M
|poke|p1|Skarmory, F
|poke|p1|Audino, F
|poke|p1|Conkeldurr, M
|poke|p2|Bisharp, F
|poke|p2|Azumarill, M
|poke|p2|Breloom, F
|poke|p2|Manectric, F
|poke|p2|Kyurem-Black
|poke|p2|Mew
|rule|Swagger Clause: Swagger is banned
|rule|Baton Pass Clause: Limit one PokÃ©mon knowing Baton Pass
|rule|Sleep Clause Mod: Limit one foe put to sleep
|rule|Species Clause: Limit one of each PokÃ©mon
|rule|OHKO Clause: OHKO moves are banned
|rule|Moody Clause: Moody is banned
|rule|Evasion Moves Clause: Evasion moves are banned
|rule|Endless Battle Clause: Forcing endless battles is banned
|rule|HP Percentage Mod: HP is shown in percentages
|teampreview
|
|start
|switch|p1a: Venusaur|Venusaur, M|363\/363
|switch|p2a: Pink Ranger|Mew|403\/403
|turn|1
|
|detailschange|p1a: Venusaur|Venusaur-Mega, M
|-mega|p1a: Venusaur|Venusaur|Venusaurite
|move|p2a: Pink Ranger|Taunt|p1a: Venusaur
|-start|p1a: Venusaur|move: Taunt
|move|p1a: Venusaur|Knock Off|p2a: Pink Ranger
|-supereffective|p2a: Pink Ranger
|-damage|p2a: Pink Ranger|269\/403
|-enditem|p2a: Pink Ranger|Leftovers|[from] move: Knock Off|[of] p1a: Venusaur
|
|turn|2
|
|switch|p1a: Victini|Victini|341\/341
|move|p2a: Pink Ranger|Thunder Wave|p1a: Victini
|-status|p1a: Victini|par
|
|turn|3
|
|move|p2a: Pink Ranger|Stealth Rock|p1a: Victini
|-sidestart|p1: JTewi|move: Stealth Rock
|cant|p1a: Victini|par
|
|turn|4
|
|switch|p2a: Black Ranger|Kyurem-Black|399\/399
|-ability|p2a: Black Ranger|Teravolt
|move|p1a: Victini|V-create|p2a: Black Ranger
|-crit|p2a: Black Ranger
|-damage|p2a: Black Ranger|0 fnt
|-unboost|p1a: Victini|def|1
|-unboost|p1a: Victini|spd|1
|-unboost|p1a: Victini|spe|1
|faint|p2a: Black Ranger
|
|
|switch|p2a: Yellow Ranger|Manectric, F|281\/281
|turn|5
|
|switch|p1a: Venusaur|Venusaur-Mega, M|363\/363
|-damage|p1a: Venusaur|318\/363|[from] Stealth Rock
|detailschange|p2a: Yellow Ranger|Manectric-Mega, F
|-mega|p2a: Yellow Ranger|Manectric|Manectite
|-ability|p2a: Yellow Ranger|Intimidate|[of] p1a: Venusaur
|-unboost|p1a: Venusaur|atk|1
|move|p2a: Yellow Ranger|Volt Switch|p1a: Venusaur
|-resisted|p1a: Venusaur
|-damage|p1a: Venusaur|267\/363
|
|switch|p2a: Pink Ranger|Mew|269\/403
|
|turn|6
|
|switch|p2a: Blue Ranger|Azumarill, M|363\/363
|switch|p1a: Victini|Victini|341\/341 par
|-damage|p1a: Victini|256\/341 par|[from] Stealth Rock
|
|turn|7
|
|switch|p1a: Slowbro|Slowbro, M|393\/393
|-damage|p1a: Slowbro|344\/393|[from] Stealth Rock
|move|p2a: Blue Ranger|Waterfall|p1a: Slowbro
|-resisted|p1a: Slowbro
|-damage|p1a: Slowbro|249\/393
|
|-heal|p1a: Slowbro|273\/393|[from] item: Leftovers
|turn|8
|
|switch|p2a: Pink Ranger|Mew|269\/403
|move|p1a: Slowbro|Trick Room|p1a: Slowbro
|-fieldstart|move: Trick Room|[of] p1a: Slowbro
|
|-heal|p1a: Slowbro|297\/393|[from] item: Leftovers
|turn|9
|
|move|p1a: Slowbro|Toxic|p2a: Pink Ranger
|-status|p2a: Pink Ranger|tox
|-status|p1a: Slowbro|tox
|move|p2a: Pink Ranger|Thunder Wave|p1a: Slowbro
|-fail|p1a: Slowbro
|
|-heal|p1a: Slowbro|321\/393 tox|[from] item: Leftovers
|-damage|p1a: Slowbro|297\/393 tox|[from] psn
|-damage|p2a: Pink Ranger|244\/403 tox|[from] psn
|turn|10
|
|switch|p1a: Audino|Audino, F|409\/409
|-damage|p1a: Audino|358\/409|[from] Stealth Rock
|switch|p2a: Green Ranger|Breloom, F|261\/261
|
|-heal|p1a: Audino|383\/409|[from] item: Leftovers
|turn|11
|
|switch|p1a: Venusaur|Venusaur-Mega, M|267\/363
|-damage|p1a: Venusaur|222\/363|[from] Stealth Rock
|move|p2a: Green Ranger|Force Palm|p1a: Venusaur
|-resisted|p1a: Venusaur
|-damage|p1a: Venusaur|140\/363
|-damage|p2a: Green Ranger|235\/261|[from] item: Life Orb
|
|turn|12
|
|switch|p2a: Red Ranger|Bisharp, F|291\/291
|move|p1a: Venusaur|Synthesis|p1a: Venusaur
|-heal|p1a: Venusaur|321\/363
|
|-fieldend|move: Trick Room
|turn|13
|
|switch|p2a: Yellow Ranger|Manectric-Mega, F|281\/281
|-ability|p2a: Yellow Ranger|Intimidate|[of] p1a: Venusaur
|-unboost|p1a: Venusaur|atk|1
|switch|p1a: Conkeldurr|Conkeldurr, M|413\/413
|-damage|p1a: Conkeldurr|388\/413|[from] Stealth Rock
|
|turn|14
|
|move|p2a: Yellow Ranger|Volt Switch|p1a: Conkeldurr
|-damage|p1a: Conkeldurr|219\/413
|
|switch|p2a: Blue Ranger|Azumarill, M|363\/363
|move|p1a: Conkeldurr|Ice Punch|p2a: Blue Ranger
|-crit|p2a: Blue Ranger
|-resisted|p2a: Blue Ranger
|-damage|p2a: Blue Ranger|195\/363
|
|turn|15
|
|switch|p1a: Skarmory|Skarmory, F|333\/333
|-damage|p1a: Skarmory|292\/333|[from] Stealth Rock
|move|p2a: Blue Ranger|Knock Off|p1a: Skarmory
|-damage|p1a: Skarmory|164\/333
|-enditem|p1a: Skarmory|Shed Shell|[from] move: Knock Off|[of] p2a: Blue Ranger
|
|turn|16
|
|switch|p2a: Yellow Ranger|Manectric-Mega, F|281\/281
|-ability|p2a: Yellow Ranger|Intimidate|[of] p1a: Skarmory
|-unboost|p1a: Skarmory|atk|1
|move|p1a: Skarmory|Stealth Rock|p2a: Yellow Ranger
|-sidestart|p2: Monster 87|move: Stealth Rock
|
|turn|17
|
|switch|p1a: Audino|Audino, F|409\/409
|-damage|p1a: Audino|358\/409|[from] Stealth Rock
|move|p2a: Yellow Ranger|Volt Switch|p1a: Audino
|-crit|p1a: Audino
|-damage|p1a: Audino|204\/409
|
|switch|p2a: Green Ranger|Breloom, F|235\/261
|-damage|p2a: Green Ranger|219\/261|[from] Stealth Rock
|
|-heal|p1a: Audino|229\/409|[from] item: Leftovers
|turn|18
|
|switch|p1a: Venusaur|Venusaur-Mega, M|321\/363
|-damage|p1a: Venusaur|276\/363|[from] Stealth Rock
|move|p2a: Green Ranger|Force Palm|p1a: Venusaur
|-resisted|p1a: Venusaur
|-damage|p1a: Venusaur|190\/363
|-status|p1a: Venusaur|par
|-damage|p2a: Green Ranger|193\/261|[from] item: Life Orb
|
|turn|19
|
|switch|p2a: Red Ranger|Bisharp, F|291\/291
|-damage|p2a: Red Ranger|273\/291|[from] Stealth Rock
|move|p1a: Venusaur|Synthesis|p1a: Venusaur
|-heal|p1a: Venusaur|363\/363 par
|
|turn|20
|
|switch|p1a: Skarmory|Skarmory, F|164\/333
|-damage|p1a: Skarmory|123\/333|[from] Stealth Rock
|move|p2a: Red Ranger|Iron Head|p1a: Skarmory
|-resisted|p1a: Skarmory
|-damage|p1a: Skarmory|79\/333
|
|turn|21
|
|move|p2a: Red Ranger|Swords Dance|p2a: Red Ranger
|-boost|p2a: Red Ranger|atk|2
|move|p1a: Skarmory|Roost|p1a: Skarmory
|-heal|p1a: Skarmory|246\/333
|
|turn|22
|
|move|p2a: Red Ranger|Iron Head|p1a: Skarmory
|-resisted|p1a: Skarmory
|-damage|p1a: Skarmory|166\/333
|move|p1a: Skarmory|Brave Bird|p2a: Red Ranger
|-resisted|p2a: Red Ranger
|-damage|p2a: Red Ranger|218\/291
|-damage|p1a: Skarmory|148\/333|[from] recoil|[of] p2a: Red Ranger
|
|turn|23
|
|move|p2a: Red Ranger|Swords Dance|p2a: Red Ranger
|-boost|p2a: Red Ranger|atk|2
|move|p1a: Skarmory|Brave Bird|p2a: Red Ranger
|-resisted|p2a: Red Ranger
|-damage|p2a: Red Ranger|164\/291
|-damage|p1a: Skarmory|130\/333|[from] recoil|[of] p2a: Red Ranger
|
|turn|24
|
|move|p2a: Red Ranger|Knock Off|p1a: Skarmory
|-damage|p1a: Skarmory|0 fnt
|faint|p1a: Skarmory
|
|
|switch|p1a: Conkeldurr|Conkeldurr, M|219\/413
|-damage|p1a: Conkeldurr|194\/413|[from] Stealth Rock
|turn|25
|
|move|p2a: Red Ranger|Sucker Punch|p1a: Conkeldurr
|-resisted|p1a: Conkeldurr
|-damage|p1a: Conkeldurr|0 fnt
|faint|p1a: Conkeldurr
|
|-message|JTewi forfeited.
|leave|JTewi
|
|win|Monster 87
|raw|Ladder updating...
|player|p1
|raw|JTewi's rating: 1340 &rarr; <strong>1324<\/strong><br \/>(-16 for losing)
|raw|Monster 87's rating: 1416 &rarr; <strong>1432<\/strong><br \/>(+16 for winning)