|join|JTewi
|join|Huge Fan
|player|p1|JTewi|101
|player|p2|Huge Fan|33
|gametype|singles
|gen|6
|tier|OU (suspect test)
|rated
|clearpoke
|poke|p1|Sableye, M
|poke|p1|Heatran, M
|poke|p1|Celebi
|poke|p1|Chesnaught, M
|poke|p1|Rotom-Wash
|poke|p1|Terrakion
|poke|p2|Gyarados, M
|poke|p2|Latios, M
|poke|p2|Ferrothorn, M
|poke|p2|Talonflame, F
|poke|p2|Raikou
|poke|p2|Kyurem-Black
|rule|Swagger Clause: Swagger is banned
|rule|Baton Pass Clause: Limit one PokÃ©mon knowing Baton Pass
|rule|Sleep Clause Mod: Limit one foe put to sleep
|rule|Species Clause: Limit one of each PokÃ©mon
|rule|OHKO Clause: OHKO moves are banned
|rule|Moody Clause: Moody is banned
|rule|Evasion Moves Clause: Evasion moves are banned
|rule|Endless Battle Clause: Forcing endless battles is banned
|rule|HP Percentage Mod: HP is shown in percentages
|teampreview
|
|start
|switch|p1a: Sableye|Sableye, M|303\/303
|switch|p2a: Raikou|Raikou|321\/321
|-ability|p2a: Raikou|Pressure
|turn|1
|
|detailschange|p1a: Sableye|Sableye-Mega, M
|-mega|p1a: Sableye|Sableye|Sablenite
|move|p1a: Sableye|Calm Mind|p1a: Sableye
|-boost|p1a: Sableye|spa|1
|-boost|p1a: Sableye|spd|1
|move|p2a: Raikou|Volt Switch|p1a: Sableye
|-damage|p1a: Sableye|230\/303
|
|switch|p2a: Talonflame|Talonflame, F|298\/298
|
|turn|2
|
|switch|p1a: Rotom-Wash|Rotom-Wash|303\/303
|move|p2a: Talonflame|Swords Dance|p2a: Talonflame
|-boost|p2a: Talonflame|atk|2
|
|turn|3
|
|switch|p2a: Ferrothorn|Ferrothorn, M|351\/351
|move|p1a: Rotom-Wash|Volt Switch|p2a: Ferrothorn
|-resisted|p2a: Ferrothorn
|-damage|p2a: Ferrothorn|315\/351
|
|switch|p1a: Sableye|Sableye-Mega, M|230\/303
|
|-heal|p2a: Ferrothorn|336\/351|[from] item: Leftovers
|turn|4
|
|switch|p2a: Talonflame|Talonflame, F|298\/298
|move|p1a: Sableye|Knock Off|p2a: Talonflame
|-damage|p2a: Talonflame|183\/298
|-enditem|p2a: Talonflame|Sitrus Berry|[from] move: Knock Off|[of] p1a: Sableye
|
|turn|5
|
|switch|p1a: Rotom-Wash|Rotom-Wash|303\/303
|move|p2a: Talonflame|Roost|p2a: Talonflame
|-heal|p2a: Talonflame|298\/298
|
|turn|6
|
|switch|p2a: Ferrothorn|Ferrothorn, M|336\/351
|move|p1a: Rotom-Wash|Will-O-Wisp|p2a: Ferrothorn
|-status|p2a: Ferrothorn|brn
|
|-heal|p2a: Ferrothorn|351\/351 brn|[from] item: Leftovers
|-damage|p2a: Ferrothorn|308\/351 brn|[from] brn
|turn|7
|
|move|p1a: Rotom-Wash|Volt Switch|p2a: Ferrothorn
|-crit|p2a: Ferrothorn
|-resisted|p2a: Ferrothorn
|-damage|p2a: Ferrothorn|251\/351 brn
|
|switch|p1a: Sableye|Sableye-Mega, M|230\/303
|move|p2a: Ferrothorn|Knock Off|p1a: Sableye
|-damage|p1a: Sableye|215\/303
|
|-heal|p2a: Ferrothorn|272\/351 brn|[from] item: Leftovers
|-damage|p2a: Ferrothorn|229\/351 brn|[from] brn
|turn|8
|
|switch|p2a: Talonflame|Talonflame, F|298\/298
|move|p1a: Sableye|Recover|p1a: Sableye
|-heal|p1a: Sableye|303\/303
|
|turn|9
|
|switch|p2a: Doomsnake|Gyarados, M|331\/331
|-ability|p2a: Doomsnake|Intimidate|[of] p1a: Sableye
|-unboost|p1a: Sableye|atk|1
|switch|p1a: Rotom-Wash|Rotom-Wash|303\/303
|
|turn|10
|
|switch|p1a: Chesnaught|Chesnaught, M|379\/379
|detailschange|p2a: Doomsnake|Gyarados-Mega, M
|-mega|p2a: Doomsnake|Gyarados|Gyaradosite
|-ability|p2a: Doomsnake|Mold Breaker
|move|p2a: Doomsnake|Earthquake|p1a: Chesnaught
|-resisted|p1a: Chesnaught
|-damage|p1a: Chesnaught|331\/379
|
|-heal|p1a: Chesnaught|354\/379|[from] item: Leftovers
|turn|11
|
|switch|p2a: Ferrothorn|Ferrothorn, M|229\/351 brn
|move|p1a: Chesnaught|Leech Seed|p2a: Ferrothorn
|-immune|p2a: Ferrothorn|[msg]
|
|-heal|p1a: Chesnaught|377\/379|[from] item: Leftovers
|-heal|p2a: Ferrothorn|250\/351 brn|[from] item: Leftovers
|-damage|p2a: Ferrothorn|207\/351 brn|[from] brn
|turn|12
|
|switch|p1a: Sableye|Sableye-Mega, M|303\/303
|switch|p2a: Raikou|Raikou|321\/321
|-ability|p2a: Raikou|Pressure
|
|turn|13
|
|switch|p1a: Celebi|Celebi|404\/404
|move|p2a: Raikou|Volt Switch|p1a: Celebi
|-resisted|p1a: Celebi
|-damage|p1a: Celebi|362\/404
|
|switch|p2a: Talonflame|Talonflame, F|298\/298
|
|-heal|p1a: Celebi|387\/404|[from] item: Leftovers
|turn|14
|
|switch|p1a: Heatran|Heatran, M|385\/385
|move|p2a: Talonflame|Flare Blitz|p1a: Heatran
|-start|p1a: Heatran|ability: Flash Fire
|
|turn|15
|
|move|p2a: Talonflame|Swords Dance|p2a: Talonflame
|-boost|p2a: Talonflame|atk|2
|move|p1a: Heatran|Stealth Rock|p2a: Talonflame
|-sidestart|p2: Huge Fan|move: Stealth Rock
|
|turn|16
|
|move|p2a: Talonflame|Acrobatics|p1a: Heatran
|-resisted|p1a: Heatran
|-damage|p1a: Heatran|246\/385
|move|p1a: Heatran|Roar|p2a: Talonflame
|drag|p2a: Raikou|Raikou|321\/321
|-damage|p2a: Raikou|281\/321|[from] Stealth Rock
|-ability|p2a: Raikou|Pressure
|
|-heal|p1a: Heatran|270\/385|[from] item: Leftovers
|turn|17
|
|move|p1a: Heatran|Protect|p1a: Heatran
|-singleturn|p1a: Heatran|Protect
|move|p2a: Raikou|Volt Switch|p1a: Heatran
|-activate|p1a: Heatran|Protect
|
|-heal|p1a: Heatran|294\/385|[from] item: Leftovers
|turn|18
|
|switch|p1a: Celebi|Celebi|387\/404
|move|p2a: Raikou|Thunderbolt|p1a: Celebi
|-resisted|p1a: Celebi
|-damage|p1a: Celebi|339\/404
|
|-heal|p1a: Celebi|364\/404|[from] item: Leftovers
|turn|19
|
|move|p2a: Raikou|Shadow Ball|p1a: Celebi
|-supereffective|p1a: Celebi
|-damage|p1a: Celebi|228\/404
|move|p1a: Celebi|Shadow Ball|p2a: Raikou
|-damage|p2a: Raikou|238\/321
|-unboost|p2a: Raikou|spd|1
|
|-heal|p1a: Celebi|253\/404|[from] item: Leftovers
|turn|20
|
|move|p2a: Raikou|Shadow Ball|p1a: Celebi
|-supereffective|p1a: Celebi
|-damage|p1a: Celebi|125\/404
|move|p1a: Celebi|Recover|p1a: Celebi
|-heal|p1a: Celebi|327\/404
|
|-heal|p1a: Celebi|352\/404|[from] item: Leftovers
|turn|21
|
|move|p2a: Raikou|Volt Switch|p1a: Celebi
|-resisted|p1a: Celebi
|-damage|p1a: Celebi|313\/404
|
|switch|p2a: Doomsnake|Gyarados-Mega, M|331\/331
|-damage|p2a: Doomsnake|290\/331|[from] Stealth Rock
|-ability|p2a: Doomsnake|Mold Breaker
|move|p1a: Celebi|Recover|p1a: Celebi
|-heal|p1a: Celebi|404\/404
|
|turn|22
|
|switch|p1a: Chesnaught|Chesnaught, M|377\/379
|move|p2a: Doomsnake|Dragon Dance|p2a: Doomsnake
|-boost|p2a: Doomsnake|atk|1
|-boost|p2a: Doomsnake|spe|1
|
|-heal|p1a: Chesnaught|379\/379|[from] item: Leftovers
|turn|23
|
|move|p2a: Doomsnake|Dragon Dance|p2a: Doomsnake
|-boost|p2a: Doomsnake|atk|1
|-boost|p2a: Doomsnake|spe|1
|move|p1a: Chesnaught|Drain Punch|p2a: Doomsnake
|-supereffective|p2a: Doomsnake
|-damage|p2a: Doomsnake|104\/331
|
|turn|24
|
|move|p2a: Doomsnake|Crunch|p1a: Chesnaught
|-resisted|p1a: Chesnaught
|-damage|p1a: Chesnaught|259\/379
|move|p1a: Chesnaught|Drain Punch|p2a: Doomsnake
|-supereffective|p2a: Doomsnake
|-damage|p2a: Doomsnake|0 fnt
|-heal|p1a: Chesnaught|311\/379|[from] drain|[of] p2a: Doomsnake
|faint|p2a: Doomsnake
|
|-heal|p1a: Chesnaught|334\/379|[from] item: Leftovers
|
|switch|p2a: Latios|Latios, M|301\/301
|-damage|p2a: Latios|264\/301|[from] Stealth Rock
|turn|25
|
|switch|p1a: Heatran|Heatran, M|294\/385
|move|p2a: Latios|Draco Meteor|p1a: Heatran
|-resisted|p1a: Heatran
|-damage|p1a: Heatran|198\/385
|-unboost|p2a: Latios|spa|2
|-damage|p2a: Latios|234\/301|[from] item: Life Orb
|
|-heal|p1a: Heatran|222\/385|[from] item: Leftovers
|turn|26
|
|move|p2a: Latios|Defog|p1a: Heatran
|-unboost|p1a: Heatran|evasion|1
|-sideend|p2: Huge Fan|Stealth Rock|[from] move: Defog|[of] p2a: Latios
|move|p1a: Heatran|Lava Plume|p2a: Latios
|-resisted|p2a: Latios
|-damage|p2a: Latios|177\/301
|
|-heal|p1a: Heatran|246\/385|[from] item: Leftovers
|turn|27
|
|move|p2a: Latios|Roost|p2a: Latios
|-heal|p2a: Latios|301\/301
|move|p1a: Heatran|Stealth Rock|p2a: Latios
|-sidestart|p2: Huge Fan|move: Stealth Rock
|
|-heal|p1a: Heatran|270\/385|[from] item: Leftovers
|turn|28
|
|move|p2a: Latios|Defog|p1a: Heatran
|-unboost|p1a: Heatran|evasion|1
|-sideend|p2: Huge Fan|Stealth Rock|[from] move: Defog|[of] p2a: Latios
|move|p1a: Heatran|Lava Plume|p2a: Latios
|-resisted|p2a: Latios
|-damage|p2a: Latios|243\/301
|
|-heal|p1a: Heatran|294\/385|[from] item: Leftovers
|turn|29
|
|switch|p2a: Kyurem-Black|Kyurem-Black|391\/391
|-ability|p2a: Kyurem-Black|Teravolt
|move|p1a: Heatran|Stealth Rock|p2a: Kyurem-Black
|-sidestart|p2: Huge Fan|move: Stealth Rock
|
|-heal|p1a: Heatran|318\/385|[from] item: Leftovers
|turn|30
|
|switch|p1a: Celebi|Celebi|404\/404
|move|p2a: Kyurem-Black|Earth Power|p1a: Celebi
|-resisted|p1a: Celebi
|-damage|p1a: Celebi|372\/404
|
|-heal|p1a: Celebi|397\/404|[from] item: Leftovers
|turn|31
|
|switch|p2a: Ferrothorn|Ferrothorn, M|207\/351 brn
|-damage|p2a: Ferrothorn|186\/351 brn|[from] Stealth Rock
|move|p1a: Celebi|Perish Song|p1a: Celebi
|-fieldactivate|move: Perish Song
|
|-start|p1a: Celebi|perish3
|-start|p2a: Ferrothorn|perish3
|-heal|p1a: Celebi|404\/404|[from] item: Leftovers
|-heal|p2a: Ferrothorn|207\/351 brn|[from] item: Leftovers
|-damage|p2a: Ferrothorn|164\/351 brn|[from] brn
|turn|32
|
|switch|p1a: Sableye|Sableye-Mega, M|303\/303
|move|p2a: Ferrothorn|Knock Off|p1a: Sableye
|-damage|p1a: Sableye|287\/303
|
|-start|p2a: Ferrothorn|perish2
|-heal|p2a: Ferrothorn|185\/351 brn|[from] item: Leftovers
|-damage|p2a: Ferrothorn|142\/351 brn|[from] brn
|turn|33
|
|switch|p2a: Kyurem-Black|Kyurem-Black|391\/391
|-damage|p2a: Kyurem-Black|294\/391|[from] Stealth Rock
|-ability|p2a: Kyurem-Black|Teravolt
|move|p1a: Sableye|Knock Off|p2a: Kyurem-Black
|-damage|p2a: Kyurem-Black|207\/391
|-enditem|p2a: Kyurem-Black|Choice Scarf|[from] move: Knock Off|[of] p1a: Sableye
|
|turn|34
|
|move|p2a: Kyurem-Black|Dragon Claw|p1a: Sableye
|-damage|p1a: Sableye|173\/303
|move|p1a: Sableye|Recover|p1a: Sableye
|-heal|p1a: Sableye|303\/303
|
|turn|35
|
|move|p2a: Kyurem-Black|Ice Beam|p1a: Sableye
|-damage|p1a: Sableye|188\/303
|move|p1a: Sableye|Dark Pulse|p2a: Kyurem-Black
|-damage|p2a: Kyurem-Black|111\/391
|
|turn|36
|
|move|p2a: Kyurem-Black|Ice Beam|p1a: Sableye
|-damage|p1a: Sableye|82\/303
|move|p1a: Sableye|Recover|p1a: Sableye
|-heal|p1a: Sableye|234\/303
|
|turn|37
|
|move|p2a: Kyurem-Black|Ice Beam|p1a: Sableye
|-damage|p1a: Sableye|131\/303
|move|p1a: Sableye|Recover|p1a: Sableye
|-heal|p1a: Sableye|283\/303
|
|turn|38
|
|move|p2a: Kyurem-Black|Ice Beam|p1a: Sableye
|-damage|p1a: Sableye|178\/303
|move|p1a: Sableye|Dark Pulse|p2a: Kyurem-Black
|-crit|p2a: Kyurem-Black
|-damage|p2a: Kyurem-Black|0 fnt
|faint|p2a: Kyurem-Black
|
|
|switch|p2a: Latios|Latios, M|243\/301
|-damage|p2a: Latios|206\/301|[from] Stealth Rock
|turn|39
|
|switch|p1a: Heatran|Heatran, M|318\/385
|move|p2a: Latios|Draco Meteor|p1a: Heatran
|-resisted|p1a: Heatran
|-damage|p1a: Heatran|205\/385
|-unboost|p2a: Latios|spa|2
|-damage|p2a: Latios|176\/301|[from] item: Life Orb
|
|-heal|p1a: Heatran|229\/385|[from] item: Leftovers
|turn|40
|
|move|p2a: Latios|Roost|p2a: Latios
|-heal|p2a: Latios|301\/301
|move|p1a: Heatran|Lava Plume|p2a: Latios
|-resisted|p2a: Latios
|-damage|p2a: Latios|250\/301
|-status|p2a: Latios|brn
|
|-heal|p1a: Heatran|253\/385|[from] item: Leftovers
|-damage|p2a: Latios|213\/301 brn|[from] brn
|turn|41
|
|move|p1a: Heatran|Protect|p1a: Heatran
|-singleturn|p1a: Heatran|Protect
|move|p2a: Latios|Defog|p1a: Heatran
|-activate|p1a: Heatran|Protect
|
|-heal|p1a: Heatran|277\/385|[from] item: Leftovers
|-damage|p2a: Latios|176\/301 brn|[from] brn
|turn|42
|
|move|p2a: Latios|Defog|p1a: Heatran
|-unboost|p1a: Heatran|evasion|1
|-sideend|p2: Huge Fan|Stealth Rock|[from] move: Defog|[of] p2a: Latios
|move|p1a: Heatran|Stealth Rock|p2a: Latios
|-sidestart|p2: Huge Fan|move: Stealth Rock
|
|-heal|p1a: Heatran|301\/385|[from] item: Leftovers
|-damage|p2a: Latios|139\/301 brn|[from] brn
|turn|43
|
|move|p2a: Latios|Roost|p2a: Latios
|-heal|p2a: Latios|290\/301 brn
|move|p1a: Heatran|Roar|p2a: Latios
|drag|p2a: Raikou|Raikou|238\/321
|-damage|p2a: Raikou|198\/321|[from] Stealth Rock
|-ability|p2a: Raikou|Pressure
|
|-heal|p1a: Heatran|325\/385|[from] item: Leftovers
|turn|44
|
|switch|p1a: Celebi|Celebi|404\/404
|move|p2a: Raikou|Thunderbolt|p1a: Celebi
|-resisted|p1a: Celebi
|-damage|p1a: Celebi|347\/404
|
|-heal|p1a: Celebi|372\/404|[from] item: Leftovers
|turn|45
|
|move|p2a: Raikou|Shadow Ball|p1a: Celebi
|-supereffective|p1a: Celebi
|-damage|p1a: Celebi|244\/404
|move|p1a: Celebi|Shadow Ball|p2a: Raikou
|-damage|p2a: Raikou|154\/321
|
|-heal|p1a: Celebi|269\/404|[from] item: Leftovers
|turn|46
|
|move|p2a: Raikou|Shadow Ball|p1a: Celebi
|-supereffective|p1a: Celebi
|-damage|p1a: Celebi|145\/404
|move|p1a: Celebi|Recover|p1a: Celebi
|-heal|p1a: Celebi|347\/404
|
|-heal|p1a: Celebi|372\/404|[from] item: Leftovers
|turn|47
|
|move|p2a: Raikou|Shadow Ball|p1a: Celebi
|-supereffective|p1a: Celebi
|-damage|p1a: Celebi|242\/404
|move|p1a: Celebi|Shadow Ball|p2a: Raikou
|-crit|p2a: Raikou
|-damage|p2a: Raikou|90\/321
|
|-heal|p1a: Celebi|267\/404|[from] item: Leftovers
|turn|48
|
|move|p2a: Raikou|Shadow Ball|p1a: Celebi
|-supereffective|p1a: Celebi
|-damage|p1a: Celebi|133\/404
|move|p1a: Celebi|Recover|p1a: Celebi
|-heal|p1a: Celebi|335\/404
|
|-heal|p1a: Celebi|360\/404|[from] item: Leftovers
|turn|49
|
|move|p2a: Raikou|Shadow Ball|p1a: Celebi
|-supereffective|p1a: Celebi
|-damage|p1a: Celebi|236\/404
|move|p1a: Celebi|Shadow Ball|p2a: Raikou
|-damage|p2a: Raikou|48\/321
|
|-heal|p1a: Celebi|261\/404|[from] item: Leftovers
|turn|50
|
|move|p2a: Raikou|Shadow Ball|p1a: Celebi
|-supereffective|p1a: Celebi
|-damage|p1a: Celebi|131\/404
|move|p1a: Celebi|Recover|p1a: Celebi
|-heal|p1a: Celebi|333\/404
|
|-heal|p1a: Celebi|358\/404|[from] item: Leftovers
|turn|51
|
|switch|p1a: Chesnaught|Chesnaught, M|334\/379
|move|p2a: Raikou|Shadow Ball|p1a: Chesnaught
|-immune|p1a: Chesnaught|[msg]|[from] Bulletproof
|
|-heal|p1a: Chesnaught|357\/379|[from] item: Leftovers
|turn|52
|
|move|p2a: Raikou|Hidden Power|p1a: Chesnaught
|-supereffective|p1a: Chesnaught
|-damage|p1a: Chesnaught|199\/379
|move|p1a: Chesnaught|Drain Punch|p2a: Raikou
|-damage|p2a: Raikou|0 fnt
|-heal|p1a: Chesnaught|223\/379|[from] drain|[of] p2a: Raikou
|faint|p2a: Raikou
|
|-heal|p1a: Chesnaught|246\/379|[from] item: Leftovers
|
|switch|p2a: Latios|Latios, M|290\/301 brn
|-damage|p2a: Latios|253\/301 brn|[from] Stealth Rock
|turn|53
|
|move|p1a: Chesnaught|Spiky Shield|p1a: Chesnaught
|-singleturn|p1a: Chesnaught|move: Protect
|move|p2a: Latios|Defog|p1a: Chesnaught
|-activate|p1a: Chesnaught|move: Protect
|
|-heal|p1a: Chesnaught|269\/379|[from] item: Leftovers
|-damage|p2a: Latios|216\/301 brn|[from] brn
|turn|54
|
|switch|p1a: Heatran|Heatran, M|325\/385
|move|p2a: Latios|Draco Meteor|p1a: Heatran
|-resisted|p1a: Heatran
|-damage|p1a: Heatran|230\/385
|-unboost|p2a: Latios|spa|2
|-damage|p2a: Latios|186\/301 brn|[from] item: Life Orb
|
|-heal|p1a: Heatran|254\/385|[from] item: Leftovers
|-damage|p2a: Latios|149\/301 brn|[from] brn
|turn|55
|leave|Huge Fan
|player|p2
|-message|hugefan lost due to inactivity.
|
|win|JTewi
|raw|Ladder updating...
|raw|JTewi's rating: 1275 &rarr; <strong>1303<\/strong><br \/>(+28 for winning)
|raw|Huge Fan's rating: 1313 &rarr; <strong>1291<\/strong><br \/>(-22 for losing)