|join|Kendrick080
|join|JTewi
|player|p1|Kendrick080|18
|player|p2|JTewi|266
|gametype|singles
|gen|6
|tier|OU (suspect test)
|rated
|clearpoke
|poke|p1|Talonflame, F
|poke|p1|Lopunny, M
|poke|p1|Hydreigon, F
|poke|p1|Clefable, M
|poke|p1|Mew
|poke|p1|Rotom-Wash
|poke|p2|Venusaur, F
|poke|p2|Victini
|poke|p2|Slowbro, F
|poke|p2|Skarmory, M
|poke|p2|Audino, M
|poke|p2|Conkeldurr, F
|rule|Swagger Clause: Swagger is banned
|rule|Baton Pass Clause: Limit one PokÃ©mon knowing Baton Pass
|rule|Sleep Clause Mod: Limit one foe put to sleep
|rule|Species Clause: Limit one of each PokÃ©mon
|rule|OHKO Clause: OHKO moves are banned
|rule|Moody Clause: Moody is banned
|rule|Evasion Moves Clause: Evasion moves are banned
|rule|Endless Battle Clause: Forcing endless battles is banned
|rule|HP Percentage Mod: HP is shown in percentages
|teampreview
|
|start
|switch|p1a: Hydreigon|Hydreigon, F|325\/325
|switch|p2a: Victini|Victini|341\/341
|turn|1
|
|switch|p2a: Audino|Audino, M|409\/409
|move|p1a: Hydreigon|Draco Meteor|p2a: Audino
|-damage|p2a: Audino|232\/409
|-unboost|p1a: Hydreigon|spa|2
|
|-heal|p2a: Audino|257\/409|[from] item: Leftovers
|turn|2
|
|switch|p1a: Clefable|Clefable, M|394\/394
|move|p2a: Audino|Trick Room|p2a: Audino
|-fieldstart|move: Trick Room|[of] p2a: Audino
|
|-heal|p2a: Audino|282\/409|[from] item: Leftovers
|turn|3
|
|switch|p2a: Victini|Victini|341\/341
|move|p1a: Clefable|Calm Mind|p1a: Clefable
|-boost|p1a: Clefable|spa|1
|-boost|p1a: Clefable|spd|1
|
|turn|4
|
|move|p1a: Clefable|Soft-Boiled|p1a: Clefable
|-fail|p1a: Clefable
|move|p2a: Victini|V-create|p1a: Clefable
|-damage|p1a: Clefable|0 fnt
|-unboost|p2a: Victini|def|1
|-unboost|p2a: Victini|spd|1
|-unboost|p2a: Victini|spe|1
|faint|p1a: Clefable
|
|
|switch|p1a: Rotom-Wash|Rotom-Wash|304\/304
|turn|5
|c|âJTewi|oras gives something new to clefable?
|c|âJTewi|5 battles 5 clefables wtf
|
|switch|p2a: Audino|Audino, M|409\/409
|move|p1a: Rotom-Wash|Volt Switch|p2a: Audino
|-damage|p2a: Audino|336\/409
|
|switch|p1a: Talonflame|Talonflame, F|297\/297
|
|-heal|p2a: Audino|361\/409|[from] item: Leftovers
|turn|6
|
|move|p2a: Audino|Toxic|p1a: Talonflame
|-status|p1a: Talonflame|tox
|move|p1a: Talonflame|U-turn|p2a: Audino
|-damage|p2a: Audino|257\/409
|
|switch|p1a: Lopunny|Lopunny, M|271\/271
|
|-heal|p2a: Audino|282\/409|[from] item: Leftovers
|-fieldend|move: Trick Room
|turn|7
|
|switch|p2a: Slowbro|Slowbro, F|393\/393
|detailschange|p1a: Lopunny|Lopunny-Mega, M
|-mega|p1a: Lopunny|Lopunny|Lopunnite
|move|p1a: Lopunny|Fake Out|p2a: Slowbro
|-damage|p2a: Slowbro|342\/393
|
|-heal|p2a: Slowbro|366\/393|[from] item: Leftovers
|turn|8
|
|switch|p1a: Talonflame|Talonflame, F|297\/297 tox
|move|p2a: Slowbro|Toxic|p1a: Talonflame
|-fail|p1a: Talonflame|tox
|
|-heal|p2a: Slowbro|390\/393|[from] item: Leftovers
|-damage|p1a: Talonflame|279\/297 tox|[from] psn
|turn|9
|
|move|p1a: Talonflame|U-turn|p2a: Slowbro
|-supereffective|p2a: Slowbro
|-damage|p2a: Slowbro|266\/393
|
|switch|p1a: Mew|Mew|404\/404
|move|p2a: Slowbro|Scald|p1a: Mew
|-damage|p1a: Mew|340\/404
|
|-heal|p1a: Mew|365\/404|[from] item: Leftovers
|-heal|p2a: Slowbro|290\/393|[from] item: Leftovers
|turn|10
|
|move|p1a: Mew|Knock Off|p2a: Slowbro
|-supereffective|p2a: Slowbro
|-damage|p2a: Slowbro|184\/393
|-enditem|p2a: Slowbro|Leftovers|[from] move: Knock Off|[of] p1a: Mew
|move|p2a: Slowbro|Toxic|p1a: Mew
|-status|p1a: Mew|tox
|-status|p2a: Slowbro|tox
|
|-heal|p1a: Mew|390\/404 tox|[from] item: Leftovers
|-damage|p1a: Mew|365\/404 tox|[from] psn
|-damage|p2a: Slowbro|160\/393 tox|[from] psn
|turn|11
|
|switch|p1a: Rotom-Wash|Rotom-Wash|304\/304
|switch|p2a: Victini|Victini|341\/341
|
|turn|12
|
|switch|p2a: Audino|Audino, M|409\/409
|move|p1a: Rotom-Wash|Hydro Pump|p2a: Audino
|-damage|p2a: Audino|298\/409
|
|-heal|p2a: Audino|323\/409|[from] item: Leftovers
|turn|13
|
|move|p1a: Rotom-Wash|Will-O-Wisp|p2a: Audino
|-status|p2a: Audino|brn
|move|p2a: Audino|Heal Bell|p2a: Audino
|-cureteam|p2a: Audino|[from] move: HealBell
|
|-heal|p2a: Audino|348\/409|[from] item: Leftovers
|turn|14
|-message|Kendrick080 forfeited.
|leave|Kendrick080
|
|win|JTewi
|raw|Ladder updating...
|player|p1
|raw|Kendrick080's rating: 1267 &rarr; <strong>1247<\/strong><br \/>(-20 for losing)
|raw|JTewi's rating: 1344 &rarr; <strong>1360<\/strong><br \/>(+16 for winning)