|join|produde
|join|JTewi
|player|p1|produde|170
|player|p2|JTewi|2
|gametype|singles
|gen|6
|tier|OU (suspect test)
|rated
|clearpoke
|poke|p1|Weavile, F
|poke|p1|Staraptor, M
|poke|p1|Metagross
|poke|p1|Infernape, M
|poke|p1|Skarmory, M
|poke|p1|Tentacruel, M
|poke|p2|Venusaur, M
|poke|p2|Victini
|poke|p2|Slowbro, M
|poke|p2|Skarmory, M
|poke|p2|Audino, M
|poke|p2|Conkeldurr, F
|rule|Swagger Clause: Swagger is banned
|rule|Baton Pass Clause: Limit one PokÃ©mon knowing Baton Pass
|rule|Sleep Clause Mod: Limit one foe put to sleep
|rule|Species Clause: Limit one of each PokÃ©mon
|rule|OHKO Clause: OHKO moves are banned
|rule|Moody Clause: Moody is banned
|rule|Evasion Moves Clause: Evasion moves are banned
|rule|Endless Battle Clause: Forcing endless battles is banned
|rule|HP Percentage Mod: HP is shown in percentages
|teampreview
|
|start
|switch|p1a: Skarmory|Skarmory, M|271\/271
|switch|p2a: Slowbro|Slowbro, M|393\/393
|turn|1
|
|switch|p2a: Skarmory|Skarmory, M|333\/333
|move|p1a: Skarmory|Taunt|p2a: Skarmory
|-start|p2a: Skarmory|move: Taunt
|
|turn|2
|
|switch|p2a: Victini|Victini|341\/341
|move|p1a: Skarmory|Stealth Rock|p2a: Victini
|-sidestart|p2: JTewi|move: Stealth Rock
|
|turn|3
|
|move|p2a: Victini|Trick|p1a: Skarmory
|-activate|p2a: Victini|move: Trick|[of] p1a: Skarmory
|-item|p1a: Skarmory|Choice Band|[from] move: Trick
|-item|p2a: Victini|Leftovers|[from] move: Trick
|move|p1a: Skarmory|Spikes|p2a: Victini
|-sidestart|p2: JTewi|Spikes
|
|turn|4
|
|switch|p2a: Skarmory|Skarmory, M|333\/333
|-damage|p2a: Skarmory|292\/333|[from] Stealth Rock
|switch|p1a: Infernape|Infernape, M|293\/293
|
|turn|5
|
|switch|p2a: Slowbro|Slowbro, M|393\/393
|-damage|p2a: Slowbro|344\/393|[from] Spikes
|-damage|p2a: Slowbro|295\/393|[from] Stealth Rock
|move|p1a: Infernape|Overheat|p2a: Slowbro
|-resisted|p2a: Slowbro
|-damage|p2a: Slowbro|165\/393
|-unboost|p1a: Infernape|spa|2
|-damage|p1a: Infernape|264\/293|[from] item: Life Orb
|
|-heal|p2a: Slowbro|189\/393|[from] item: Leftovers
|turn|6
|
|switch|p1a: Tentacruel|Tentacruel, M|364\/364
|move|p2a: Slowbro|Trick Room|p2a: Slowbro
|-fieldstart|move: Trick Room|[of] p2a: Slowbro
|
|-heal|p2a: Slowbro|213\/393|[from] item: Leftovers
|turn|7
|
|switch|p2a: Skarmory|Skarmory, M|292\/333
|-damage|p2a: Skarmory|251\/333|[from] Stealth Rock
|move|p1a: Tentacruel|Toxic|p2a: Skarmory
|-fail|p2a: Skarmory
|
|turn|8
|
|move|p2a: Skarmory|Defog|p1a: Tentacruel
|-unboost|p1a: Tentacruel|evasion|1
|-sideend|p2: JTewi|Spikes|[from] move: Defog|[of] p2a: Skarmory
|-sideend|p2: JTewi|Stealth Rock|[from] move: Defog|[of] p2a: Skarmory
|move|p1a: Tentacruel|Scald|p2a: Skarmory
|-damage|p2a: Skarmory|154\/333
|
|turn|9
|
|move|p2a: Skarmory|Roost|p2a: Skarmory
|-heal|p2a: Skarmory|321\/333
|move|p1a: Tentacruel|Toxic|p2a: Skarmory
|-fail|p2a: Skarmory
|
|turn|10
|
|switch|p2a: Venusaur|Venusaur, M|363\/363
|move|p1a: Tentacruel|Scald|p2a: Venusaur
|-resisted|p2a: Venusaur
|-damage|p2a: Venusaur|327\/363
|-status|p2a: Venusaur|brn
|
|-damage|p2a: Venusaur|282\/363 brn|[from] brn
|-fieldend|move: Trick Room
|turn|11
|
|detailschange|p2a: Venusaur|Venusaur-Mega, M
|-mega|p2a: Venusaur|Venusaur|Venusaurite
|move|p1a: Tentacruel|Scald|p2a: Venusaur
|-resisted|p2a: Venusaur
|-damage|p2a: Venusaur|250\/363 brn
|move|p2a: Venusaur|Knock Off|p1a: Tentacruel
|-damage|p1a: Tentacruel|328\/364
|-enditem|p1a: Tentacruel|Black Sludge|[from] move: Knock Off|[of] p2a: Venusaur
|
|-damage|p2a: Venusaur|205\/363 brn|[from] brn
|turn|12
|
|switch|p1a: Skarmory|Skarmory, M|271\/271
|move|p2a: Venusaur|Synthesis|p2a: Venusaur
|-heal|p2a: Venusaur|363\/363 brn
|
|-damage|p2a: Venusaur|318\/363 brn|[from] brn
|turn|13
|
|switch|p2a: Skarmory|Skarmory, M|321\/333
|move|p1a: Skarmory|Brave Bird|p2a: Skarmory
|-crit|p2a: Skarmory
|-resisted|p2a: Skarmory
|-damage|p2a: Skarmory|223\/333
|-damage|p1a: Skarmory|239\/271|[from] recoil|[of] p2a: Skarmory
|
|turn|14
|-message|produde lost due to inactivity.
|
|win|JTewi
|raw|Ladder updating...
|raw|produde's rating: 1358 &rarr; <strong>1335<\/strong><br \/>(-23 for losing)
|raw|JTewi's rating: 1303 &rarr; <strong>1326<\/strong><br \/>(+23 for winning)
|join|Mjoera
|leave|Mjoera