|join|JTewi
|join|Century Express
|player|p1|JTewi|169
|player|p2|Century Express|37
|gametype|singles
|gen|6
|tier|OU (suspect test)
|rated
|clearpoke
|poke|p1|Venusaur, M
|poke|p1|Victini
|poke|p1|Slowbro, F
|poke|p1|Skarmory, M
|poke|p1|Cresselia, F
|poke|p1|Conkeldurr, M
|poke|p2|Metagross
|poke|p2|Keldeo-Resolute
|poke|p2|Ferrothorn, M
|poke|p2|Slowbro, M
|poke|p2|Talonflame, M
|poke|p2|Landorus-Therian, M
|rule|Swagger Clause: Swagger is banned
|rule|Baton Pass Clause: Limit one PokÃ©mon knowing Baton Pass
|rule|Sleep Clause Mod: Limit one foe put to sleep
|rule|Species Clause: Limit one of each PokÃ©mon
|rule|OHKO Clause: OHKO moves are banned
|rule|Moody Clause: Moody is banned
|rule|Evasion Moves Clause: Evasion moves are banned
|rule|Endless Battle Clause: Forcing endless battles is banned
|rule|HP Percentage Mod: HP is shown in percentages
|teampreview
|
|start
|switch|p1a: Skarmory|Skarmory, M|333\/333
|switch|p2a: farolzinho-kun|Talonflame, M|311\/311
|turn|1
|
|switch|p1a: Slowbro|Slowbro, F|393\/393
|move|p2a: farolzinho-kun|Will-O-Wisp|p1a: Slowbro
|-status|p1a: Slowbro|brn
|
|-damage|p1a: Slowbro|344\/393 brn|[from] brn
|turn|2
|
|switch|p2a: Luz ghostando|Ferrothorn, M|352\/352
|move|p1a: Slowbro|Scald|p2a: Luz ghostando
|-resisted|p2a: Luz ghostando
|-damage|p2a: Luz ghostando|317\/352
|
|-heal|p1a: Slowbro|368\/393 brn|[from] item: Leftovers
|-heal|p2a: Luz ghostando|339\/352|[from] item: Leftovers
|-damage|p1a: Slowbro|319\/393 brn|[from] brn
|turn|3
|
|switch|p1a: Skarmory|Skarmory, M|333\/333
|move|p2a: Luz ghostando|Stealth Rock|p1a: Skarmory
|-sidestart|p1: JTewi|move: Stealth Rock
|
|-heal|p2a: Luz ghostando|352\/352|[from] item: Leftovers
|turn|4
|
|move|p1a: Skarmory|Stealth Rock|p2a: Luz ghostando
|-sidestart|p2: Century Express|move: Stealth Rock
|move|p2a: Luz ghostando|Leech Seed|p1a: Skarmory
|-start|p1a: Skarmory|move: Leech Seed
|
|-damage|p1a: Skarmory|292\/333|[from] Leech Seed|[of] p2a: Luz ghostando
|turn|5
|
|switch|p1a: Venusaur|Venusaur, M|363\/363
|-damage|p1a: Venusaur|318\/363|[from] Stealth Rock
|switch|p2a: Not C. Express|Slowbro, M|391\/391
|-damage|p2a: Not C. Express|343\/391|[from] Stealth Rock
|
|turn|6
|
|switch|p2a: Damin ghostando|Metagross|301\/301
|-damage|p2a: Damin ghostando|283\/301|[from] Stealth Rock
|detailschange|p1a: Venusaur|Venusaur-Mega, M
|-mega|p1a: Venusaur|Venusaur|Venusaurite
|move|p1a: Venusaur|Sludge Bomb|p2a: Damin ghostando
|-immune|p2a: Damin ghostando|[msg]
|
|turn|7
|
|switch|p1a: Skarmory|Skarmory, M|292\/333
|-damage|p1a: Skarmory|251\/333|[from] Stealth Rock
|detailschange|p2a: Damin ghostando|Metagross-Mega
|-mega|p2a: Damin ghostando|Metagross|Metagrossite
|move|p2a: Damin ghostando|Meteor Mash|p1a: Skarmory
|-resisted|p1a: Skarmory
|-damage|p1a: Skarmory|179\/333
|
|turn|8
|
|move|p2a: Damin ghostando|Thunder Punch|p1a: Skarmory
|-supereffective|p1a: Skarmory
|-damage|p1a: Skarmory|15\/333
|move|p1a: Skarmory|Roost|p1a: Skarmory
|-heal|p1a: Skarmory|182\/333
|
|turn|9
|
|switch|p1a: Cresselia|Cresselia, F|443\/443
|-damage|p1a: Cresselia|388\/443|[from] Stealth Rock
|move|p2a: Damin ghostando|Meteor Mash|p1a: Cresselia
|-damage|p1a: Cresselia|181\/443
|
|-heal|p1a: Cresselia|208\/443|[from] item: Leftovers
|turn|10
|
|move|p2a: Damin ghostando|Meteor Mash|p1a: Cresselia
|-damage|p1a: Cresselia|0 fnt
|faint|p1a: Cresselia
|
|
|switch|p1a: Conkeldurr|Conkeldurr, M|413\/413
|-damage|p1a: Conkeldurr|388\/413|[from] Stealth Rock
|turn|11
|
|switch|p2a: n sei rofl|Landorus-Therian, M|319\/319
|-damage|p2a: n sei rofl|280\/319|[from] Stealth Rock
|-ability|p2a: n sei rofl|Intimidate|[of] p1a: Conkeldurr
|-unboost|p1a: Conkeldurr|atk|1
|move|p1a: Conkeldurr|Thunder Punch|p2a: n sei rofl
|-immune|p2a: n sei rofl|[msg]
|
|turn|12
|
|move|p2a: n sei rofl|U-turn|p1a: Conkeldurr
|-resisted|p1a: Conkeldurr
|-damage|p1a: Conkeldurr|339\/413
|
|switch|p2a: farolzinho-kun|Talonflame, M|311\/311
|-damage|p2a: farolzinho-kun|156\/311|[from] Stealth Rock
|move|p1a: Conkeldurr|Thunder Punch|p2a: farolzinho-kun
|-supereffective|p2a: farolzinho-kun
|-damage|p2a: farolzinho-kun|0 fnt
|faint|p2a: farolzinho-kun
|
|
|switch|p2a: GoaoTwo ghostando|Keldeo-Resolute|323\/323
|-damage|p2a: GoaoTwo ghostando|303\/323|[from] Stealth Rock
|turn|13
|
|switch|p1a: Slowbro|Slowbro, F|393\/393 brn
|-damage|p1a: Slowbro|344\/393 brn|[from] Stealth Rock
|move|p2a: GoaoTwo ghostando|Secret Sword|p1a: Slowbro
|-resisted|p1a: Slowbro
|-damage|p1a: Slowbro|266\/393 brn
|
|-heal|p1a: Slowbro|290\/393 brn|[from] item: Leftovers
|-damage|p1a: Slowbro|241\/393 brn|[from] brn
|turn|14
|
|switch|p2a: Luz ghostando|Ferrothorn, M|352\/352
|-damage|p2a: Luz ghostando|330\/352|[from] Stealth Rock
|move|p1a: Slowbro|Trick Room|p1a: Slowbro
|-fieldstart|move: Trick Room|[of] p1a: Slowbro
|
|-heal|p2a: Luz ghostando|352\/352|[from] item: Leftovers
|-heal|p1a: Slowbro|265\/393 brn|[from] item: Leftovers
|-damage|p1a: Slowbro|216\/393 brn|[from] brn
|turn|15
|
|switch|p1a: Venusaur|Venusaur-Mega, M|318\/363
|-damage|p1a: Venusaur|273\/363|[from] Stealth Rock
|move|p2a: Luz ghostando|Leech Seed|p1a: Venusaur
|-immune|p1a: Venusaur|[msg]
|
|turn|16
|
|move|p2a: Luz ghostando|Protect|p2a: Luz ghostando
|-singleturn|p2a: Luz ghostando|Protect
|move|p1a: Venusaur|Hidden Power|p2a: Luz ghostando
|-activate|p2a: Luz ghostando|Protect
|
|turn|17
|
|move|p2a: Luz ghostando|Protect|p2a: Luz ghostando
|-singleturn|p2a: Luz ghostando|Protect
|move|p1a: Venusaur|Giga Drain|p2a: Luz ghostando
|-activate|p2a: Luz ghostando|Protect
|
|turn|18
|
|switch|p2a: n sei rofl|Landorus-Therian, M|280\/319
|-damage|p2a: n sei rofl|241\/319|[from] Stealth Rock
|-ability|p2a: n sei rofl|Intimidate|[of] p1a: Venusaur
|-unboost|p1a: Venusaur|atk|1
|move|p1a: Venusaur|Hidden Power|p2a: n sei rofl
|-crit|p2a: n sei rofl
|-resisted|p2a: n sei rofl
|-damage|p2a: n sei rofl|190\/319
|
|-fieldend|move: Trick Room
|turn|19
|
|move|p2a: n sei rofl|Earthquake|p1a: Venusaur
|-damage|p1a: Venusaur|153\/363
|move|p1a: Venusaur|Synthesis|p1a: Venusaur
|-heal|p1a: Venusaur|334\/363
|
|turn|20
|
|move|p2a: n sei rofl|Earthquake|p1a: Venusaur
|-damage|p1a: Venusaur|222\/363
|move|p1a: Venusaur|Giga Drain|p2a: n sei rofl
|-damage|p2a: n sei rofl|72\/319
|-heal|p1a: Venusaur|281\/363|[from] drain|[of] p2a: n sei rofl
|
|turn|21
|
|switch|p2a: Damin ghostando|Metagross-Mega|283\/301
|-damage|p2a: Damin ghostando|265\/301|[from] Stealth Rock
|move|p1a: Venusaur|Giga Drain|p2a: Damin ghostando
|-resisted|p2a: Damin ghostando
|-damage|p2a: Damin ghostando|220\/301
|-heal|p1a: Venusaur|304\/363|[from] drain|[of] p2a: Damin ghostando
|
|turn|22
|
|move|p2a: Damin ghostando|Meteor Mash|p1a: Venusaur
|-damage|p1a: Venusaur|141\/363
|move|p1a: Venusaur|Hidden Power|p2a: Damin ghostando
|-damage|p2a: Damin ghostando|170\/301
|
|turn|23
|
|switch|p1a: Skarmory|Skarmory, M|182\/333
|-damage|p1a: Skarmory|141\/333|[from] Stealth Rock
|move|p2a: Damin ghostando|Thunder Punch|p1a: Skarmory
|-supereffective|p1a: Skarmory
|-damage|p1a: Skarmory|0 fnt
|faint|p1a: Skarmory
|
|
|switch|p1a: Victini|Victini|341\/341
|-damage|p1a: Victini|256\/341|[from] Stealth Rock
|turn|24
|
|switch|p2a: Not C. Express|Slowbro, M|391\/391
|-damage|p2a: Not C. Express|343\/391|[from] Stealth Rock
|move|p1a: Victini|Bolt Strike|p2a: Not C. Express
|-supereffective|p2a: Not C. Express
|-damage|p2a: Not C. Express|71\/391
|-damage|p1a: Victini|200\/341|[from] item: Rocky Helmet|[of] p2a: Not C. Express
|-status|p2a: Not C. Express|par
|
|turn|25
|
|switch|p1a: Slowbro|Slowbro, F|347\/393 brn
|-damage|p1a: Slowbro|298\/393 brn|[from] Stealth Rock
|switch|p2a: Luz ghostando|Ferrothorn, M|352\/352
|-damage|p2a: Luz ghostando|330\/352|[from] Stealth Rock
|
|-heal|p1a: Slowbro|322\/393 brn|[from] item: Leftovers
|-heal|p2a: Luz ghostando|352\/352|[from] item: Leftovers
|-damage|p1a: Slowbro|273\/393 brn|[from] brn
|turn|26
|
|move|p1a: Slowbro|Scald|p2a: Luz ghostando
|-resisted|p2a: Luz ghostando
|-damage|p2a: Luz ghostando|317\/352
|move|p2a: Luz ghostando|Gyro Ball|p1a: Slowbro
|-resisted|p1a: Slowbro
|-damage|p1a: Slowbro|260\/393 brn
|
|-heal|p1a: Slowbro|284\/393 brn|[from] item: Leftovers
|-heal|p2a: Luz ghostando|339\/352|[from] item: Leftovers
|-damage|p1a: Slowbro|235\/393 brn|[from] brn
|turn|27
|
|switch|p1a: Venusaur|Venusaur-Mega, M|141\/363
|-damage|p1a: Venusaur|96\/363|[from] Stealth Rock
|move|p2a: Luz ghostando|Leech Seed|p1a: Venusaur
|-immune|p1a: Venusaur|[msg]
|
|-heal|p2a: Luz ghostando|352\/352|[from] item: Leftovers
|turn|28
|
|switch|p2a: Damin ghostando|Metagross-Mega|170\/301
|-damage|p2a: Damin ghostando|152\/301|[from] Stealth Rock
|move|p1a: Venusaur|Synthesis|p1a: Venusaur
|-heal|p1a: Venusaur|277\/363
|
|turn|29
|
|switch|p1a: Slowbro|Slowbro, F|366\/393 brn
|-damage|p1a: Slowbro|317\/393 brn|[from] Stealth Rock
|move|p2a: Damin ghostando|Meteor Mash|p1a: Slowbro
|-resisted|p1a: Slowbro
|-damage|p1a: Slowbro|237\/393 brn
|
|-heal|p1a: Slowbro|261\/393 brn|[from] item: Leftovers
|-damage|p1a: Slowbro|212\/393 brn|[from] brn
|turn|30
|
|switch|p2a: GoaoTwo ghostando|Keldeo-Resolute|303\/323
|-damage|p2a: GoaoTwo ghostando|283\/323|[from] Stealth Rock
|move|p1a: Slowbro|Trick Room|p1a: Slowbro
|-fieldstart|move: Trick Room|[of] p1a: Slowbro
|
|-heal|p1a: Slowbro|236\/393 brn|[from] item: Leftovers
|-damage|p1a: Slowbro|187\/393 brn|[from] brn
|turn|31
|
|switch|p1a: Venusaur|Venusaur-Mega, M|277\/363
|-damage|p1a: Venusaur|232\/363|[from] Stealth Rock
|move|p2a: GoaoTwo ghostando|Hydro Pump|p1a: Venusaur
|-resisted|p1a: Venusaur
|-damage|p1a: Venusaur|118\/363
|
|turn|32
|
|switch|p2a: Luz ghostando|Ferrothorn, M|352\/352
|-damage|p2a: Luz ghostando|330\/352|[from] Stealth Rock
|move|p1a: Venusaur|Synthesis|p1a: Venusaur
|-heal|p1a: Venusaur|299\/363
|
|-heal|p2a: Luz ghostando|352\/352|[from] item: Leftovers
|turn|33
|
|switch|p1a: Conkeldurr|Conkeldurr, M|339\/413
|-damage|p1a: Conkeldurr|314\/413|[from] Stealth Rock
|move|p2a: Luz ghostando|Gyro Ball|p1a: Conkeldurr
|-damage|p1a: Conkeldurr|241\/413
|
|turn|34
|
|switch|p2a: Not C. Express|Slowbro, M|201\/391 par
|-damage|p2a: Not C. Express|153\/391 par|[from] Stealth Rock
|move|p1a: Conkeldurr|Hammer Arm|p2a: Not C. Express
|-resisted|p2a: Not C. Express
|-damage|p2a: Not C. Express|43\/391 par
|-damage|p1a: Conkeldurr|173\/413|[from] item: Rocky Helmet|[of] p2a: Not C. Express
|-unboost|p1a: Conkeldurr|spe|1
|
|-fieldend|move: Trick Room
|turn|35
|
|switch|p2a: Luz ghostando|Ferrothorn, M|352\/352
|-damage|p2a: Luz ghostando|330\/352|[from] Stealth Rock
|move|p1a: Conkeldurr|Hammer Arm|p2a: Luz ghostando
|-supereffective|p2a: Luz ghostando
|-damage|p2a: Luz ghostando|0 fnt
|-damage|p1a: Conkeldurr|122\/413|[from] ability: Iron Barbs|[of] p2a: Luz ghostando
|-unboost|p1a: Conkeldurr|spe|1
|faint|p2a: Luz ghostando
|
|
|switch|p2a: Damin ghostando|Metagross-Mega|152\/301
|-damage|p2a: Damin ghostando|134\/301|[from] Stealth Rock
|turn|36
|
|move|p2a: Damin ghostando|Thunder Punch|p1a: Conkeldurr
|-damage|p1a: Conkeldurr|0 fnt
|faint|p1a: Conkeldurr
|
|
|switch|p1a: Victini|Victini|200\/341
|-damage|p1a: Victini|115\/341|[from] Stealth Rock
|turn|37
|
|switch|p2a: Not C. Express|Slowbro, M|173\/391 par
|-damage|p2a: Not C. Express|125\/391 par|[from] Stealth Rock
|move|p1a: Victini|V-create|p2a: Not C. Express
|-resisted|p2a: Not C. Express
|-damage|p2a: Not C. Express|0 fnt
|-damage|p1a: Victini|59\/341|[from] item: Rocky Helmet|[of] p2a: Not C. Express
|-unboost|p1a: Victini|def|1
|-unboost|p1a: Victini|spd|1
|-unboost|p1a: Victini|spe|1
|faint|p2a: Not C. Express
|
|
|switch|p2a: Damin ghostando|Metagross-Mega|134\/301
|-damage|p2a: Damin ghostando|116\/301|[from] Stealth Rock
|turn|38
|
|move|p2a: Damin ghostando|Thunder Punch|p1a: Victini
|-damage|p1a: Victini|0 fnt
|faint|p1a: Victini
|
|
|switch|p1a: Slowbro|Slowbro, F|318\/393 brn
|-damage|p1a: Slowbro|269\/393 brn|[from] Stealth Rock
|turn|39
|
|switch|p2a: GoaoTwo ghostando|Keldeo-Resolute|283\/323
|-damage|p2a: GoaoTwo ghostando|263\/323|[from] Stealth Rock
|move|p1a: Slowbro|Trick Room|p1a: Slowbro
|-fieldstart|move: Trick Room|[of] p1a: Slowbro
|
|-heal|p1a: Slowbro|293\/393 brn|[from] item: Leftovers
|-damage|p1a: Slowbro|244\/393 brn|[from] brn
|turn|40
|
|switch|p1a: Venusaur|Venusaur-Mega, M|299\/363
|-damage|p1a: Venusaur|254\/363|[from] Stealth Rock
|move|p2a: GoaoTwo ghostando|Hydro Pump|p1a: Venusaur|[miss]
|-miss|p2a: GoaoTwo ghostando|p1a: Venusaur
|
|turn|41
|
|move|p1a: Venusaur|Giga Drain|p2a: GoaoTwo ghostando
|-supereffective|p2a: GoaoTwo ghostando
|-damage|p2a: GoaoTwo ghostando|45\/323
|-heal|p1a: Venusaur|363\/363|[from] drain|[of] p2a: GoaoTwo ghostando
|move|p2a: GoaoTwo ghostando|Hydro Pump|p1a: Venusaur|[miss]
|-miss|p2a: GoaoTwo ghostando|p1a: Venusaur
|
|turn|42
|
|move|p1a: Venusaur|Hidden Power|p2a: GoaoTwo ghostando
|-damage|p2a: GoaoTwo ghostando|0 fnt
|faint|p2a: GoaoTwo ghostando
|
|
|switch|p2a: Damin ghostando|Metagross-Mega|116\/301
|-damage|p2a: Damin ghostando|98\/301|[from] Stealth Rock
|turn|43
|
|move|p1a: Venusaur|Hidden Power|p2a: Damin ghostando
|-damage|p2a: Damin ghostando|47\/301
|move|p2a: Damin ghostando|Meteor Mash|p1a: Venusaur
|-damage|p1a: Venusaur|206\/363
|
|-fieldend|move: Trick Room
|turn|44
|
|move|p2a: Damin ghostando|Meteor Mash|p1a: Venusaur
|-damage|p1a: Venusaur|56\/363
|move|p1a: Venusaur|Hidden Power|p2a: Damin ghostando
|-damage|p2a: Damin ghostando|0 fnt
|faint|p2a: Damin ghostando
|
|
|switch|p2a: n sei rofl|Landorus-Therian, M|72\/319
|-damage|p2a: n sei rofl|33\/319|[from] Stealth Rock
|-ability|p2a: n sei rofl|Intimidate|[of] p1a: Venusaur
|-unboost|p1a: Venusaur|atk|1
|turn|45
|c|âJTewi|nice battle sorry for the haxes
|
|move|p2a: n sei rofl|Earthquake|p1a: Venusaur
|-damage|p1a: Venusaur|0 fnt
|faint|p1a: Venusaur
|
|
|switch|p1a: Slowbro|Slowbro, F|375\/393 brn
|-damage|p1a: Slowbro|326\/393 brn|[from] Stealth Rock
|turn|46
|c|âCentury Express|w\/e gg
|
|move|p2a: n sei rofl|Earthquake|p1a: Slowbro
|-damage|p1a: Slowbro|188\/393 brn
|move|p1a: Slowbro|Scald|p2a: n sei rofl
|-supereffective|p2a: n sei rofl
|-damage|p2a: n sei rofl|0 fnt
|faint|p2a: n sei rofl
|
|win|JTewi
|raw|Ladder updating...
|raw|JTewi's rating: 1433 &rarr; <strong>1458<\/strong><br \/>(+25 for winning)
|raw|Century Express's rating: 1522 &rarr; <strong>1497<\/strong><br \/>(-25 for losing)
|c|âJTewi|gg
|leave|Century Express
|player|p2