|join|original nickname
|join|JTewi
|player|p1|original nickname|101
|player|p2|JTewi|266
|gametype|singles
|gen|6
|tier|OU (suspect test)
|rated
|clearpoke
|poke|p1|Azumarill, M
|poke|p1|Bisharp, F
|poke|p1|Azelf
|poke|p1|Diggersby, M
|poke|p1|Thundurus, M
|poke|p1|Pinsir, F
|poke|p2|Venusaur, F
|poke|p2|Victini
|poke|p2|Slowbro, F
|poke|p2|Skarmory, F
|poke|p2|Audino, F
|poke|p2|Conkeldurr, F
|rule|Swagger Clause: Swagger is banned
|rule|Baton Pass Clause: Limit one PokÃ©mon knowing Baton Pass
|rule|Sleep Clause Mod: Limit one foe put to sleep
|rule|Species Clause: Limit one of each PokÃ©mon
|rule|OHKO Clause: OHKO moves are banned
|rule|Moody Clause: Moody is banned
|rule|Evasion Moves Clause: Evasion moves are banned
|rule|Endless Battle Clause: Forcing endless battles is banned
|rule|HP Percentage Mod: HP is shown in percentages
|teampreview
|
|start
|switch|p1a: Azelf|Azelf|291\/291
|switch|p2a: Venusaur|Venusaur, F|363\/363
|turn|1
|
|detailschange|p2a: Venusaur|Venusaur-Mega, F
|-mega|p2a: Venusaur|Venusaur|Venusaurite
|move|p1a: Azelf|Taunt|p2a: Venusaur
|-start|p2a: Venusaur|move: Taunt
|move|p2a: Venusaur|Giga Drain|p1a: Azelf
|-damage|p1a: Azelf|158\/291
|
|turn|2
|
|move|p1a: Azelf|Stealth Rock|p2a: Venusaur
|-sidestart|p2: JTewi|move: Stealth Rock
|move|p2a: Venusaur|Sludge Bomb|p1a: Azelf
|-damage|p1a: Azelf|0 fnt
|faint|p1a: Azelf
|
|
|switch|p1a: Pinsir|Pinsir, F|271\/271
|turn|3
|
|switch|p2a: Skarmory|Skarmory, F|333\/333
|-damage|p2a: Skarmory|292\/333|[from] Stealth Rock
|detailschange|p1a: Pinsir|Pinsir-Mega, F
|-mega|p1a: Pinsir|Pinsir|Pinsirite
|move|p1a: Pinsir|Swords Dance|p1a: Pinsir
|-boost|p1a: Pinsir|atk|2
|
|turn|4
|
|move|p1a: Pinsir|Close Combat|p2a: Skarmory
|-crit|p2a: Skarmory
|-damage|p2a: Skarmory|4\/333
|-unboost|p1a: Pinsir|def|1
|-unboost|p1a: Pinsir|spd|1
|move|p2a: Skarmory|Whirlwind|p1a: Pinsir
|drag|p1a: Diggersby|Diggersby, M|312\/312
|
|turn|5
|
|move|p1a: Diggersby|Return|p2a: Skarmory
|-resisted|p2a: Skarmory
|-damage|p2a: Skarmory|0 fnt
|faint|p2a: Skarmory
|
|
|switch|p2a: Slowbro|Slowbro, F|393\/393
|-damage|p2a: Slowbro|344\/393|[from] Stealth Rock
|turn|6
|
|switch|p1a: Azumarill|Azumarill, M|364\/364
|move|p2a: Slowbro|Trick Room|p2a: Slowbro
|-fieldstart|move: Trick Room|[of] p2a: Slowbro
|
|-heal|p2a: Slowbro|368\/393|[from] item: Leftovers
|turn|7
|
|switch|p2a: Venusaur|Venusaur-Mega, F|363\/363
|-damage|p2a: Venusaur|318\/363|[from] Stealth Rock
|move|p1a: Azumarill|Knock Off|p2a: Venusaur
|-damage|p2a: Venusaur|258\/363
|
|turn|8
|
|switch|p1a: Pinsir|Pinsir-Mega, F|271\/271
|move|p2a: Venusaur|Sludge Bomb|p1a: Pinsir
|-damage|p1a: Pinsir|130\/271
|-status|p1a: Pinsir|psn
|
|-damage|p1a: Pinsir|97\/271 psn|[from] psn
|turn|9
|
|move|p1a: Pinsir|Quick Attack|p2a: Venusaur
|-supereffective|p2a: Venusaur
|-damage|p2a: Venusaur|114\/363
|move|p2a: Venusaur|Sludge Bomb|p1a: Pinsir
|-damage|p1a: Pinsir|0 fnt
|faint|p1a: Pinsir
|
|
|switch|p1a: Bisharp|Bisharp, F|272\/272
|turn|10
|
|move|p2a: Venusaur|Synthesis|p2a: Venusaur
|-heal|p2a: Venusaur|295\/363
|move|p1a: Bisharp|Iron Head|p2a: Venusaur
|-damage|p2a: Venusaur|193\/363
|
|-fieldend|move: Trick Room
|turn|11
|
|move|p1a: Bisharp|Swords Dance|p1a: Bisharp
|-boost|p1a: Bisharp|atk|2
|move|p2a: Venusaur|Synthesis|p2a: Venusaur
|-heal|p2a: Venusaur|363\/363
|
|turn|12
|
|move|p1a: Bisharp|Swords Dance|p1a: Bisharp
|-boost|p1a: Bisharp|atk|2
|move|p2a: Venusaur|Hidden Power|p1a: Bisharp
|-crit|p1a: Bisharp
|-supereffective|p1a: Bisharp
|-damage|p1a: Bisharp|0 fnt
|faint|p1a: Bisharp
|
|
|switch|p1a: Diggersby|Diggersby, M|312\/312
|turn|13
|
|move|p1a: Diggersby|Swords Dance|p1a: Diggersby
|-boost|p1a: Diggersby|atk|2
|move|p2a: Venusaur|Giga Drain|p1a: Diggersby
|-supereffective|p1a: Diggersby
|-damage|p1a: Diggersby|42\/312
|
|turn|14
|
|switch|p2a: Victini|Victini|341\/341
|-damage|p2a: Victini|256\/341|[from] Stealth Rock
|move|p1a: Diggersby|Return|p2a: Victini
|-damage|p2a: Victini|0 fnt
|faint|p2a: Victini
|
|
|switch|p2a: Conkeldurr|Conkeldurr, F|413\/413
|-damage|p2a: Conkeldurr|388\/413|[from] Stealth Rock
|turn|15
|
|move|p1a: Diggersby|Quick Attack|p2a: Conkeldurr
|-damage|p2a: Conkeldurr|186\/413
|move|p2a: Conkeldurr|Mach Punch|p1a: Diggersby
|-supereffective|p1a: Diggersby
|-damage|p1a: Diggersby|0 fnt
|faint|p1a: Diggersby
|
|
|switch|p1a: Azumarill|Azumarill, M|364\/364
|turn|16
|
|switch|p2a: Slowbro|Slowbro, F|393\/393
|-damage|p2a: Slowbro|344\/393|[from] Stealth Rock
|move|p1a: Azumarill|Belly Drum|p1a: Azumarill
|-damage|p1a: Azumarill|182\/364
|-setboost|p1a: Azumarill|atk|6|[from] move: Belly Drum
|-enditem|p1a: Azumarill|Sitrus Berry|[eat]
|-heal|p1a: Azumarill|273\/364|[from] item: Sitrus Berry
|
|-heal|p2a: Slowbro|368\/393|[from] item: Leftovers
|turn|17
|
|move|p1a: Azumarill|Knock Off|p2a: Slowbro
|-supereffective|p2a: Slowbro
|-damage|p2a: Slowbro|0 fnt
|-enditem|p2a: Slowbro|Leftovers|[from] move: Knock Off|[of] p1a: Azumarill
|faint|p2a: Slowbro
|
|
|switch|p2a: Venusaur|Venusaur-Mega, F|363\/363
|-damage|p2a: Venusaur|318\/363|[from] Stealth Rock
|turn|18
|
|move|p2a: Venusaur|Sludge Bomb|p1a: Azumarill
|-supereffective|p1a: Azumarill
|-damage|p1a: Azumarill|0 fnt
|faint|p1a: Azumarill
|
|-message|original nickname forfeited.
|leave|original nickname
|
|win|JTewi
|raw|Ladder updating...
|player|p1
|raw|original nickname's rating: 1405 &rarr; <strong>1383<\/strong><br \/>(-22 for losing)
|raw|JTewi's rating: 1378 &rarr; <strong>1399<\/strong><br \/>(+21 for winning)