|join|Angel Duster
|join|Stroentneger
|player|p1|Angel Duster|216
|player|p2|Stroentneger|170
|gametype|singles
|gen|6
|tier|UU
|rated
|rule|Sleep Clause Mod: Limit one foe put to sleep
|rule|Species Clause: Limit one of each PokÃ©mon
|rule|OHKO Clause: OHKO moves are banned
|rule|Moody Clause: Moody is banned
|rule|Evasion Moves Clause: Evasion moves are banned
|rule|Endless Battle Clause: Forcing endless battles is banned
|rule|HP Percentage Mod: HP is shown in percentages
|clearpoke
|poke|p1|Doublade, F
|poke|p1|Celebi
|poke|p1|Houndoom, M
|poke|p1|Tentacruel, F
|poke|p1|Florges, F
|poke|p1|Blissey, F
|poke|p2|Cloyster, M
|poke|p2|Slurpuff, F, shiny
|poke|p2|Porygon-Z, shiny
|poke|p2|Pidgeot, F
|poke|p2|Machamp, F
|poke|p2|Pangoro, F
|rule|Swagger Clause: Swagger is banned
|rule|Baton Pass Clause: Limit one PokÃ©mon knowing Baton Pass
|teampreview
|
|start
|switch|p1a: Blissey|Blissey, F|713\/713
|switch|p2a: Pidgeot|Pidgeot, F|307\/307
|turn|1
|
|detailschange|p2a: Pidgeot|Pidgeot-Mega, F
|-mega|p2a: Pidgeot|Pidgeot|Pidgeotite
|move|p2a: Pidgeot|U-turn|p1a: Blissey
|-damage|p1a: Blissey|633\/713
|
|switch|p2a: Pangoro|Pangoro, F|331\/331
|move|p1a: Blissey|Stealth Rock|p2a: Pangoro
|-sidestart|p2: Stroentneger|move: Stealth Rock
|
|-heal|p1a: Blissey|677\/713|[from] item: Leftovers
|turn|2
|
|move|p1a: Blissey|Protect|p1a: Blissey
|-singleturn|p1a: Blissey|Protect
|move|p2a: Pangoro|Knock Off|p1a: Blissey
|-activate|p1a: Blissey|Protect
|
|-heal|p1a: Blissey|713\/713|[from] item: Leftovers
|turn|3
|
|switch|p1a: Florges|Florges, F|360\/360
|move|p2a: Pangoro|Knock Off|p1a: Florges
|-resisted|p1a: Florges
|-damage|p1a: Florges|255\/360
|-enditem|p1a: Florges|Leftovers|[from] move: Knock Off|[of] p2a: Pangoro
|-damage|p2a: Pangoro|298\/331|[from] item: Life Orb
|
|turn|4
|
|move|p2a: Pangoro|Iron Head|p1a: Florges
|-supereffective|p1a: Florges
|-damage|p1a: Florges|0 fnt
|-damage|p2a: Pangoro|265\/331|[from] item: Life Orb
|faint|p1a: Florges
|
|
|switch|p1a: Houndoom|Houndoom, M|291\/291
|turn|5
|
|detailschange|p1a: Houndoom|Houndoom-Mega, M
|-mega|p1a: Houndoom|Houndoom|Houndoominite
|move|p1a: Houndoom|Will-O-Wisp|p2a: Pangoro
|-status|p2a: Pangoro|brn
|move|p2a: Pangoro|Drain Punch|p1a: Houndoom
|-supereffective|p1a: Houndoom
|-damage|p1a: Houndoom|39\/291
|-heal|p2a: Pangoro|331\/331 brn|[from] drain|[of] p1a: Houndoom
|-damage|p2a: Pangoro|298\/331 brn|[from] item: Life Orb
|
|-damage|p2a: Pangoro|257\/331 brn|[from] brn
|turn|6
|
|move|p1a: Houndoom|Fire Blast|p2a: Pangoro
|-damage|p2a: Pangoro|0 fnt
|faint|p2a: Pangoro
|
|
|switch|p2a: Cloyster|Cloyster, M|241\/241
|-damage|p2a: Cloyster|181\/241|[from] Stealth Rock
|turn|7
|
|move|p1a: Houndoom|Fire Blast|p2a: Cloyster
|-damage|p2a: Cloyster|0 fnt
|faint|p2a: Cloyster
|
|leave|Stroentneger
|player|p2
|join|Stroentneger
|player|p2|Stroentneger|170
|
|switch|p2a: Pidgeot|Pidgeot-Mega, F|307\/307
|-damage|p2a: Pidgeot|231\/307|[from] Stealth Rock
|turn|8
|
|switch|p1a: Blissey|Blissey, F|713\/713
|move|p2a: Pidgeot|Hurricane|p1a: Blissey
|-damage|p1a: Blissey|541\/713
|-start|p1a: Blissey|confusion
|
|-heal|p1a: Blissey|585\/713|[from] item: Leftovers
|turn|9
|
|move|p2a: Pidgeot|U-turn|p1a: Blissey
|-damage|p1a: Blissey|514\/713
|
|switch|p2a: Machamp|Machamp, F|322\/322
|-damage|p2a: Machamp|302\/322|[from] Stealth Rock
|-activate|p1a: Blissey|confusion
|-damage|p1a: Blissey|501\/713|[from] confusion
|
|-heal|p1a: Blissey|545\/713|[from] item: Leftovers
|turn|10
|
|switch|p1a: Tentacruel|Tentacruel, F|364\/364
|move|p2a: Machamp|Knock Off|p1a: Tentacruel
|-damage|p1a: Tentacruel|255\/364
|-enditem|p1a: Tentacruel|Black Sludge|[from] move: Knock Off|[of] p2a: Machamp
|
|turn|11
|
|switch|p2a: Pidgeot|Pidgeot-Mega, F|231\/307
|-damage|p2a: Pidgeot|155\/307|[from] Stealth Rock
|move|p1a: Tentacruel|Toxic Spikes|p2a: Pidgeot
|-sidestart|p2: Stroentneger|move: Toxic Spikes
|
|turn|12
|
|switch|p1a: Blissey|Blissey, F|545\/713
|move|p2a: Pidgeot|Hurricane|p1a: Blissey
|-damage|p1a: Blissey|383\/713
|
|-heal|p1a: Blissey|427\/713|[from] item: Leftovers
|turn|13
|
|move|p2a: Pidgeot|U-turn|p1a: Blissey
|-damage|p1a: Blissey|355\/713
|
|switch|p2a: Machamp|Machamp, F|302\/322
|-status|p2a: Machamp|psn
|-damage|p2a: Machamp|282\/322 psn|[from] Stealth Rock
|move|p1a: Blissey|Seismic Toss|p2a: Machamp
|-damage|p2a: Machamp|182\/322 psn
|
|-heal|p1a: Blissey|399\/713|[from] item: Leftovers
|-damage|p2a: Machamp|142\/322 psn|[from] psn
|turn|14
|
|move|p1a: Blissey|Protect|p1a: Blissey
|-singleturn|p1a: Blissey|Protect
|move|p2a: Machamp|Dynamic Punch|p1a: Blissey
|-activate|p1a: Blissey|Protect
|
|-heal|p1a: Blissey|443\/713|[from] item: Leftovers
|-damage|p2a: Machamp|102\/322 psn|[from] psn
|turn|15
|
|switch|p1a: Tentacruel|Tentacruel, F|255\/364
|move|p2a: Machamp|Dynamic Punch|p1a: Tentacruel
|-resisted|p1a: Tentacruel
|-damage|p1a: Tentacruel|177\/364
|-start|p1a: Tentacruel|confusion
|
|-damage|p2a: Machamp|62\/322 psn|[from] psn
|turn|16
|
|move|p2a: Machamp|Dynamic Punch|p1a: Tentacruel
|-resisted|p1a: Tentacruel
|-damage|p1a: Tentacruel|97\/364
|-activate|p1a: Tentacruel|confusion
|-damage|p1a: Tentacruel|77\/364|[from] confusion
|
|-damage|p2a: Machamp|22\/322 psn|[from] psn
|turn|17
|
|move|p2a: Machamp|Dynamic Punch|p1a: Tentacruel
|-resisted|p1a: Tentacruel
|-damage|p1a: Tentacruel|0 fnt
|faint|p1a: Tentacruel
|
|-damage|p2a: Machamp|0 fnt|[from] psn
|faint|p2a: Machamp
|
|switch|p1a: Houndoom|Houndoom-Mega, M|39\/291
|switch|p2a: GET REKT SON|Slurpuff, F, shiny|306\/306
|-damage|p2a: GET REKT SON|268\/306|[from] Stealth Rock
|-status|p2a: GET REKT SON|psn
|turn|18
|
|move|p1a: Houndoom|Fire Blast|p2a: GET REKT SON
|-damage|p2a: GET REKT SON|0 fnt
|faint|p2a: GET REKT SON
|
|
|switch|p2a: Porygon-Z|Porygon-Z, shiny|311\/311
|-damage|p2a: Porygon-Z|273\/311|[from] Stealth Rock
|-status|p2a: Porygon-Z|psn
|turn|19
|
|move|p1a: Houndoom|Fire Blast|p2a: Porygon-Z|[miss]
|-miss|p1a: Houndoom|p2a: Porygon-Z
|move|p2a: Porygon-Z|Nasty Plot|p2a: Porygon-Z
|-boost|p2a: Porygon-Z|spa|2
|
|-heal|p2a: Porygon-Z|292\/311 psn|[from] item: Leftovers
|-damage|p2a: Porygon-Z|254\/311 psn|[from] psn
|turn|20
|
|move|p1a: Houndoom|Fire Blast|p2a: Porygon-Z
|-damage|p2a: Porygon-Z|4\/311 psn
|move|p2a: Porygon-Z|Tri Attack|p1a: Houndoom
|-damage|p1a: Houndoom|0 fnt
|faint|p1a: Houndoom
|
|-heal|p2a: Porygon-Z|23\/311 psn|[from] item: Leftovers
|-damage|p2a: Porygon-Z|0 fnt|[from] psn
|faint|p2a: Porygon-Z
|c|âAngel Duster|fuck all these niggas that wanted to lock megadoom in RU
|
|switch|p2a: Pidgeot|Pidgeot-Mega, F|155\/307
|switch|p1a: Blissey|Blissey, F|443\/713
|-damage|p2a: Pidgeot|79\/307|[from] Stealth Rock
|turn|21
|
|move|p2a: Pidgeot|Hurricane|p1a: Blissey
|-crit|p1a: Blissey
|-damage|p1a: Blissey|190\/713
|move|p1a: Blissey|Seismic Toss|p2a: Pidgeot
|-damage|p2a: Pidgeot|0 fnt
|faint|p2a: Pidgeot
|
|win|Angel Duster
|raw|Ladder updating...
|raw|Angel Duster's rating: 1495 &rarr; <strong>1510<\/strong><br \/>(+15 for winning)
|raw|Stroentneger's rating: 1408 &rarr; <strong>1393<\/strong><br \/>(-15 for losing)
|leave|Stroentneger
|player|p2