|join|Vrille
|join|RustyEspur
|player|p1|Vrille|268
|player|p2|RustyEspur|172
|gametype|singles
|gen|6
|tier|UU
|rated
|rule|Sleep Clause Mod: Limit one foe put to sleep
|rule|Species Clause: Limit one of each PokÃ©mon
|rule|OHKO Clause: OHKO moves are banned
|rule|Moody Clause: Moody is banned
|rule|Evasion Moves Clause: Evasion moves are banned
|rule|Endless Battle Clause: Forcing endless battles is banned
|rule|HP Percentage Mod: HP is shown in percentages
|clearpoke
|poke|p1|Jirachi
|poke|p1|Zygarde
|poke|p1|Pidgeot, M
|poke|p1|Machamp, F
|poke|p1|Kingdra, M
|poke|p1|Florges, F
|poke|p2|Chesnaught, M
|poke|p2|Zygarde
|poke|p2|Braviary, M
|poke|p2|Infernape, M
|poke|p2|Porygon-Z
|poke|p2|Empoleon, F
|rule|Swagger Clause: Swagger is banned
|rule|Baton Pass Clause: Limit one PokÃ©mon knowing Baton Pass
|teampreview
|
|start
|switch|p1a: Machamp|Machamp, F|321\/321
|switch|p2a: AMERICABIRD|Braviary, M|341\/341
|turn|1
|join|napty
|
|switch|p1a: Jirachi|Jirachi|404\/404
|move|p2a: AMERICABIRD|U-turn|p1a: Jirachi
|-damage|p1a: Jirachi|326\/404
|c| napty|jirachi everywhere
|
|switch|p2a: P3NI5|Empoleon, F|372\/372
|
|-heal|p1a: Jirachi|351\/404|[from] item: Leftovers
|turn|2
|
|move|p1a: Jirachi|Thunder Wave|p2a: P3NI5
|-status|p2a: P3NI5|par
|move|p2a: P3NI5|Stealth Rock|p1a: Jirachi
|-sidestart|p1: Vrille|move: Stealth Rock
|
|-heal|p1a: Jirachi|376\/404|[from] item: Leftovers
|turn|3
|c|âRustyEspur|yea :\/
|c|âRustyEspur|and it that set
|
|move|p1a: Jirachi|Stealth Rock|p2a: P3NI5
|-sidestart|p2: RustyEspur|move: Stealth Rock
|move|p2a: P3NI5|Scald|p1a: Jirachi
|-damage|p1a: Jirachi|301\/404
|
|-heal|p1a: Jirachi|326\/404|[from] item: Leftovers
|turn|4
|c| napty|iron head is going to do crap
|
|switch|p1a: Machamp|Machamp, F|321\/321
|-damage|p1a: Machamp|301\/321|[from] Stealth Rock
|cant|p2a: P3NI5|par
|
|turn|5
|c|âRustyEspur|burn
|
|switch|p2a: NoChest|Chesnaught, M|380\/380
|-damage|p2a: NoChest|357\/380|[from] Stealth Rock
|move|p1a: Machamp|Dynamic Punch|p2a: NoChest
|-damage|p2a: NoChest|233\/380
|-start|p2a: NoChest|confusion
|
|-heal|p2a: NoChest|256\/380|[from] item: Leftovers
|turn|6
|c| napty|lol
|
|switch|p1a: Pidgeot|Pidgeot, M|307\/307
|-damage|p1a: Pidgeot|231\/307|[from] Stealth Rock
|-activate|p2a: NoChest|confusion
|-damage|p2a: NoChest|235\/380|[from] confusion
|
|-heal|p2a: NoChest|258\/380|[from] item: Leftovers
|turn|7
|c| napty|this guy relies on hax
|c| napty|to win
|c|âRustyEspur|yea
|
|switch|p1a: Machamp|Machamp, F|301\/321
|-damage|p1a: Machamp|281\/321|[from] Stealth Rock
|switch|p2a: P3NI5|Empoleon, F|372\/372 par
|-damage|p2a: P3NI5|349\/372 par|[from] Stealth Rock
|
|-heal|p2a: P3NI5|372\/372 par|[from] item: Leftovers
|turn|8
|
|switch|p2a: NoChest|Chesnaught, M|258\/380
|-damage|p2a: NoChest|235\/380|[from] Stealth Rock
|move|p1a: Machamp|Dynamic Punch|p2a: NoChest
|-damage|p2a: NoChest|103\/380
|-start|p2a: NoChest|confusion
|
|-heal|p2a: NoChest|126\/380|[from] item: Leftovers
|turn|9
|
|-activate|p2a: NoChest|confusion
|move|p2a: NoChest|Spiky Shield|p2a: NoChest
|-singleturn|p2a: NoChest|move: Protect
|move|p1a: Machamp|Dynamic Punch|p2a: NoChest
|-activate|p2a: NoChest|move: Protect
|-damage|p1a: Machamp|241\/321|[from] Spiky Shield|[of] p2a: NoChest
|
|-heal|p2a: NoChest|149\/380|[from] item: Leftovers
|turn|10
|
|-end|p2a: NoChest|confusion
|move|p2a: NoChest|Drain Punch|p1a: Machamp
|-damage|p1a: Machamp|135\/321
|-heal|p2a: NoChest|202\/380|[from] drain|[of] p1a: Machamp
|move|p1a: Machamp|Ice Punch|p2a: NoChest
|-supereffective|p2a: NoChest
|-damage|p2a: NoChest|76\/380
|-status|p2a: NoChest|frz
|
|-heal|p2a: NoChest|99\/380 frz|[from] item: Leftovers
|turn|11
|c|âRustyEspur|are you
|c| napty|oO
|
|cant|p2a: NoChest|frz
|move|p1a: Machamp|Dynamic Punch|p2a: NoChest
|-damage|p2a: NoChest|0 fnt
|faint|p2a: NoChest
|
|
|switch|p2a: Infernape|Infernape, M|293\/293
|-damage|p2a: Infernape|257\/293|[from] Stealth Rock
|turn|12
|
|switch|p1a: Florges|Florges, F|359\/359
|-damage|p1a: Florges|315\/359|[from] Stealth Rock
|move|p2a: Infernape|Close Combat|p1a: Florges
|-resisted|p1a: Florges
|-damage|p1a: Florges|199\/359
|-unboost|p2a: Infernape|def|1
|-unboost|p2a: Infernape|spd|1
|-damage|p2a: Infernape|228\/293|[from] item: Life Orb
|
|-heal|p1a: Florges|221\/359|[from] item: Leftovers
|turn|13
|c| napty|Rule 54 of PokÃ©mon: if you don't thaw turn 1, you'll never thaw
|
|move|p2a: Infernape|Close Combat|p1a: Florges
|-resisted|p1a: Florges
|-damage|p1a: Florges|105\/359
|-unboost|p2a: Infernape|def|1
|-unboost|p2a: Infernape|spd|1
|-damage|p2a: Infernape|199\/293|[from] item: Life Orb
|move|p1a: Florges|Wish|p1a: Florges
|
|-heal|p1a: Florges|127\/359|[from] item: Leftovers
|turn|14
|
|switch|p2a: P3NI5|Empoleon, F|372\/372 par
|-damage|p2a: P3NI5|349\/372 par|[from] Stealth Rock
|move|p1a: Florges|Protect|p1a: Florges
|-fail|p1a: Florges
|
|-heal|p1a: Florges|306\/359|[from] move: Wish|[wisher] Florges
|-heal|p1a: Florges|328\/359|[from] item: Leftovers
|-heal|p2a: P3NI5|372\/372 par|[from] item: Leftovers
|turn|15
|
|switch|p2a: Infernape|Infernape, M|199\/293
|-damage|p2a: Infernape|163\/293|[from] Stealth Rock
|move|p1a: Florges|Wish|p1a: Florges
|
|-heal|p1a: Florges|350\/359|[from] item: Leftovers
|turn|16
|
|move|p2a: Infernape|Close Combat|p1a: Florges
|-resisted|p1a: Florges
|-damage|p1a: Florges|234\/359
|-unboost|p2a: Infernape|def|1
|-unboost|p2a: Infernape|spd|1
|-damage|p2a: Infernape|134\/293|[from] item: Life Orb
|move|p1a: Florges|Moonblast|p2a: Infernape
|-damage|p2a: Infernape|0 fnt
|faint|p2a: Infernape
|
|-heal|p1a: Florges|359\/359|[from] move: Wish|[wisher] Florges
|
|switch|p2a: Pee-Zee|Porygon-Z|311\/311
|-damage|p2a: Pee-Zee|273\/311|[from] Stealth Rock
|-boost|p2a: Pee-Zee|atk|1|[from] ability: Download
|turn|17
|c| napty|i think you're screw
|c|âRustyEspur|i am
|c|âRustyEspur|FREEZE
|c|âRustyEspur|CONFUSION
|
|move|p2a: Pee-Zee|Nasty Plot|p2a: Pee-Zee
|-boost|p2a: Pee-Zee|spa|2
|move|p1a: Florges|Wish|p1a: Florges
|
|turn|18
|c|âRustyEspur|PARALYSIS
|c| napty|FLINCH
|c| napty|DROP
|c| napty|MISS
|
|switch|p1a: Jirachi|Jirachi|326\/404
|-damage|p1a: Jirachi|301\/404|[from] Stealth Rock
|move|p2a: Pee-Zee|Agility|p2a: Pee-Zee
|-boost|p2a: Pee-Zee|spe|2
|
|-heal|p1a: Jirachi|404\/404|[from] move: Wish|[wisher] Florges
|turn|19
|
|move|p2a: Pee-Zee|Dark Pulse|p1a: Jirachi
|-supereffective|p1a: Jirachi
|-damage|p1a: Jirachi|0 fnt
|-damage|p2a: Pee-Zee|242\/311|[from] item: Life Orb
|faint|p1a: Jirachi
|
|c|âRustyEspur|yolo
|
|switch|p1a: Florges|Florges, F|359\/359
|-damage|p1a: Florges|315\/359|[from] Stealth Rock
|turn|20
|
|move|p2a: Pee-Zee|Nasty Plot|p2a: Pee-Zee
|-boost|p2a: Pee-Zee|spa|2
|move|p1a: Florges|Moonblast|p2a: Pee-Zee
|-damage|p2a: Pee-Zee|77\/311
|
|-heal|p1a: Florges|337\/359|[from] item: Leftovers
|turn|21
|
|move|p2a: Pee-Zee|Tri Attack|p1a: Florges
|-damage|p1a: Florges|0 fnt
|-damage|p2a: Pee-Zee|46\/311|[from] item: Life Orb
|faint|p1a: Florges
|
|
|switch|p1a: Machamp|Machamp, F|135\/321
|-damage|p1a: Machamp|115\/321|[from] Stealth Rock
|turn|22
|
|move|p1a: Machamp|Bullet Punch|p2a: Pee-Zee
|-crit|p2a: Pee-Zee
|-damage|p2a: Pee-Zee|0 fnt
|faint|p2a: Pee-Zee
|
|
|switch|p2a: AMERICABIRD|Braviary, M|341\/341
|-damage|p2a: AMERICABIRD|256\/341|[from] Stealth Rock
|turn|23
|
|switch|p1a: Zygarde|Zygarde|419\/419
|-damage|p1a: Zygarde|393\/419|[from] Stealth Rock
|-ability|p1a: Zygarde|Aura Break
|move|p2a: AMERICABIRD|Brave Bird|p1a: Zygarde
|-damage|p1a: Zygarde|249\/419
|-damage|p2a: AMERICABIRD|200\/341|[from] item: Rocky Helmet|[of] p1a: Zygarde
|-damage|p2a: AMERICABIRD|152\/341|[from] recoil|[of] p1a: Zygarde
|
|turn|24
|
|move|p2a: AMERICABIRD|Brave Bird|p1a: Zygarde
|-damage|p1a: Zygarde|107\/419
|-damage|p2a: AMERICABIRD|96\/341|[from] item: Rocky Helmet|[of] p1a: Zygarde
|-damage|p2a: AMERICABIRD|49\/341|[from] recoil|[of] p1a: Zygarde
|move|p1a: Zygarde|Glare|p2a: AMERICABIRD
|-status|p2a: AMERICABIRD|par
|
|turn|25
|
|move|p1a: Zygarde|Extreme Speed|p2a: AMERICABIRD
|-damage|p2a: AMERICABIRD|0 fnt
|faint|p2a: AMERICABIRD
|
|
|switch|p2a: Whats this|Zygarde|404\/404
|-damage|p2a: Whats this|379\/404|[from] Stealth Rock
|-ability|p2a: Whats this|Aura Break
|turn|26
|
|move|p2a: Whats this|Substitute|p2a: Whats this
|-start|p2a: Whats this|Substitute
|-damage|p2a: Whats this|278\/404
|move|p1a: Zygarde|Pain Split|p2a: Whats this
|
|-heal|p2a: Whats this|303\/404|[from] item: Leftovers
|turn|27
|
|move|p2a: Whats this|Coil|p2a: Whats this
|-boost|p2a: Whats this|atk|1
|-boost|p2a: Whats this|def|1
|-boost|p2a: Whats this|accuracy|1
|move|p1a: Zygarde|Earthquake|p2a: Whats this
|-activate|p2a: Whats this|Substitute|[damage]
|
|-heal|p2a: Whats this|328\/404|[from] item: Leftovers
|turn|28
|
|switch|p1a: Kingdra|Kingdra, M|291\/291
|-damage|p1a: Kingdra|255\/291|[from] Stealth Rock
|move|p2a: Whats this|Coil|p2a: Whats this
|-boost|p2a: Whats this|atk|1
|-boost|p2a: Whats this|def|1
|-boost|p2a: Whats this|accuracy|1
|
|-heal|p2a: Whats this|353\/404|[from] item: Leftovers
|turn|29
|
|switch|p1a: Pidgeot|Pidgeot, M|231\/307
|-damage|p1a: Pidgeot|155\/307|[from] Stealth Rock
|move|p2a: Whats this|Dragon Tail|p1a: Pidgeot
|-damage|p1a: Pidgeot|0 fnt
|faint|p1a: Pidgeot
|
|-heal|p2a: Whats this|378\/404|[from] item: Leftovers
|
|switch|p1a: Machamp|Machamp, F|115\/321
|-damage|p1a: Machamp|95\/321|[from] Stealth Rock
|turn|30
|c|âRustyEspur|nice
|
|move|p2a: Whats this|Earthquake|p1a: Machamp
|-damage|p1a: Machamp|0 fnt
|faint|p1a: Machamp
|
|-heal|p2a: Whats this|403\/404|[from] item: Leftovers
|
|switch|p1a: Zygarde|Zygarde|107\/419
|-damage|p1a: Zygarde|81\/419|[from] Stealth Rock
|-ability|p1a: Zygarde|Aura Break
|turn|31
|c|âRustyEspur|haxlord defeated
|c|âRustyEspur|gg
|
|move|p1a: Zygarde|Extreme Speed|p2a: Whats this
|-activate|p2a: Whats this|Substitute|[damage]
|move|p2a: Whats this|Substitute|p2a: Whats this
|-fail|p2a: Whats this|move: Substitute
|
|-heal|p2a: Whats this|404\/404|[from] item: Leftovers
|turn|32
|
|move|p1a: Zygarde|Extreme Speed|p2a: Whats this
|-end|p2a: Whats this|Substitute
|move|p2a: Whats this|Coil|p2a: Whats this
|-boost|p2a: Whats this|atk|1
|-boost|p2a: Whats this|def|1
|-boost|p2a: Whats this|accuracy|1
|
|turn|33
|
|move|p2a: Whats this|Substitute|p2a: Whats this
|-start|p2a: Whats this|Substitute
|-damage|p2a: Whats this|303\/404
|move|p1a: Zygarde|Earthquake|p2a: Whats this
|-activate|p2a: Whats this|Substitute|[damage]
|
|-heal|p2a: Whats this|328\/404|[from] item: Leftovers
|turn|34
|
|move|p1a: Zygarde|Extreme Speed|p2a: Whats this
|-activate|p2a: Whats this|Substitute|[damage]
|move|p2a: Whats this|Coil|p2a: Whats this
|-boost|p2a: Whats this|atk|1
|-boost|p2a: Whats this|def|1
|-boost|p2a: Whats this|accuracy|1
|
|-heal|p2a: Whats this|353\/404|[from] item: Leftovers
|turn|35
|
|move|p1a: Zygarde|Extreme Speed|p2a: Whats this
|-activate|p2a: Whats this|Substitute|[damage]
|move|p2a: Whats this|Coil|p2a: Whats this
|-boost|p2a: Whats this|atk|1
|-boost|p2a: Whats this|def|1
|-boost|p2a: Whats this|accuracy|1
|
|-heal|p2a: Whats this|378\/404|[from] item: Leftovers
|turn|36
|c|âRustyEspur|its never enuf
|c|âRustyEspur|the boosts
|c| napty|lol
|
|move|p1a: Zygarde|Extreme Speed|p2a: Whats this
|-activate|p2a: Whats this|Substitute|[damage]
|move|p2a: Whats this|Coil|p2a: Whats this
|-boost|p2a: Whats this|atk|1
|-boost|p2a: Whats this|def|1
|-boost|p2a: Whats this|accuracy|1
|
|-heal|p2a: Whats this|403\/404|[from] item: Leftovers
|turn|37
|c|âRustyEspur|pls break
|
|move|p1a: Zygarde|Extreme Speed|p2a: Whats this
|-end|p2a: Whats this|Substitute
|move|p2a: Whats this|Substitute|p2a: Whats this
|-start|p2a: Whats this|Substitute
|-damage|p2a: Whats this|302\/404
|
|-heal|p2a: Whats this|327\/404|[from] item: Leftovers
|turn|38
|c|âRustyEspur|nice
|
|move|p1a: Zygarde|Extreme Speed|p2a: Whats this
|-activate|p2a: Whats this|Substitute|[damage]
|move|p2a: Whats this|Earthquake|p1a: Zygarde
|-damage|p1a: Zygarde|0 fnt
|faint|p1a: Zygarde
|
|-heal|p2a: Whats this|352\/404|[from] item: Leftovers
|
|switch|p1a: Kingdra|Kingdra, M|255\/291
|-damage|p1a: Kingdra|219\/291|[from] Stealth Rock
|turn|39
|
|move|p2a: Whats this|Earthquake|p1a: Kingdra
|-damage|p1a: Kingdra|0 fnt
|faint|p1a: Kingdra
|
|win|RustyEspur
|raw|Ladder updating...
|raw|Vrille's rating: 1419 &rarr; <strong>1398<\/strong><br \/>(-21 for losing)
|raw|RustyEspur's rating: 1408 &rarr; <strong>1428<\/strong><br \/>(+20 for winning)
|leave|Vrille
|player|p1