|join|wish killer
|join|Q111
|player|p1|wish killer|288
|player|p2|Q111|169
|gametype|singles
|gen|6
|tier|OU
|rated
|clearpoke
|poke|p1|Bisharp, F
|poke|p1|Venusaur, M
|poke|p1|Heatran, M
|poke|p1|Keldeo
|poke|p1|Chansey, F
|poke|p1|Skarmory, M
|poke|p2|Swampert, M
|poke|p2|Politoed, M
|poke|p2|Ferrothorn, F
|poke|p2|Keldeo
|poke|p2|Latias, F
|poke|p2|Tornadus-Therian, M
|rule|Swagger Clause: Swagger is banned
|rule|Baton Pass Clause: Limit one PokÃ©mon knowing Baton Pass
|rule|Sleep Clause Mod: Limit one foe put to sleep
|rule|Species Clause: Limit one of each PokÃ©mon
|rule|OHKO Clause: OHKO moves are banned
|rule|Moody Clause: Moody is banned
|rule|Evasion Moves Clause: Evasion moves are banned
|rule|Endless Battle Clause: Forcing endless battles is banned
|rule|HP Percentage Mod: HP is shown in percentages
|teampreview
|
|start
|switch|p1a: Heatran|Heatran, M|340\/340
|switch|p2a: Politoed|Politoed, M|384\/384
|-item|p1a: Heatran|Air Balloon
|-weather|RainDance
|turn|1
|
|move|p1a: Heatran|Toxic|p2a: Politoed
|-status|p2a: Politoed|tox
|move|p2a: Politoed|Scald|p1a: Heatran
|-supereffective|p1a: Heatran
|-damage|p1a: Heatran|112\/340
|-enditem|p1a: Heatran|Air Balloon
|
|-weather|RainDance|[upkeep]
|-damage|p2a: Politoed|360\/384 tox|[from] psn
|turn|2
|
|move|p1a: Heatran|Stealth Rock|p2a: Politoed
|-sidestart|p2: Q111|move: Stealth Rock
|move|p2a: Politoed|Scald|p1a: Heatran
|-supereffective|p1a: Heatran
|-damage|p1a: Heatran|0 fnt
|faint|p1a: Heatran
|
|-weather|RainDance|[upkeep]
|-damage|p2a: Politoed|312\/384 tox|[from] psn
|
|switch|p1a: Skarmory|Skarmory, M|334\/334
|turn|3
|
|switch|p2a: Latias|Latias, F|301\/301
|-damage|p2a: Latias|264\/301|[from] Stealth Rock
|move|p1a: Skarmory|Spikes|p2a: Latias
|-sidestart|p2: Q111|Spikes
|
|-weather|RainDance|[upkeep]
|turn|4
|
|switch|p1a: Bisharp|Bisharp, F|334\/334
|move|p2a: Latias|Trick|p1a: Bisharp
|-activate|p2a: Latias|move: Trick|[of] p1a: Bisharp
|-item|p1a: Bisharp|Choice Scarf|[from] move: Trick
|-item|p2a: Latias|Leftovers|[from] move: Trick
|
|-weather|RainDance|[upkeep]
|-heal|p2a: Latias|282\/301|[from] item: Leftovers
|turn|5
|
|move|p1a: Bisharp|Knock Off|p2a: Latias
|-supereffective|p2a: Latias
|-damage|p2a: Latias|0 fnt
|-enditem|p2a: Latias|Leftovers|[from] move: Knock Off|[of] p1a: Bisharp
|faint|p2a: Latias
|
|-weather|RainDance|[upkeep]
|
|switch|p2a: Swampert|Swampert, M|366\/366
|-damage|p2a: Swampert|344\/366|[from] Stealth Rock
|-damage|p2a: Swampert|299\/366|[from] Spikes
|turn|6
|
|switch|p1a: Skarmory|Skarmory, M|334\/334
|detailschange|p2a: Swampert|Swampert-Mega, M
|message|Swampert has Mega Evolved into Mega Swampert!
|move|p2a: Swampert|Ice Punch|p1a: Skarmory
|-damage|p1a: Skarmory|262\/334
|-damage|p2a: Swampert|238\/366|[from] item: Rocky Helmet|[of] p1a: Skarmory
|
|-weather|RainDance|[upkeep]
|turn|7
|
|move|p2a: Swampert|Waterfall|p1a: Skarmory
|-damage|p1a: Skarmory|94\/334
|-damage|p2a: Swampert|177\/366|[from] item: Rocky Helmet|[of] p1a: Skarmory
|cant|p1a: Skarmory|flinch
|
|-weather|RainDance|[upkeep]
|turn|8
|
|switch|p1a: Venusaur|Venusaur, M|364\/364
|move|p2a: Swampert|Waterfall|p1a: Venusaur
|-resisted|p1a: Venusaur
|-damage|p1a: Venusaur|260\/364
|
|-weather|none
|turn|9
|
|switch|p2a: Tornadus-Therian|Tornadus-Therian, M|361\/361
|-damage|p2a: Tornadus-Therian|271\/361|[from] Stealth Rock
|detailschange|p1a: Venusaur|Venusaur-Mega, M
|message|Venusaur has Mega Evolved into Mega Venusaur!
|move|p1a: Venusaur|Hidden Power|p2a: Tornadus-Therian
|-damage|p2a: Tornadus-Therian|212\/361
|
|turn|10
|
|switch|p1a: Chansey|Chansey, F|684\/684
|move|p2a: Tornadus-Therian|Rain Dance|p2a: Tornadus-Therian
|-weather|RainDance
|
|-weather|RainDance|[upkeep]
|turn|11
|
|move|p2a: Tornadus-Therian|U-turn|p1a: Chansey
|-crit|p1a: Chansey
|-damage|p1a: Chansey|576\/684
|
|switch|p2a: Ferrothorn|Ferrothorn, F|352\/352
|-damage|p2a: Ferrothorn|308\/352|[from] Spikes
|-damage|p2a: Ferrothorn|286\/352|[from] Stealth Rock
|move|p1a: Chansey|Seismic Toss|p2a: Ferrothorn
|-damage|p2a: Ferrothorn|186\/352
|-damage|p1a: Chansey|491\/684|[from] ability: Iron Barbs|[of] p2a: Ferrothorn
|
|-weather|RainDance|[upkeep]
|-heal|p2a: Ferrothorn|208\/352|[from] item: Leftovers
|turn|12
|
|switch|p1a: Skarmory|Skarmory, M|94\/334
|move|p2a: Ferrothorn|Stealth Rock|p1a: Skarmory
|-sidestart|p1: wish killer|move: Stealth Rock
|
|-weather|RainDance|[upkeep]
|-heal|p2a: Ferrothorn|230\/352|[from] item: Leftovers
|turn|13
|
|switch|p2a: Keldeo|Keldeo|323\/323
|-damage|p2a: Keldeo|283\/323|[from] Spikes
|-damage|p2a: Keldeo|263\/323|[from] Stealth Rock
|move|p1a: Skarmory|Spikes|p2a: Keldeo
|-sidestart|p2: Q111|Spikes
|
|-weather|RainDance|[upkeep]
|turn|14
|
|move|p2a: Keldeo|Hydro Pump|p1a: Skarmory
|-damage|p1a: Skarmory|0 fnt
|faint|p1a: Skarmory
|
|-weather|RainDance|[upkeep]
|join|i came from leddit
|
|switch|p1a: Keldeo|Keldeo|323\/323
|-damage|p1a: Keldeo|303\/323|[from] Stealth Rock
|turn|15
|
|move|p1a: Keldeo|Secret Sword|p2a: Keldeo
|-damage|p2a: Keldeo|92\/323
|move|p2a: Keldeo|Hydro Pump|p1a: Keldeo
|-resisted|p1a: Keldeo
|-damage|p1a: Keldeo|73\/323
|
|-weather|RainDance|[upkeep]
|-heal|p1a: Keldeo|93\/323|[from] item: Leftovers
|turn|16
|
|move|p2a: Keldeo|Hydro Pump|p1a: Keldeo
|-crit|p1a: Keldeo
|-resisted|p1a: Keldeo
|-damage|p1a: Keldeo|0 fnt
|faint|p1a: Keldeo
|
|-weather|RainDance|[upkeep]
|
|switch|p1a: Venusaur|Venusaur-Mega, M|260\/364
|-damage|p1a: Venusaur|215\/364|[from] Stealth Rock
|turn|17
|
|switch|p2a: Ferrothorn|Ferrothorn, F|230\/352
|-damage|p2a: Ferrothorn|208\/352|[from] Stealth Rock
|-damage|p2a: Ferrothorn|150\/352|[from] Spikes
|move|p1a: Venusaur|Leech Seed|p2a: Ferrothorn
|-immune|p2a: Ferrothorn|[msg]
|
|-weather|none
|-heal|p2a: Ferrothorn|172\/352|[from] item: Leftovers
|turn|18
|
|switch|p2a: Politoed|Politoed, M|312\/384 tox
|-damage|p2a: Politoed|248\/384 tox|[from] Spikes
|-damage|p2a: Politoed|200\/384 tox|[from] Stealth Rock
|-weather|RainDance
|move|p1a: Venusaur|Hidden Power|p2a: Politoed
|-resisted|p2a: Politoed
|-damage|p2a: Politoed|189\/384 tox
|
|-weather|RainDance|[upkeep]
|-damage|p2a: Politoed|165\/384 tox|[from] psn
|turn|19
|
|move|p1a: Venusaur|Leech Seed|p2a: Politoed|[miss]
|-miss|p1a: Venusaur|p2a: Politoed
|move|p2a: Politoed|Perish Song|p2a: Politoed
|-fieldactivate|move: Perish Song
|
|-start|p1a: Venusaur|perish3
|-start|p2a: Politoed|perish3
|-weather|RainDance|[upkeep]
|-damage|p2a: Politoed|117\/384 tox|[from] psn
|turn|20
|
|move|p1a: Venusaur|Synthesis|p1a: Venusaur
|-heal|p1a: Venusaur|306\/364
|move|p2a: Politoed|Scald|p1a: Venusaur
|-resisted|p1a: Venusaur
|-damage|p1a: Venusaur|252\/364
|
|-start|p1a: Venusaur|perish2
|-start|p2a: Politoed|perish2
|-weather|RainDance|[upkeep]
|-damage|p2a: Politoed|45\/384 tox|[from] psn
|turn|21
|
|switch|p1a: Chansey|Chansey, F|491\/684
|-damage|p1a: Chansey|406\/684|[from] Stealth Rock
|move|p2a: Politoed|Scald|p1a: Chansey
|-damage|p1a: Chansey|331\/684
|
|-start|p2a: Politoed|perish1
|-weather|RainDance|[upkeep]
|-damage|p2a: Politoed|0 fnt|[from] psn
|faint|p2a: Politoed
|
|switch|p2a: Swampert|Swampert-Mega, M|177\/366
|-damage|p2a: Swampert|116\/366|[from] Spikes
|-damage|p2a: Swampert|94\/366|[from] Stealth Rock
|turn|22
|
|move|p2a: Swampert|Waterfall|p1a: Chansey
|-damage|p1a: Chansey|1\/684
|move|p1a: Chansey|Seismic Toss|p2a: Swampert
|-damage|p2a: Swampert|0 fnt
|faint|p2a: Swampert
|
|-weather|RainDance|[upkeep]
|
|switch|p2a: Tornadus-Therian|Tornadus-Therian, M|332\/361
|-damage|p2a: Tornadus-Therian|242\/361|[from] Stealth Rock
|turn|23
|
|move|p2a: Tornadus-Therian|Hurricane|p1a: Chansey
|-damage|p1a: Chansey|0 fnt
|faint|p1a: Chansey
|
|-weather|RainDance|[upkeep]
|
|switch|p1a: Bisharp|Bisharp, F|334\/334
|-damage|p1a: Bisharp|314\/334|[from] Stealth Rock
|turn|24
|
|switch|p2a: Ferrothorn|Ferrothorn, F|172\/352
|-damage|p2a: Ferrothorn|150\/352|[from] Stealth Rock
|-damage|p2a: Ferrothorn|92\/352|[from] Spikes
|move|p1a: Bisharp|Sucker Punch|p2a: Ferrothorn
|-fail|p2a: Ferrothorn
|
|-weather|RainDance|[upkeep]
|-heal|p2a: Ferrothorn|114\/352|[from] item: Leftovers
|turn|25
|
|switch|p1a: Venusaur|Venusaur-Mega, M|252\/364
|-damage|p1a: Venusaur|207\/364|[from] Stealth Rock
|switch|p2a: Tornadus-Therian|Tornadus-Therian, M|361\/361
|-damage|p2a: Tornadus-Therian|271\/361|[from] Stealth Rock
|
|-weather|none
|turn|26
|
|switch|p1a: Bisharp|Bisharp, F|314\/334
|-damage|p1a: Bisharp|294\/334|[from] Stealth Rock
|move|p2a: Tornadus-Therian|Hurricane|p1a: Bisharp
|-resisted|p1a: Bisharp
|-damage|p1a: Bisharp|193\/334
|-start|p1a: Bisharp|confusion
|
|turn|27
|
|switch|p2a: Ferrothorn|Ferrothorn, F|114\/352
|-damage|p2a: Ferrothorn|92\/352|[from] Stealth Rock
|-damage|p2a: Ferrothorn|34\/352|[from] Spikes
|-activate|p1a: Bisharp|confusion
|move|p1a: Bisharp|Knock Off|p2a: Ferrothorn
|-damage|p2a: Ferrothorn|0 fnt
|-damage|p1a: Bisharp|152\/334|[from] ability: Iron Barbs|[of] p2a: Ferrothorn
|-enditem|p2a: Ferrothorn|Leftovers|[from] move: Knock Off|[of] p1a: Bisharp
|faint|p2a: Ferrothorn
|
|
|switch|p2a: Keldeo|Keldeo|92\/323
|-damage|p2a: Keldeo|72\/323|[from] Stealth Rock
|-damage|p2a: Keldeo|19\/323|[from] Spikes
|turn|28
|
|switch|p1a: Venusaur|Venusaur-Mega, M|207\/364
|-damage|p1a: Venusaur|162\/364|[from] Stealth Rock
|move|p2a: Keldeo|Secret Sword|p1a: Venusaur
|-resisted|p1a: Venusaur
|-damage|p1a: Venusaur|90\/364
|
|turn|29
|
|move|p2a: Keldeo|Secret Sword|p1a: Venusaur
|-resisted|p1a: Venusaur
|-damage|p1a: Venusaur|19\/364
|move|p1a: Venusaur|Synthesis|p1a: Venusaur
|-heal|p1a: Venusaur|201\/364
|
|turn|30
|
|switch|p2a: Tornadus-Therian|Tornadus-Therian, M|361\/361
|-damage|p2a: Tornadus-Therian|271\/361|[from] Stealth Rock
|move|p1a: Venusaur|Synthesis|p1a: Venusaur
|-heal|p1a: Venusaur|364\/364
|
|turn|31
|
|move|p2a: Tornadus-Therian|Rain Dance|p2a: Tornadus-Therian
|-weather|RainDance
|move|p1a: Venusaur|Leech Seed|p2a: Tornadus-Therian
|-start|p2a: Tornadus-Therian|move: Leech Seed
|
|-weather|RainDance|[upkeep]
|-damage|p2a: Tornadus-Therian|226\/361|[from] Leech Seed|[of] p1a: Venusaur
|turn|32
|
|move|p2a: Tornadus-Therian|Hurricane|p1a: Venusaur
|-supereffective|p1a: Venusaur
|-damage|p1a: Venusaur|106\/364
|move|p1a: Venusaur|Giga Drain|p2a: Tornadus-Therian
|-resisted|p2a: Tornadus-Therian
|-damage|p2a: Tornadus-Therian|172\/361
|-heal|p1a: Venusaur|133\/364|[from] drain|[of] p2a: Tornadus-Therian
|
|-weather|RainDance|[upkeep]
|-damage|p2a: Tornadus-Therian|127\/361|[from] Leech Seed|[of] p1a: Venusaur
|-heal|p1a: Venusaur|178\/364|[silent]
|turn|33
|
|move|p2a: Tornadus-Therian|Hurricane|p1a: Venusaur
|-supereffective|p1a: Venusaur
|-damage|p1a: Venusaur|0 fnt
|faint|p1a: Venusaur
|
|-weather|RainDance|[upkeep]
|
|switch|p1a: Bisharp|Bisharp, F|152\/334
|-damage|p1a: Bisharp|132\/334|[from] Stealth Rock
|turn|34
|
|switch|p2a: Keldeo|Keldeo|19\/323
|-damage|p2a: Keldeo|0 fnt|[from] Spikes
|faint|p2a: Keldeo
|move|p1a: Bisharp|Knock Off|p2: Keldeo|[notarget]
|-notarget
|
|-weather|RainDance|[upkeep]
|
|switch|p2a: Tornadus-Therian|Tornadus-Therian, M|247\/361
|-damage|p2a: Tornadus-Therian|157\/361|[from] Stealth Rock
|turn|35
|
|move|p2a: Tornadus-Therian|Hurricane|p1a: Bisharp
|-resisted|p1a: Bisharp
|-damage|p1a: Bisharp|45\/334
|move|p1a: Bisharp|Knock Off|p2a: Tornadus-Therian
|-damage|p2a: Tornadus-Therian|0 fnt
|-enditem|p2a: Tornadus-Therian|Damp Rock|[from] move: Knock Off|[of] p1a: Bisharp
|faint|p2a: Tornadus-Therian
|
|win|wish killer
|raw|Ladder updating...
|raw|wish killer's rating: 1835 &rarr; <strong>1842<\/strong><br \/>(+7 for winning)
|raw|Q111's rating: 1580 &rarr; <strong>1573<\/strong><br \/>(-7 for losing)
|leave|Q111
|player|p2