|join|MoB Barley
|join|Q111
|player|p1|MoB Barley|161
|player|p2|Q111|169
|gametype|singles
|gen|6
|tier|OU
|rated
|clearpoke
|poke|p1|Metagross, shiny
|poke|p1|Landorus, M, shiny
|poke|p1|Garchomp, M, shiny
|poke|p1|Azumarill, M
|poke|p1|Latias, F
|poke|p1|Keldeo-Resolute, shiny
|poke|p2|Swampert, M
|poke|p2|Politoed, F
|poke|p2|Clefable, F
|poke|p2|Manaphy
|poke|p2|Latias, F
|poke|p2|Tornadus-Therian, M
|rule|Swagger Clause: Swagger is banned
|rule|Baton Pass Clause: Limit one PokÃ©mon knowing Baton Pass
|rule|Sleep Clause Mod: Limit one foe put to sleep
|rule|Species Clause: Limit one of each PokÃ©mon
|rule|OHKO Clause: OHKO moves are banned
|rule|Moody Clause: Moody is banned
|rule|Evasion Moves Clause: Evasion moves are banned
|rule|Endless Battle Clause: Forcing endless battles is banned
|rule|HP Percentage Mod: HP is shown in percentages
|teampreview
|join|daftmau5
|
|start
|switch|p1a: Azumarill|Azumarill, M|360\/360
|switch|p2a: Politoed|Politoed, F|384\/384
|-weather|RainDance
|turn|1
|
|move|p1a: Azumarill|Knock Off|p2a: Politoed
|-damage|p2a: Politoed|208\/384
|-enditem|p2a: Politoed|Damp Rock|[from] move: Knock Off|[of] p1a: Azumarill
|move|p2a: Politoed|Scald|p1a: Azumarill
|-resisted|p1a: Azumarill
|-damage|p1a: Azumarill|281\/360
|
|-weather|RainDance|[upkeep]
|turn|2
|
|switch|p2a: Clefable|Clefable, F|394\/394
|move|p1a: Azumarill|Play Rough|p2a: Clefable
|-damage|p2a: Clefable|159\/394
|
|-weather|RainDance|[upkeep]
|-heal|p2a: Clefable|183\/394|[from] item: Leftovers
|turn|3
|
|move|p1a: Azumarill|Play Rough|p2a: Clefable
|-damage|p2a: Clefable|0 fnt
|faint|p2a: Clefable
|
|-weather|RainDance|[upkeep]
|
|switch|p2a: Swampert|Swampert, M|354\/354
|turn|4
|
|switch|p1a: Latias|Latias, F|301\/301
|detailschange|p2a: Swampert|Swampert-Mega, M
|-mega|p2a: Swampert|Swampert|Swampertite
|move|p2a: Swampert|Earthquake|p1a: Latias
|-immune|p1a: Latias|[msg]
|
|-weather|RainDance|[upkeep]
|turn|5
|
|move|p2a: Swampert|Ice Punch|p1a: Latias
|-supereffective|p1a: Latias
|-damage|p1a: Latias|43\/301
|move|p1a: Latias|Draco Meteor|p2a: Swampert
|-damage|p2a: Swampert|108\/354
|-unboost|p1a: Latias|spa|2
|-damage|p1a: Latias|13\/301|[from] item: Life Orb
|
|-weather|RainDance|[upkeep]
|turn|6
|
|switch|p1a: Azumarill|Azumarill, M|281\/360
|move|p2a: Swampert|Waterfall|p1a: Azumarill
|-resisted|p1a: Azumarill
|-damage|p1a: Azumarill|111\/360
|-enditem|p1a: Azumarill|Sitrus Berry|[eat]
|-heal|p1a: Azumarill|201\/360|[from] item: Sitrus Berry
|
|-weather|RainDance|[upkeep]
|turn|7
|
|switch|p2a: Manaphy|Manaphy|341\/341
|move|p1a: Azumarill|Aqua Jet|p2a: Manaphy
|-resisted|p2a: Manaphy
|-damage|p2a: Manaphy|276\/341
|
|-weather|RainDance|[upkeep]
|-heal|p2a: Manaphy|297\/341|[from] item: Leftovers
|turn|8
|
|move|p2a: Manaphy|Energy Ball|p1a: Azumarill
|-supereffective|p1a: Azumarill
|-damage|p1a: Azumarill|0 fnt
|faint|p1a: Azumarill
|
|-weather|none
|-heal|p2a: Manaphy|318\/341|[from] item: Leftovers
|
|switch|p1a: Metagross|Metagross, shiny|301\/301
|turn|9
|
|detailschange|p1a: Metagross|Metagross-Mega, shiny
|-mega|p1a: Metagross|Metagross|Metagrossite
|move|p2a: Manaphy|Scald|p1a: Metagross
|-damage|p1a: Metagross|169\/301
|move|p1a: Metagross|Zen Headbutt|p2a: Manaphy
|-damage|p2a: Manaphy|113\/341
|
|-heal|p2a: Manaphy|134\/341|[from] item: Leftovers
|turn|10
|
|switch|p2a: Politoed|Politoed, F|208\/384
|-weather|RainDance
|move|p1a: Metagross|Zen Headbutt|p2a: Politoed
|-damage|p2a: Politoed|0 fnt
|faint|p2a: Politoed
|
|-weather|RainDance|[upkeep]
|
|switch|p2a: Swampert|Swampert-Mega, M|108\/354
|turn|11
|
|switch|p1a: Garchomp|Garchomp, M, shiny|358\/358
|move|p2a: Swampert|Waterfall|p1a: Garchomp
|-damage|p1a: Garchomp|72\/358
|-damage|p2a: Swampert|64\/354|[from] ability: Rough Skin|[of] p1a: Garchomp
|
|-weather|RainDance|[upkeep]
|turn|12
|
|switch|p1a: Landorus|Landorus, M, shiny|319\/319
|move|p2a: Swampert|Waterfall|p1a: Landorus
|-supereffective|p1a: Landorus
|-damage|p1a: Landorus|0 fnt
|faint|p1a: Landorus
|
|-weather|RainDance|[upkeep]
|
|switch|p1a: Keldeo-Resolute|Keldeo-Resolute, shiny|323\/323
|turn|13
|
|switch|p2a: Manaphy|Manaphy|134\/341
|move|p1a: Keldeo-Resolute|Scald|p2a: Manaphy
|-resisted|p2a: Manaphy
|-damage|p2a: Manaphy|0 fnt
|faint|p2a: Manaphy
|
|-weather|RainDance|[upkeep]
|
|switch|p2a: Latias|Latias, F|302\/302
|turn|14
|
|switch|p1a: Metagross|Metagross-Mega, shiny|169\/301
|move|p2a: Latias|Healing Wish|p2a: Latias
|faint|p2a: Latias
|
|-weather|none
|
|switch|p2a: Swampert|Swampert-Mega, M|64\/354
|-heal|p2a: Swampert|354\/354|[from] move: Healing Wish
|turn|15
|
|move|p1a: Metagross|Grass Knot|p2a: Swampert
|-supereffective|p2a: Swampert
|-damage|p2a: Swampert|0 fnt
|faint|p2a: Swampert
|
|join|Joonitor
|-message|Q111 forfeited.
|
|win|MoB Barley
|raw|Ladder updating...
|raw|MoB Barley's rating: 1744 &rarr; <strong>1753<\/strong><br \/>(+9 for winning)
|raw|Q111's rating: 1530 &rarr; <strong>1521<\/strong><br \/>(-9 for losing)
|leave|Q111
|player|p2
|leave|MoB Barley
|player|p1
|leave|Joonitor