|join|Miss Noob
|join|Ritualist
|player|p1|Miss Noob|283
|player|p2|Ritualist|205
|gametype|singles
|gen|6
|tier|UU
|rated
|rule|Sleep Clause Mod: Limit one foe put to sleep
|rule|Species Clause: Limit one of each PokÃ©mon
|rule|OHKO Clause: OHKO moves are banned
|rule|Moody Clause: Moody is banned
|rule|Evasion Moves Clause: Evasion moves are banned
|rule|Endless Battle Clause: Forcing endless battles is banned
|rule|HP Percentage Mod: HP is shown in percentages
|clearpoke
|poke|p1|Fletchinder, F, shiny
|poke|p1|Raikou, shiny
|poke|p1|Absol, M
|poke|p1|Donphan, M
|poke|p1|Zygarde
|poke|p1|Uxie
|poke|p2|Donphan, M
|poke|p2|Blissey, F, shiny
|poke|p2|Cloyster, M, shiny
|poke|p2|Whimsicott, F
|poke|p2|Shuckle, M
|poke|p2|Mismagius, F
|rule|Swagger Clause: Swagger is banned
|rule|Baton Pass Clause: Limit one PokÃ©mon knowing Baton Pass
|teampreview
|
|start
|switch|p1a: D-Angelo|Absol, M|271\/271
|switch|p2a: Warrior|Donphan, M|382\/382
|turn|1
|
|detailschange|p1a: D-Angelo|Absol-Mega, M
|message|Absol has Mega Evolved into Mega Absol!
|move|p1a: D-Angelo|Will-O-Wisp|p2a: Warrior|[miss]
|-miss|p1a: D-Angelo|p2a: Warrior
|move|p2a: Warrior|Earthquake|p1a: D-Angelo
|-damage|p1a: D-Angelo|78\/271
|
|turn|2
|c|âMiss Noob|shit
|
|move|p1a: D-Angelo|Protect|p1a: D-Angelo
|-singleturn|p1a: D-Angelo|Protect
|move|p2a: Warrior|Earthquake|p1a: D-Angelo
|-activate|p1a: D-Angelo|Protect
|
|turn|3
|
|switch|p1a: Uzzi|Uxie|353\/353
|move|p2a: Warrior|Earthquake|p1a: Uzzi
|-immune|p1a: Uzzi|[msg]
|
|turn|4
|
|move|p1a: Uzzi|Stealth Rock|p2a: Warrior
|-sidestart|p2: Ritualist|move: Stealth Rock
|move|p2a: Warrior|Stealth Rock|p1a: Uzzi
|-sidestart|p1: Miss Noob|move: Stealth Rock
|
|turn|5
|
|move|p1a: Uzzi|Knock Off|p2a: Warrior
|-damage|p2a: Warrior|346\/382
|-enditem|p2a: Warrior|Leftovers|[from] move: Knock Off|[of] p1a: Uzzi
|move|p2a: Warrior|Rapid Spin|p1a: Uzzi
|-damage|p1a: Uzzi|340\/353
|-sideend|p2: Ritualist|Stealth Rock|[from] move: Rapid Spin|[of] p2a: Warrior
|
|-heal|p1a: Uzzi|353\/353|[from] item: Leftovers
|turn|6
|
|switch|p2a: Assassin|Whimsicott, F|230\/230
|move|p1a: Uzzi|Stealth Rock|p2a: Assassin
|-sidestart|p2: Ritualist|move: Stealth Rock
|
|turn|7
|
|switch|p1a: Rodolfo|Donphan, M|383\/383
|-damage|p1a: Rodolfo|360\/383|[from] Stealth Rock
|move|p2a: Assassin|Leech Seed|p1a: Rodolfo
|-start|p1a: Rodolfo|move: Leech Seed
|
|-heal|p1a: Rodolfo|383\/383|[from] item: Leftovers
|-damage|p1a: Rodolfo|336\/383|[from] Leech Seed|[of] p2a: Assassin
|turn|8
|
|switch|p2a: Magician|Mismagius, F|324\/324
|-damage|p2a: Magician|284\/324|[from] Stealth Rock
|move|p1a: Rodolfo|Rapid Spin|p2a: Magician
|-immune|p2a: Magician|[msg]
|
|-heal|p1a: Rodolfo|359\/383|[from] item: Leftovers
|-damage|p1a: Rodolfo|312\/383|[from] Leech Seed|[of] p2a: Magician
|-heal|p2a: Magician|324\/324|[silent]
|turn|9
|c|âMiss Noob|i remember your team
|c|âMiss Noob|only Sabley stay before
|
|switch|p1a: Uzzi|Uxie|353\/353
|-damage|p1a: Uzzi|309\/353|[from] Stealth Rock
|move|p2a: Magician|Will-O-Wisp|p1a: Uzzi|[miss]
|-miss|p2a: Magician|p1a: Uzzi
|
|-heal|p1a: Uzzi|331\/353|[from] item: Leftovers
|turn|10
|c|âRitualist|sableye is gone :(
|c|âMiss Noob|OU?
|c|âRitualist|yea
|c|âMiss Noob|ah
|c|âMiss Noob|smogon ban mega stone
|c|âMiss Noob|no pokemon
|c|âRitualist|i loved that little bastard
|c|âMiss Noob|this is a shit
|c|âRitualist|hmm they banned both
|c|âMiss Noob|yea
|c|âRitualist|but only banned diancite and not diancie
|c|âMiss Noob|fucking decision
|c|âMiss Noob|lol
|
|move|p2a: Magician|Will-O-Wisp|p1a: Uzzi
|-status|p1a: Uzzi|brn
|move|p1a: Uzzi|Knock Off|p2a: Magician
|-supereffective|p2a: Magician
|-damage|p2a: Magician|232\/324
|-enditem|p2a: Magician|Quick Claw|[from] move: Knock Off|[of] p1a: Uzzi
|
|-heal|p1a: Uzzi|353\/353 brn|[from] item: Leftovers
|-damage|p1a: Uzzi|309\/353 brn|[from] brn
|turn|11
|c|âMiss Noob|quick claw?
|c|âMiss Noob|remplace the prank?
|
|move|p2a: Magician|Confuse Ray|p1a: Uzzi
|-start|p1a: Uzzi|confusion
|-activate|p1a: Uzzi|confusion
|-damage|p1a: Uzzi|299\/353 brn|[from] confusion
|
|-heal|p1a: Uzzi|321\/353 brn|[from] item: Leftovers
|-damage|p1a: Uzzi|277\/353 brn|[from] brn
|turn|12
|
|switch|p2a: Warrior|Donphan, M|346\/382
|-damage|p2a: Warrior|323\/382|[from] Stealth Rock
|-activate|p1a: Uzzi|confusion
|move|p1a: Uzzi|U-turn|p2a: Warrior
|-damage|p2a: Warrior|309\/382
|
|switch|p1a: Rodolfo|Donphan, M|312\/383
|-damage|p1a: Rodolfo|289\/383|[from] Stealth Rock
|
|-heal|p1a: Rodolfo|312\/383|[from] item: Leftovers
|turn|13
|
|move|p1a: Rodolfo|Rapid Spin|p2a: Warrior
|-damage|p2a: Warrior|297\/382
|-sideend|p1: Miss Noob|Stealth Rock|[from] move: Rapid Spin|[of] p1a: Rodolfo
|move|p2a: Warrior|Rapid Spin|p1a: Rodolfo
|-damage|p1a: Rodolfo|298\/383
|-sideend|p2: Ritualist|Stealth Rock|[from] move: Rapid Spin|[of] p2a: Warrior
|
|-heal|p1a: Rodolfo|321\/383|[from] item: Leftovers
|turn|14
|
|move|p2a: Warrior|Stealth Rock|p1a: Rodolfo
|-sidestart|p1: Miss Noob|move: Stealth Rock
|move|p1a: Rodolfo|Earthquake|p2a: Warrior
|-crit|p2a: Warrior
|-damage|p2a: Warrior|173\/382
|
|-heal|p1a: Rodolfo|344\/383|[from] item: Leftovers
|turn|15
|
|switch|p2a: Magician|Mismagius, F|232\/324
|move|p1a: Rodolfo|Roar|p2a: Magician
|drag|p2a: Ranger|Cloyster, M, shiny|241\/241
|
|-heal|p1a: Rodolfo|367\/383|[from] item: Leftovers
|turn|16
|
|switch|p2a: Magician|Mismagius, F|232\/324
|move|p1a: Rodolfo|Roar|p2a: Magician
|drag|p2a: Assassin|Whimsicott, F|230\/230
|
|-heal|p1a: Rodolfo|383\/383|[from] item: Leftovers
|turn|17
|
|switch|p2a: Magician|Mismagius, F|232\/324
|move|p1a: Rodolfo|Rapid Spin|p2a: Magician
|-immune|p2a: Magician|[msg]
|
|turn|18
|
|switch|p1a: D-Angelo|Absol-Mega, M|78\/271
|-damage|p1a: D-Angelo|45\/271|[from] Stealth Rock
|move|p2a: Magician|Will-O-Wisp|p1a: D-Angelo
|move|p1a: D-Angelo|Will-O-Wisp|p2a: Magician|[from]Magic Bounce
|-status|p2a: Magician|brn
|
|-damage|p2a: Magician|192\/324 brn|[from] brn
|turn|19
|
|move|p1a: D-Angelo|Protect|p1a: D-Angelo
|-singleturn|p1a: D-Angelo|Protect
|move|p2a: Magician|Destiny Bond|p2a: Magician
|-singlemove|p2a: Magician|Destiny Bond
|
|-damage|p2a: Magician|152\/324 brn|[from] brn
|turn|20
|
|move|p1a: D-Angelo|Sucker Punch|p2a: Magician
|-fail|p2a: Magician
|move|p2a: Magician|Destiny Bond|p2a: Magician
|-singlemove|p2a: Magician|Destiny Bond
|
|-damage|p2a: Magician|112\/324 brn|[from] brn
|turn|21
|
|switch|p2a: Defender|Shuckle, M|244\/244
|move|p1a: D-Angelo|Sucker Punch|p2a: Defender
|-fail|p2a: Defender
|
|turn|22
|
|move|p1a: D-Angelo|Protect|p1a: D-Angelo
|-singleturn|p1a: D-Angelo|Protect
|move|p2a: Defender|Shell Smash|p2a: Defender
|-unboost|p2a: Defender|atk|2
|-unboost|p2a: Defender|spa|2
|-unboost|p2a: Defender|spe|2
|-boost|p2a: Defender|def|1
|-boost|p2a: Defender|spd|1
|
|turn|23
|
|switch|p1a: Rodolfo|Donphan, M|383\/383
|-damage|p1a: Rodolfo|360\/383|[from] Stealth Rock
|move|p2a: Defender|Infestation|p1a: Rodolfo
|-damage|p1a: Rodolfo|356\/383
|-activate|p1a: Rodolfo|move: Infestation|[of] p2a: Defender
|
|-heal|p1a: Rodolfo|379\/383|[from] item: Leftovers
|-damage|p1a: Rodolfo|332\/383|[from] move: Infestation|[partiallytrapped]
|turn|24
|
|move|p1a: Rodolfo|Rapid Spin|p2a: Defender
|-resisted|p2a: Defender
|-damage|p2a: Defender|241\/244
|-sideend|p1: Miss Noob|Stealth Rock|[from] move: Rapid Spin|[of] p1a: Rodolfo
|-remove|p1a: Rodolfo|Infestation|[from] move: Rapid Spin|[of] p1a: Rodolfo|[partiallytrapped]
|move|p2a: Defender|Toxic|p1a: Rodolfo
|-status|p1a: Rodolfo|tox
|
|-heal|p1a: Rodolfo|355\/383 tox|[from] item: Leftovers
|-heal|p2a: Defender|244\/244|[from] item: Leftovers
|-damage|p1a: Rodolfo|332\/383 tox|[from] psn
|turn|25
|
|switch|p2a: Assassin|Whimsicott, F|230\/230
|move|p1a: Rodolfo|Roar|p2a: Assassin
|drag|p2a: Warrior|Donphan, M|173\/382
|
|-heal|p1a: Rodolfo|355\/383 tox|[from] item: Leftovers
|-damage|p1a: Rodolfo|309\/383 tox|[from] psn
|turn|26
|
|switch|p1a: Uzzi|Uxie|277\/353 brn
|move|p2a: Warrior|Stealth Rock|p1a: Uzzi
|-sidestart|p1: Miss Noob|move: Stealth Rock
|
|-heal|p1a: Uzzi|299\/353 brn|[from] item: Leftovers
|-damage|p1a: Uzzi|255\/353 brn|[from] brn
|turn|27
|
|move|p1a: Uzzi|Stealth Rock|p2a: Warrior
|-sidestart|p2: Ritualist|move: Stealth Rock
|move|p2a: Warrior|Rapid Spin|p1a: Uzzi
|-damage|p1a: Uzzi|241\/353 brn
|-sideend|p2: Ritualist|Stealth Rock|[from] move: Rapid Spin|[of] p2a: Warrior
|
|-heal|p1a: Uzzi|263\/353 brn|[from] item: Leftovers
|-damage|p1a: Uzzi|219\/353 brn|[from] brn
|turn|28
|
|move|p1a: Uzzi|U-turn|p2a: Warrior
|-damage|p2a: Warrior|159\/382
|
|switch|p1a: Rodolfo|Donphan, M|309\/383 tox
|-damage|p1a: Rodolfo|286\/383 tox|[from] Stealth Rock
|move|p2a: Warrior|Rapid Spin|p1a: Rodolfo
|-damage|p1a: Rodolfo|272\/383 tox
|
|-heal|p1a: Rodolfo|295\/383 tox|[from] item: Leftovers
|-damage|p1a: Rodolfo|272\/383 tox|[from] psn
|turn|29
|
|switch|p2a: Magician|Mismagius, F|112\/324 brn
|move|p1a: Rodolfo|Rapid Spin|p2a: Magician
|-immune|p2a: Magician|[msg]
|
|-heal|p1a: Rodolfo|295\/383 tox|[from] item: Leftovers
|-damage|p2a: Magician|72\/324 brn|[from] brn
|-damage|p1a: Rodolfo|249\/383 tox|[from] psn
|turn|30
|
|move|p1a: Rodolfo|Ice Shard|p2a: Magician
|-damage|p2a: Magician|12\/324 brn
|move|p2a: Magician|Confuse Ray|p1a: Rodolfo
|-start|p1a: Rodolfo|confusion
|
|-heal|p1a: Rodolfo|272\/383 tox|[from] item: Leftovers
|-damage|p2a: Magician|0 fnt|[from] brn
|-damage|p1a: Rodolfo|203\/383 tox|[from] psn
|faint|p2a: Magician
|
|switch|p2a: Assassin|Whimsicott, F|230\/230
|turn|31
|
|switch|p1a: Uzzi|Uxie|219\/353 brn
|-damage|p1a: Uzzi|175\/353 brn|[from] Stealth Rock
|move|p2a: Assassin|Substitute|p2a: Assassin
|-start|p2a: Assassin|Substitute
|-damage|p2a: Assassin|173\/230
|
|-heal|p2a: Assassin|187\/230|[from] item: Leftovers
|-heal|p1a: Uzzi|197\/353 brn|[from] item: Leftovers
|-damage|p1a: Uzzi|153\/353 brn|[from] brn
|turn|32
|
|move|p2a: Assassin|Leech Seed|p1a: Uzzi
|-start|p1a: Uzzi|move: Leech Seed
|move|p1a: Uzzi|Stealth Rock|p2a: Assassin
|-sidestart|p2: Ritualist|move: Stealth Rock
|
|-heal|p2a: Assassin|201\/230|[from] item: Leftovers
|-heal|p1a: Uzzi|175\/353 brn|[from] item: Leftovers
|-damage|p1a: Uzzi|131\/353 brn|[from] Leech Seed|[of] p2a: Assassin
|-heal|p2a: Assassin|230\/230|[silent]
|-damage|p1a: Uzzi|87\/353 brn|[from] brn
|turn|33
|
|move|p2a: Assassin|Encore|p1a: Uzzi
|-start|p1a: Uzzi|Encore
|move|p1a: Uzzi|Stealth Rock|p2a: Assassin
|-fail|p2a: Assassin
|
|-heal|p1a: Uzzi|109\/353 brn|[from] item: Leftovers
|-damage|p1a: Uzzi|65\/353 brn|[from] Leech Seed|[of] p2a: Assassin
|-damage|p1a: Uzzi|21\/353 brn|[from] brn
|turn|34
|
|switch|p2a: Warrior|Donphan, M|159\/382
|-damage|p2a: Warrior|136\/382|[from] Stealth Rock
|switch|p1a: Rodolfo|Donphan, M|203\/383 tox
|-damage|p1a: Rodolfo|180\/383 tox|[from] Stealth Rock
|
|-heal|p1a: Rodolfo|203\/383 tox|[from] item: Leftovers
|-damage|p1a: Rodolfo|180\/383 tox|[from] psn
|turn|35
|
|move|p1a: Rodolfo|Rapid Spin|p2a: Warrior
|-damage|p2a: Warrior|124\/382
|-sideend|p1: Miss Noob|Stealth Rock|[from] move: Rapid Spin|[of] p1a: Rodolfo
|move|p2a: Warrior|Rapid Spin|p1a: Rodolfo
|-damage|p1a: Rodolfo|166\/383 tox
|-sideend|p2: Ritualist|Stealth Rock|[from] move: Rapid Spin|[of] p2a: Warrior
|
|-heal|p1a: Rodolfo|189\/383 tox|[from] item: Leftovers
|-damage|p1a: Rodolfo|143\/383 tox|[from] psn
|turn|36
|
|move|p2a: Warrior|Stealth Rock|p1a: Rodolfo
|-sidestart|p1: Miss Noob|move: Stealth Rock
|move|p1a: Rodolfo|Earthquake|p2a: Warrior
|-damage|p2a: Warrior|31\/382
|
|-heal|p1a: Rodolfo|166\/383 tox|[from] item: Leftovers
|-damage|p1a: Rodolfo|97\/383 tox|[from] psn
|turn|37
|
|switch|p2a: Assassin|Whimsicott, F|230\/230
|move|p1a: Rodolfo|Rapid Spin|p2a: Assassin
|-damage|p2a: Assassin|212\/230
|-sideend|p1: Miss Noob|Stealth Rock|[from] move: Rapid Spin|[of] p1a: Rodolfo
|
|-heal|p2a: Assassin|226\/230|[from] item: Leftovers
|-heal|p1a: Rodolfo|120\/383 tox|[from] item: Leftovers
|-damage|p1a: Rodolfo|28\/383 tox|[from] psn
|turn|38
|
|switch|p1a: D-Angelo|Absol-Mega, M|45\/271
|move|p2a: Assassin|Substitute|p2a: Assassin
|-start|p2a: Assassin|Substitute
|-damage|p2a: Assassin|169\/230
|
|-heal|p2a: Assassin|183\/230|[from] item: Leftovers
|turn|39
|
|switch|p2a: Defender|Shuckle, M|244\/244
|move|p1a: D-Angelo|Protect|p1a: D-Angelo
|-fail|p1a: D-Angelo
|
|turn|40
|
|switch|p1a: 5|Fletchinder, F, shiny|327\/327
|move|p2a: Defender|Infestation|p1a: 5
|-resisted|p1a: 5
|-damage|p1a: 5|325\/327
|-activate|p1a: 5|move: Infestation|[of] p2a: Defender
|
|-damage|p1a: 5|285\/327|[from] move: Infestation|[partiallytrapped]
|turn|41
|
|move|p1a: 5|Will-O-Wisp|p2a: Defender
|-status|p2a: Defender|brn
|move|p2a: Defender|Shell Smash|p2a: Defender
|-unboost|p2a: Defender|atk|2
|-unboost|p2a: Defender|spa|2
|-unboost|p2a: Defender|spe|2
|-boost|p2a: Defender|def|1
|-boost|p2a: Defender|spd|1
|
|-damage|p2a: Defender|214\/244 brn|[from] brn
|-damage|p1a: 5|245\/327|[from] move: Infestation|[partiallytrapped]
|turn|42
|
|move|p1a: 5|Swords Dance|p1a: 5
|-boost|p1a: 5|atk|2
|move|p2a: Defender|Toxic|p1a: 5|[miss]
|-miss|p2a: Defender|p1a: 5
|
|-heal|p2a: Defender|229\/244 brn|[from] item: Leftovers
|-damage|p2a: Defender|199\/244 brn|[from] brn
|-damage|p1a: 5|205\/327|[from] move: Infestation|[partiallytrapped]
|turn|43
|c|âMiss Noob|sorry
|
|move|p1a: 5|Acrobatics|p2a: Defender
|-damage|p2a: Defender|124\/244 brn
|move|p2a: Defender|Toxic|p1a: 5
|-status|p1a: 5|tox
|
|-heal|p2a: Defender|139\/244 brn|[from] item: Leftovers
|-damage|p1a: 5|185\/327 tox|[from] psn
|-damage|p2a: Defender|109\/244 brn|[from] brn
|-damage|p1a: 5|145\/327 tox|[from] move: Infestation|[partiallytrapped]
|turn|44
|
|move|p1a: 5|Roost|p1a: 5
|-heal|p1a: 5|309\/327 tox
|move|p2a: Defender|Rest|p2a: Defender
|-status|p2a: Defender|slp
|-heal|p2a: Defender|244\/244 slp|[silent]
|-status|p2a: Defender|slp|[from] move: Rest
|
|-damage|p1a: 5|269\/327 tox|[from] psn
|-damage|p1a: 5|229\/327 tox|[from] move: Infestation|[partiallytrapped]
|turn|45
|
|move|p1a: 5|Acrobatics|p2a: Defender
|-damage|p2a: Defender|172\/244 slp
|cant|p2a: Defender|slp
|
|-heal|p2a: Defender|187\/244 slp|[from] item: Leftovers
|-damage|p1a: 5|169\/327 tox|[from] psn
|-end|p1a: 5|Infestation|[partiallytrapped]
|turn|46
|
|switch|p1a: Lagarton|Zygarde|419\/419
|-ability|p1a: Lagarton|Aura Break
|cant|p2a: Defender|slp
|
|-heal|p2a: Defender|202\/244 slp|[from] item: Leftovers
|turn|47
|
|move|p1a: Lagarton|Substitute|p1a: Lagarton
|-start|p1a: Lagarton|Substitute
|-damage|p1a: Lagarton|315\/419
|-curestatus|p2a: Defender|slp
|move|p2a: Defender|Toxic|p1a: Lagarton
|
|-heal|p1a: Lagarton|341\/419|[from] item: Leftovers
|-heal|p2a: Defender|217\/244|[from] item: Leftovers
|turn|48
|
|switch|p2a: Assassin|Whimsicott, F|183\/230
|move|p1a: Lagarton|Dragon Tail|p2a: Assassin
|-immune|p2a: Assassin|[msg]
|
|-heal|p2a: Assassin|197\/230|[from] item: Leftovers
|-heal|p1a: Lagarton|367\/419|[from] item: Leftovers
|turn|49
|
|switch|p1a: D-Angelo|Absol-Mega, M|45\/271
|move|p2a: Assassin|Encore|p1a: D-Angelo
|move|p1a: D-Angelo|Encore|p2a: Assassin|[from]Magic Bounce
|-fail|p2a: Assassin
|
|-heal|p2a: Assassin|211\/230|[from] item: Leftovers
|turn|50
|c|âMiss Noob|why miss?
|c|âMiss Noob|XD
|c|âRitualist|encore cannot encore encore
|c|âMiss Noob|XD
|c|âRitualist|or whatever sense that makes
|c|âMiss Noob|i know
|c|âRitualist|hahaha
|c|âMiss Noob|but taun yea
|
|switch|p2a: Defender|Shuckle, M|217\/244
|move|p1a: D-Angelo|Will-O-Wisp|p2a: Defender
|-status|p2a: Defender|brn
|
|-heal|p2a: Defender|232\/244 brn|[from] item: Leftovers
|-damage|p2a: Defender|202\/244 brn|[from] brn
|turn|51
|
|move|p1a: D-Angelo|Protect|p1a: D-Angelo
|-singleturn|p1a: D-Angelo|Protect
|move|p2a: Defender|Infestation|p1a: D-Angelo
|-activate|p1a: D-Angelo|Protect
|
|-heal|p2a: Defender|217\/244 brn|[from] item: Leftovers
|-damage|p2a: Defender|187\/244 brn|[from] brn
|turn|52
|
|switch|p1a: Rodolfo|Donphan, M|28\/383 tox
|move|p2a: Defender|Infestation|p1a: Rodolfo
|-damage|p1a: Rodolfo|19\/383 tox
|-activate|p1a: Rodolfo|move: Infestation|[of] p2a: Defender
|
|-heal|p1a: Rodolfo|42\/383 tox|[from] item: Leftovers
|-heal|p2a: Defender|202\/244 brn|[from] item: Leftovers
|-damage|p1a: Rodolfo|19\/383 tox|[from] psn
|-damage|p2a: Defender|172\/244 brn|[from] brn
|-damage|p1a: Rodolfo|0 fnt|[from] move: Infestation|[partiallytrapped]
|faint|p1a: Rodolfo
|
|switch|p1a: Uzzi|Uxie|21\/353 brn
|turn|53
|
|switch|p2a: Healer|Blissey, F, shiny|714\/714
|move|p1a: Uzzi|Stealth Rock|p2a: Healer
|-sidestart|p2: Ritualist|move: Stealth Rock
|
|-heal|p1a: Uzzi|43\/353 brn|[from] item: Leftovers
|-damage|p1a: Uzzi|0 fnt|[from] brn
|faint|p1a: Uzzi
|
|switch|p1a: 5|Fletchinder, F, shiny|169\/327 tox
|turn|54
|c|âMiss Noob|your team is the only team
|c|âMiss Noob|i cant defeat
|c|âMiss Noob|Blisey is my nightmare
|
|move|p1a: 5|Acrobatics|p2a: Healer
|-damage|p2a: Healer|84\/714
|move|p2a: Healer|Wish|p2a: Healer
|
|-heal|p2a: Healer|128\/714|[from] item: Leftovers
|-damage|p1a: 5|149\/327 tox|[from] psn
|turn|55
|
|switch|p2a: Ranger|Cloyster, M, shiny|241\/241
|-damage|p2a: Ranger|181\/241|[from] Stealth Rock
|move|p1a: 5|Swords Dance|p1a: 5
|-boost|p1a: 5|atk|2
|
|-heal|p2a: Ranger|241\/241|[from] move: Wish|[wisher] Healer
|-damage|p1a: 5|109\/327 tox|[from] psn
|turn|56
|
|move|p2a: Ranger|Shell Smash|p2a: Ranger
|-boost|p2a: Ranger|atk|2
|-boost|p2a: Ranger|spa|2
|-boost|p2a: Ranger|spe|2
|-unboost|p2a: Ranger|def|1
|-unboost|p2a: Ranger|spd|1
|move|p1a: 5|Will-O-Wisp|p2a: Ranger
|-status|p2a: Ranger|brn
|
|-damage|p2a: Ranger|211\/241 brn|[from] brn
|-damage|p1a: 5|49\/327 tox|[from] psn
|turn|57
|
|move|p1a: 5|Acrobatics|p2a: Ranger
|-damage|p2a: Ranger|0 fnt
|faint|p2a: Ranger
|
|-damage|p1a: 5|0 fnt|[from] psn
|faint|p1a: 5
|c|âMiss Noob|lol
|c|âRitualist|wait, how come you are faster?
|c|âMiss Noob|i sacrifice
|c|âRitualist|ah gale wings
|c|âMiss Noob|gale wings
|c|âMiss Noob|i sacrifice XD
|c|âMiss Noob|inecesary
|
|switch|p1a: Musho|Raikou, shiny|322\/322
|switch|p2a: Assassin|Whimsicott, F|211\/230
|-ability|p1a: Musho|Pressure
|-damage|p2a: Assassin|183\/230|[from] Stealth Rock
|turn|58
|
|move|p2a: Assassin|Leech Seed|p1a: Musho
|-start|p1a: Musho|move: Leech Seed
|move|p1a: Musho|Hidden Power|p2a: Assassin
|-supereffective|p2a: Assassin
|-damage|p2a: Assassin|67\/230
|
|-heal|p2a: Assassin|81\/230|[from] item: Leftovers
|-damage|p1a: Musho|282\/322|[from] Leech Seed|[of] p2a: Assassin
|-heal|p2a: Assassin|121\/230|[silent]
|turn|59
|
|switch|p1a: Lagarton|Zygarde|367\/419
|-ability|p1a: Lagarton|Aura Break
|switch|p2a: Defender|Shuckle, M|172\/244 brn
|-damage|p2a: Defender|111\/244 brn|[from] Stealth Rock
|
|-heal|p1a: Lagarton|393\/419|[from] item: Leftovers
|-heal|p2a: Defender|126\/244 brn|[from] item: Leftovers
|-damage|p2a: Defender|96\/244 brn|[from] brn
|turn|60
|
|switch|p2a: Assassin|Whimsicott, F|121\/230
|-damage|p2a: Assassin|93\/230|[from] Stealth Rock
|move|p1a: Lagarton|Substitute|p1a: Lagarton
|-start|p1a: Lagarton|Substitute
|-damage|p1a: Lagarton|289\/419
|
|-heal|p2a: Assassin|107\/230|[from] item: Leftovers
|-heal|p1a: Lagarton|315\/419|[from] item: Leftovers
|turn|61
|
|move|p2a: Assassin|Encore|p1a: Lagarton
|-start|p1a: Lagarton|Encore
|move|p1a: Lagarton|Substitute|p1a: Lagarton
|-fail|p1a: Lagarton|move: Substitute
|
|-heal|p2a: Assassin|121\/230|[from] item: Leftovers
|-heal|p1a: Lagarton|341\/419|[from] item: Leftovers
|turn|62
|
|switch|p2a: Defender|Shuckle, M|96\/244 brn
|-damage|p2a: Defender|35\/244 brn|[from] Stealth Rock
|switch|p1a: D-Angelo|Absol-Mega, M|45\/271
|
|-heal|p2a: Defender|50\/244 brn|[from] item: Leftovers
|-damage|p2a: Defender|20\/244 brn|[from] brn
|turn|63
|
|move|p1a: D-Angelo|Play Rough|p2a: Defender
|-damage|p2a: Defender|0 fnt
|faint|p2a: Defender
|
|c|âMiss Noob|yea
|c|âRitualist|shit, u won
|c|âMiss Noob|i wonyou!!!
|-message|Ritualist forfeited.
|
|win|Miss Noob
|raw|Ladder updating...
|leave|Ritualist
|player|p2
|c|âMiss Noob|first tiem
|c|âMiss Noob|time
|raw|Miss Noob's rating: 1494 &rarr; <strong>1506<\/strong><br \/>(+12 for winning)
|raw|Ritualist's rating: 1357 &rarr; <strong>1344<\/strong><br \/>(-13 for losing)