|join|Ritualist
|join|QTEST
|player|p1|Ritualist|205
|player|p2|QTEST|292
|gametype|singles
|gen|6
|tier|UU
|rated
|rule|Sleep Clause Mod: Limit one foe put to sleep
|rule|Species Clause: Limit one of each PokÃ©mon
|rule|OHKO Clause: OHKO moves are banned
|rule|Moody Clause: Moody is banned
|rule|Evasion Moves Clause: Evasion moves are banned
|rule|Endless Battle Clause: Forcing endless battles is banned
|rule|HP Percentage Mod: HP is shown in percentages
|clearpoke
|poke|p1|Donphan, M
|poke|p1|Blissey, F, shiny
|poke|p1|Cloyster, M, shiny
|poke|p1|Whimsicott, F
|poke|p1|Shuckle, M
|poke|p1|Mismagius, F
|poke|p2|Beedrill, F
|poke|p2|Cobalion
|poke|p2|Rotom-Heat
|poke|p2|Xatu, F
|poke|p2|Dragalge, F
|poke|p2|Whimsicott, F
|rule|Swagger Clause: Swagger is banned
|rule|Baton Pass Clause: Limit one PokÃ©mon knowing Baton Pass
|teampreview
|
|start
|switch|p1a: Warrior|Donphan, M|382\/382
|switch|p2a: Beedrill|Beedrill, F|271\/271
|turn|1
|
|detailschange|p2a: Beedrill|Beedrill-Mega, F
|message|Beedrill has Mega Evolved into Mega Beedrill!
|move|p2a: Beedrill|U-turn|p1a: Warrior
|-damage|p1a: Warrior|264\/382
|
|switch|p2a: Xatu|Xatu, F|333\/333
|move|p1a: Warrior|Stealth Rock|p2a: Xatu
|move|p2a: Xatu|Stealth Rock|p1a: Warrior|[from]Magic Bounce
|-sidestart|p1: Ritualist|move: Stealth Rock
|
|-heal|p1a: Warrior|287\/382|[from] item: Leftovers
|turn|2
|
|move|p2a: Xatu|Night Shade|p1a: Warrior
|-damage|p1a: Warrior|187\/382
|move|p1a: Warrior|Rapid Spin|p2a: Xatu
|-damage|p2a: Xatu|314\/333
|-damage|p1a: Warrior|124\/382|[from] item: Rocky Helmet|[of] p2a: Xatu
|-sideend|p1: Ritualist|Stealth Rock|[from] move: Rapid Spin|[of] p1a: Warrior
|
|-heal|p1a: Warrior|147\/382|[from] item: Leftovers
|turn|3
|
|switch|p1a: Healer|Blissey, F, shiny|714\/714
|move|p2a: Xatu|U-turn|p1a: Healer
|-damage|p1a: Healer|549\/714
|join|Dsa154
|leave|Dsa154
|
|switch|p2a: Beedrill|Beedrill-Mega, F|271\/271
|
|-heal|p1a: Healer|593\/714|[from] item: Leftovers
|turn|4
|
|move|p1a: Healer|Protect|p1a: Healer
|-singleturn|p1a: Healer|Protect
|move|p2a: Beedrill|U-turn|p1a: Healer
|-activate|p1a: Healer|Protect
|
|-heal|p1a: Healer|637\/714|[from] item: Leftovers
|turn|5
|
|switch|p1a: Defender|Shuckle, M|244\/244
|move|p2a: Beedrill|U-turn|p1a: Defender
|-damage|p1a: Defender|172\/244
|
|switch|p2a: Cobalion|Cobalion|324\/324
|
|-heal|p1a: Defender|187\/244|[from] item: Leftovers
|turn|6
|
|switch|p1a: Warrior|Donphan, M|147\/382
|move|p2a: Cobalion|Taunt|p1a: Warrior
|-start|p1a: Warrior|move: Taunt
|
|-heal|p1a: Warrior|170\/382|[from] item: Leftovers
|turn|7
|
|switch|p2a: Rotom-Heat|Rotom-Heat|298\/298
|move|p1a: Warrior|Earthquake|p2a: Rotom-Heat
|-immune|p2a: Rotom-Heat|[msg]
|
|-heal|p1a: Warrior|193\/382|[from] item: Leftovers
|turn|8
|
|switch|p1a: Magician|Mismagius, F|324\/324
|move|p2a: Rotom-Heat|Will-O-Wisp|p1a: Magician
|-status|p1a: Magician|brn
|
|-damage|p1a: Magician|284\/324 brn|[from] brn
|turn|9
|
|switch|p1a: Warrior|Donphan, M|193\/382
|move|p2a: Rotom-Heat|Volt Switch|p1a: Warrior
|-immune|p1a: Warrior|[msg]
|
|-heal|p1a: Warrior|216\/382|[from] item: Leftovers
|turn|10
|
|switch|p2a: Xatu|Xatu, F|314\/333
|switch|p1a: Healer|Blissey, F, shiny|637\/714
|
|-heal|p1a: Healer|681\/714|[from] item: Leftovers
|turn|11
|
|move|p2a: Xatu|U-turn|p1a: Healer
|-damage|p1a: Healer|500\/714
|
|switch|p2a: Beedrill|Beedrill-Mega, F|271\/271
|move|p1a: Healer|Wish|p1a: Healer
|
|-heal|p1a: Healer|544\/714|[from] item: Leftovers
|turn|12
|
|switch|p1a: Warrior|Donphan, M|216\/382
|move|p2a: Beedrill|U-turn|p1a: Warrior
|-damage|p1a: Warrior|102\/382
|
|switch|p2a: Dragalge|Dragalge, F|271\/271
|
|-heal|p1a: Warrior|382\/382|[from] move: Wish|[wisher] Healer
|turn|13
|
|switch|p2a: Xatu|Xatu, F|314\/333
|move|p1a: Warrior|Earthquake|p2a: Xatu
|-immune|p2a: Xatu|[msg]
|
|turn|14
|
|switch|p1a: Healer|Blissey, F, shiny|544\/714
|move|p2a: Xatu|U-turn|p1a: Healer
|-damage|p1a: Healer|367\/714
|
|switch|p2a: Beedrill|Beedrill-Mega, F|271\/271
|
|-heal|p1a: Healer|411\/714|[from] item: Leftovers
|turn|15
|
|move|p1a: Healer|Protect|p1a: Healer
|-singleturn|p1a: Healer|Protect
|move|p2a: Beedrill|U-turn|p1a: Healer
|-activate|p1a: Healer|Protect
|
|-heal|p1a: Healer|455\/714|[from] item: Leftovers
|turn|16
|
|switch|p1a: Warrior|Donphan, M|382\/382
|move|p2a: Beedrill|Knock Off|p1a: Warrior
|-damage|p1a: Warrior|305\/382
|-enditem|p1a: Warrior|Leftovers|[from] move: Knock Off|[of] p2a: Beedrill
|
|turn|17
|
|switch|p1a: Defender|Shuckle, M|187\/244
|move|p2a: Beedrill|U-turn|p1a: Defender
|-crit|p1a: Defender
|-damage|p1a: Defender|83\/244
|
|switch|p2a: Dragalge|Dragalge, F|271\/271
|
|-heal|p1a: Defender|98\/244|[from] item: Leftovers
|turn|18
|
|switch|p2a: Xatu|Xatu, F|314\/333
|switch|p1a: Warrior|Donphan, M|305\/382
|
|turn|19
|
|move|p2a: Xatu|U-turn|p1a: Warrior
|-crit|p1a: Warrior
|-damage|p1a: Warrior|261\/382
|
|switch|p2a: Rotom-Heat|Rotom-Heat|298\/298
|move|p1a: Warrior|Earthquake|p2a: Rotom-Heat
|-immune|p2a: Rotom-Heat|[msg]
|
|turn|20
|
|switch|p2a: Xatu|Xatu, F|314\/333
|switch|p1a: Healer|Blissey, F, shiny|455\/714
|
|-heal|p1a: Healer|499\/714|[from] item: Leftovers
|turn|21
|
|move|p1a: Healer|Protect|p1a: Healer
|-singleturn|p1a: Healer|Protect
|move|p2a: Xatu|U-turn|p1a: Healer
|-activate|p1a: Healer|Protect
|
|-heal|p1a: Healer|543\/714|[from] item: Leftovers
|turn|22
|
|move|p2a: Xatu|U-turn|p1a: Healer
|-damage|p1a: Healer|366\/714
|
|switch|p2a: Beedrill|Beedrill-Mega, F|271\/271
|move|p1a: Healer|Wish|p1a: Healer
|
|-heal|p1a: Healer|410\/714|[from] item: Leftovers
|turn|23
|
|switch|p1a: Defender|Shuckle, M|98\/244
|move|p2a: Beedrill|U-turn|p1a: Defender
|-damage|p1a: Defender|22\/244
|
|switch|p2a: Xatu|Xatu, F|314\/333
|
|-heal|p1a: Defender|244\/244|[from] move: Wish|[wisher] Healer
|turn|24
|
|switch|p1a: Magician|Mismagius, F|284\/324 brn
|move|p2a: Xatu|U-turn|p1a: Magician
|-resisted|p1a: Magician
|-damage|p1a: Magician|251\/324 brn
|
|switch|p2a: Beedrill|Beedrill-Mega, F|271\/271
|
|-heal|p1a: Magician|271\/324 brn|[from] item: Leftovers
|-damage|p1a: Magician|231\/324 brn|[from] brn
|turn|25
|
|move|p2a: Beedrill|Knock Off|p1a: Magician
|-supereffective|p1a: Magician
|-damage|p1a: Magician|0 fnt
|-enditem|p1a: Magician|Leftovers|[from] move: Knock Off|[of] p2a: Beedrill
|faint|p1a: Magician
|
|
|switch|p1a: Ranger|Cloyster, M, shiny|241\/241
|turn|26
|
|move|p2a: Beedrill|U-turn|p1a: Ranger
|-damage|p1a: Ranger|137\/241
|
|switch|p2a: Whimsicott|Whimsicott, F|261\/261
|move|p1a: Ranger|Shell Smash|p1a: Ranger
|-boost|p1a: Ranger|atk|2
|-boost|p1a: Ranger|spa|2
|-boost|p1a: Ranger|spe|2
|-unboost|p1a: Ranger|def|1
|-unboost|p1a: Ranger|spd|1
|
|turn|27
|
|move|p2a: Whimsicott|Encore|p1a: Ranger
|-start|p1a: Ranger|Encore
|move|p1a: Ranger|Shell Smash|p1a: Ranger
|-boost|p1a: Ranger|atk|2
|-boost|p1a: Ranger|spa|2
|-boost|p1a: Ranger|spe|2
|-unboost|p1a: Ranger|def|1
|-unboost|p1a: Ranger|spd|1
|
|turn|28
|
|switch|p1a: Healer|Blissey, F, shiny|410\/714
|move|p2a: Whimsicott|U-turn|p1a: Healer
|-damage|p1a: Healer|220\/714
|-damage|p2a: Whimsicott|235\/261|[from] item: Life Orb
|
|switch|p2a: Beedrill|Beedrill-Mega, F|271\/271
|
|-heal|p1a: Healer|264\/714|[from] item: Leftovers
|turn|29
|
|move|p1a: Healer|Protect|p1a: Healer
|-singleturn|p1a: Healer|Protect
|move|p2a: Beedrill|U-turn|p1a: Healer
|-activate|p1a: Healer|Protect
|
|-heal|p1a: Healer|308\/714|[from] item: Leftovers
|turn|30
|
|switch|p1a: Defender|Shuckle, M|244\/244
|move|p2a: Beedrill|Poison Jab|p1a: Defender
|-resisted|p1a: Defender
|-damage|p1a: Defender|206\/244
|
|-heal|p1a: Defender|221\/244|[from] item: Leftovers
|turn|31
|
|move|p2a: Beedrill|U-turn|p1a: Defender
|-damage|p1a: Defender|147\/244
|
|switch|p2a: Xatu|Xatu, F|314\/333
|move|p1a: Defender|Infestation|p2a: Xatu
|-damage|p2a: Xatu|305\/333
|-damage|p1a: Defender|107\/244|[from] item: Rocky Helmet|[of] p2a: Xatu
|-activate|p2a: Xatu|move: Infestation|[of] p1a: Defender
|
|-heal|p1a: Defender|122\/244|[from] item: Leftovers
|-damage|p2a: Xatu|264\/333|[from] move: Infestation|[partiallytrapped]
|turn|32
|
|move|p2a: Xatu|U-turn|p1a: Defender
|-damage|p1a: Defender|106\/244
|
|switch|p2a: Cobalion|Cobalion|324\/324
|move|p1a: Defender|Shell Smash|p1a: Defender
|-unboost|p1a: Defender|atk|2
|-unboost|p1a: Defender|spa|2
|-unboost|p1a: Defender|spe|2
|-boost|p1a: Defender|def|1
|-boost|p1a: Defender|spd|1
|
|-heal|p1a: Defender|121\/244|[from] item: Leftovers
|turn|33
|
|move|p2a: Cobalion|Taunt|p1a: Defender
|-start|p1a: Defender|move: Taunt
|cant|p1a: Defender|move: Taunt|Shell Smash
|
|-heal|p1a: Defender|136\/244|[from] item: Leftovers
|turn|34
|
|switch|p1a: Warrior|Donphan, M|261\/382
|move|p2a: Cobalion|Iron Head|p1a: Warrior
|-damage|p1a: Warrior|195\/382
|
|turn|35
|
|switch|p2a: Xatu|Xatu, F|264\/333
|move|p1a: Warrior|Roar|p2a: Xatu
|move|p2a: Xatu|Roar|p1a: Warrior|[from]Magic Bounce
|drag|p1a: Defender|Shuckle, M|136\/244
|
|-heal|p1a: Defender|151\/244|[from] item: Leftovers
|turn|36
|
|move|p2a: Xatu|Night Shade|p1a: Defender
|-damage|p1a: Defender|51\/244
|move|p1a: Defender|Infestation|p2a: Xatu
|-damage|p2a: Xatu|255\/333
|-damage|p1a: Defender|11\/244|[from] item: Rocky Helmet|[of] p2a: Xatu
|-activate|p2a: Xatu|move: Infestation|[of] p1a: Defender
|
|-heal|p1a: Defender|26\/244|[from] item: Leftovers
|-damage|p2a: Xatu|214\/333|[from] move: Infestation|[partiallytrapped]
|turn|37
|-message|Ritualist forfeited.
|
|win|QTEST
|raw|Ladder updating...
|leave|Ritualist
|player|p1
|raw|Ritualist's rating: 1346 &rarr; <strong>1324<\/strong><br \/>(-22 for losing)
|raw|QTEST's rating: 1316 &rarr; <strong>1338<\/strong><br \/>(+22 for winning)