|join|NubbyPanda
|join|Ritualist
|player|p1|NubbyPanda|63
|player|p2|Ritualist|205
|gametype|singles
|gen|6
|tier|UU
|rated
|rule|Sleep Clause Mod: Limit one foe put to sleep
|rule|Species Clause: Limit one of each PokÃ©mon
|rule|OHKO Clause: OHKO moves are banned
|rule|Moody Clause: Moody is banned
|rule|Evasion Moves Clause: Evasion moves are banned
|rule|Endless Battle Clause: Forcing endless battles is banned
|rule|HP Percentage Mod: HP is shown in percentages
|clearpoke
|poke|p1|Aerodactyl, M, shiny
|poke|p1|Alakazam, M
|poke|p1|Hydreigon, M
|poke|p1|Jirachi, shiny
|poke|p1|Snorlax, M
|poke|p1|Roserade, F, shiny
|poke|p2|Donphan, M
|poke|p2|Blissey, F, shiny
|poke|p2|Cloyster, M, shiny
|poke|p2|Whimsicott, F
|poke|p2|Shuckle, M
|poke|p2|Jirachi
|rule|Swagger Clause: Swagger is banned
|rule|Baton Pass Clause: Limit one PokÃ©mon knowing Baton Pass
|teampreview
|
|start
|switch|p1a: Chimerathing|Hydreigon, M|325\/325
|switch|p2a: Magician|Jirachi|342\/342
|turn|1
|
|switch|p2a: Healer|Blissey, F, shiny|714\/714
|switch|p1a: Majin Buu|Snorlax, M|486\/486
|
|turn|2
|
|switch|p2a: Assassin|Whimsicott, F|230\/230
|move|p1a: Majin Buu|Body Slam|p2a: Assassin
|-damage|p2a: Assassin|22\/230
|
|-heal|p2a: Assassin|36\/230|[from] item: Leftovers
|turn|3
|
|move|p2a: Assassin|Leech Seed|p1a: Majin Buu|[miss]
|-miss|p2a: Assassin|p1a: Majin Buu
|move|p1a: Majin Buu|Body Slam|p2a: Assassin
|-damage|p2a: Assassin|0 fnt
|faint|p2a: Assassin
|
|
|switch|p2a: Magician|Jirachi|342\/342
|turn|4
|
|switch|p1a: Lucky|Jirachi, shiny|342\/342
|move|p2a: Magician|Thunder Wave|p1a: Lucky
|-status|p1a: Lucky|par
|
|turn|5
|
|move|p2a: Magician|Stealth Rock|p1a: Lucky
|-sidestart|p1: NubbyPanda|move: Stealth Rock
|move|p1a: Lucky|Body Slam|p2a: Magician
|-resisted|p2a: Magician
|-damage|p2a: Magician|297\/342
|-status|p2a: Magician|par
|
|-heal|p2a: Magician|318\/342 par|[from] item: Leftovers
|turn|6
|
|move|p2a: Magician|U-turn|p1a: Lucky
|-damage|p1a: Lucky|276\/342 par
|
|switch|p2a: Warrior|Donphan, M|381\/381
|move|p1a: Lucky|Iron Head|p2a: Warrior
|-damage|p2a: Warrior|303\/381
|
|-heal|p2a: Warrior|326\/381|[from] item: Leftovers
|-heal|p1a: Lucky|297\/342 par|[from] item: Leftovers
|turn|7
|
|move|p1a: Lucky|Protect|p1a: Lucky
|-singleturn|p1a: Lucky|Protect
|move|p2a: Warrior|Knock Off|p1a: Lucky
|-activate|p1a: Lucky|Protect
|
|-heal|p2a: Warrior|349\/381|[from] item: Leftovers
|-heal|p1a: Lucky|318\/342 par|[from] item: Leftovers
|turn|8
|
|switch|p1a: Majin Buu|Snorlax, M|486\/486
|-damage|p1a: Majin Buu|426\/486|[from] Stealth Rock
|move|p2a: Warrior|Knock Off|p1a: Majin Buu
|-damage|p1a: Majin Buu|318\/486
|-enditem|p1a: Majin Buu|Choice Band|[from] move: Knock Off|[of] p2a: Warrior
|
|-heal|p2a: Warrior|372\/381|[from] item: Leftovers
|turn|9
|
|move|p1a: Majin Buu|Ice Punch|p2a: Warrior
|-supereffective|p2a: Warrior
|-damage|p2a: Warrior|270\/381
|move|p2a: Warrior|Roar|p1a: Majin Buu
|drag|p1a: Lemonade|Roserade, F, shiny|261\/261
|-damage|p1a: Lemonade|229\/261|[from] Stealth Rock
|
|-heal|p2a: Warrior|293\/381|[from] item: Leftovers
|turn|10
|
|switch|p2a: Healer|Blissey, F, shiny|714\/714
|move|p1a: Lemonade|Magical Leaf|p2a: Healer
|-damage|p2a: Healer|596\/714
|-damage|p1a: Lemonade|203\/261|[from] item: Life Orb
|
|-heal|p2a: Healer|640\/714|[from] item: Leftovers
|turn|11
|
|move|p1a: Lemonade|Aromatherapy|p1a: Lemonade
|-cureteam|p1a: Lemonade|[from] move: Aromatherapy
|move|p2a: Healer|Heal Bell|p2a: Healer
|-cureteam|p2a: Healer|[from] move: HealBell
|
|-heal|p2a: Healer|684\/714|[from] item: Leftovers
|turn|12
|
|switch|p1a: Lucky|Jirachi, shiny|318\/342
|-damage|p1a: Lucky|297\/342|[from] Stealth Rock
|move|p2a: Healer|Wish|p2a: Healer
|
|-heal|p1a: Lucky|318\/342|[from] item: Leftovers
|-heal|p2a: Healer|714\/714|[from] item: Leftovers
|turn|13
|
|switch|p2a: Warrior|Donphan, M|293\/381
|move|p1a: Lucky|Body Slam|p2a: Warrior
|-damage|p2a: Warrior|239\/381
|
|-heal|p2a: Warrior|381\/381|[from] move: Wish|[wisher] Healer
|-heal|p1a: Lucky|339\/342|[from] item: Leftovers
|turn|14
|
|switch|p1a: Majin Buu|Snorlax, M|318\/486
|-damage|p1a: Majin Buu|258\/486|[from] Stealth Rock
|move|p2a: Warrior|Knock Off|p1a: Majin Buu
|-damage|p1a: Majin Buu|192\/486
|
|turn|15
|
|switch|p2a: Magician|Jirachi|318\/342
|move|p1a: Majin Buu|Ice Punch|p2a: Magician
|-resisted|p2a: Magician
|-damage|p2a: Magician|274\/342
|
|-heal|p2a: Magician|295\/342|[from] item: Leftovers
|turn|16
|
|move|p2a: Magician|Thunder Wave|p1a: Majin Buu
|-status|p1a: Majin Buu|par
|move|p1a: Majin Buu|Fire Punch|p2a: Magician
|-supereffective|p2a: Magician
|-damage|p2a: Magician|135\/342
|
|-heal|p2a: Magician|156\/342|[from] item: Leftovers
|turn|17
|
|move|p2a: Magician|U-turn|p1a: Majin Buu
|-damage|p1a: Majin Buu|116\/486 par
|
|switch|p2a: Ranger|Cloyster, M, shiny|241\/241
|move|p1a: Majin Buu|Fire Punch|p2a: Ranger
|-crit|p2a: Ranger
|-damage|p2a: Ranger|169\/241
|
|turn|18
|
|switch|p1a: Buddha|Alakazam, M|252\/252
|move|p2a: Ranger|Substitute|p2a: Ranger
|-start|p2a: Ranger|Substitute
|-damage|p2a: Ranger|109\/241
|
|turn|19
|
|move|p1a: Buddha|Psychic|p2a: Ranger
|-end|p2a: Ranger|Substitute
|move|p2a: Ranger|Shell Smash|p2a: Ranger
|-boost|p2a: Ranger|atk|2
|-boost|p2a: Ranger|spa|2
|-boost|p2a: Ranger|spe|2
|-unboost|p2a: Ranger|def|1
|-unboost|p2a: Ranger|spd|1
|
|turn|20
|
|move|p1a: Buddha|Psychic|p2a: Ranger
|-damage|p2a: Ranger|0 fnt
|faint|p2a: Ranger
|
|-message|Ritualist forfeited.
|
|win|NubbyPanda
|raw|Ladder updating...
|leave|Ritualist
|player|p2
|raw|NubbyPanda's rating: 1269 &rarr; <strong>1298<\/strong><br \/>(+29 for winning)
|raw|Ritualist's rating: 1322 &rarr; <strong>1299<\/strong><br \/>(-23 for losing)