|join|Ritualist
|join|Zester
|player|p1|Ritualist|205
|player|p2|Zester|93
|gametype|singles
|gen|6
|tier|UU
|rated
|rule|Sleep Clause Mod: Limit one foe put to sleep
|rule|Species Clause: Limit one of each PokÃ©mon
|rule|OHKO Clause: OHKO moves are banned
|rule|Moody Clause: Moody is banned
|rule|Evasion Moves Clause: Evasion moves are banned
|rule|Endless Battle Clause: Forcing endless battles is banned
|rule|HP Percentage Mod: HP is shown in percentages
|clearpoke
|poke|p1|Donphan, M
|poke|p1|Blissey, F, shiny
|poke|p1|Cloyster, M, shiny
|poke|p1|Whimsicott, F
|poke|p1|Shuckle, M
|poke|p1|Jirachi
|poke|p2|Kingdra, F, shiny
|poke|p2|Forretress, M, shiny
|poke|p2|Honchkrow, M, shiny
|poke|p2|Lopunny, M, shiny
|poke|p2|Hippowdon, M, shiny
|poke|p2|Chandelure, F, shiny
|rule|Swagger Clause: Swagger is banned
|rule|Baton Pass Clause: Limit one PokÃ©mon knowing Baton Pass
|teampreview
|
|start
|switch|p1a: Magician|Jirachi|342\/342
|switch|p2a: Forretress|Forretress, M, shiny|341\/341
|turn|1
|
|move|p1a: Magician|Thunder Wave|p2a: Forretress
|-status|p2a: Forretress|par
|move|p2a: Forretress|Stealth Rock|p1a: Magician
|-sidestart|p1: Ritualist|move: Stealth Rock
|
|turn|2
|
|move|p1a: Magician|Stealth Rock|p2a: Forretress
|-sidestart|p2: Zester|move: Stealth Rock
|cant|p2a: Forretress|par
|
|turn|3
|
|move|p1a: Magician|U-turn|p2a: Forretress
|-resisted|p2a: Forretress
|-damage|p2a: Forretress|321\/341 par
|
|switch|p1a: Warrior|Donphan, M|381\/381
|-damage|p1a: Warrior|358\/381|[from] Stealth Rock
|move|p2a: Forretress|Rapid Spin|p1a: Warrior
|-damage|p1a: Warrior|348\/381
|-sideend|p2: Zester|Stealth Rock|[from] move: Rapid Spin|[of] p2a: Forretress
|
|-heal|p1a: Warrior|371\/381|[from] item: Leftovers
|-heal|p2a: Forretress|341\/341 par|[from] item: Leftovers
|turn|4
|
|switch|p2a: Kingdra|Kingdra, F, shiny|291\/291
|move|p1a: Warrior|Earthquake|p2a: Kingdra
|-damage|p2a: Kingdra|134\/291
|
|-heal|p1a: Warrior|381\/381|[from] item: Leftovers
|turn|5
|
|switch|p2a: Hippowdon|Hippowdon, M, shiny|420\/420
|switch|p1a: Assassin|Whimsicott, F|230\/230
|-damage|p1a: Assassin|202\/230|[from] Stealth Rock
|
|-heal|p1a: Assassin|216\/230|[from] item: Leftovers
|turn|6
|
|move|p1a: Assassin|Substitute|p1a: Assassin
|-start|p1a: Assassin|Substitute
|-damage|p1a: Assassin|159\/230
|move|p2a: Hippowdon|Toxic|p1a: Assassin
|
|-heal|p1a: Assassin|173\/230|[from] item: Leftovers
|turn|7
|
|switch|p2a: Chandelure|Chandelure, F, shiny|261\/261
|move|p1a: Assassin|Leech Seed|p2a: Chandelure
|-start|p2a: Chandelure|move: Leech Seed
|
|-heal|p1a: Assassin|187\/230|[from] item: Leftovers
|-damage|p2a: Chandelure|229\/261|[from] Leech Seed|[of] p1a: Assassin
|-heal|p1a: Assassin|219\/230|[silent]
|turn|8
|
|switch|p2a: Forretress|Forretress, M, shiny|341\/341 par
|switch|p1a: Healer|Blissey, F, shiny|714\/714
|-damage|p1a: Healer|625\/714|[from] Stealth Rock
|
|-heal|p1a: Healer|669\/714|[from] item: Leftovers
|turn|9
|
|move|p1a: Healer|Wish|p1a: Healer
|move|p2a: Forretress|Volt Switch|p1a: Healer
|-damage|p1a: Healer|650\/714
|
|switch|p2a: Lopunny|Lopunny, M, shiny|271\/271
|
|-heal|p1a: Healer|694\/714|[from] item: Leftovers
|turn|10
|
|switch|p1a: Magician|Jirachi|342\/342
|-damage|p1a: Magician|321\/342|[from] Stealth Rock
|detailschange|p2a: Lopunny|Lopunny-Mega, M, shiny
|message|Lopunny has Mega Evolved into Mega Lopunny!
|move|p2a: Lopunny|Fake Out|p1a: Magician
|-resisted|p1a: Magician
|-damage|p1a: Magician|285\/342
|
|-heal|p1a: Magician|342\/342|[from] move: Wish|[wisher] Healer
|turn|11
|
|switch|p2a: Forretress|Forretress, M, shiny|341\/341 par
|move|p1a: Magician|Thunder Wave|p2a: Forretress
|-fail|p2a: Forretress|par
|
|turn|12
|
|move|p1a: Magician|Stealth Rock|p2a: Forretress
|-sidestart|p2: Zester|move: Stealth Rock
|cant|p2a: Forretress|par
|
|turn|13
|
|move|p1a: Magician|U-turn|p2a: Forretress
|-resisted|p2a: Forretress
|-damage|p2a: Forretress|320\/341 par
|
|switch|p1a: Warrior|Donphan, M|381\/381
|-damage|p1a: Warrior|358\/381|[from] Stealth Rock
|move|p2a: Forretress|Rapid Spin|p1a: Warrior
|-damage|p1a: Warrior|348\/381
|-sideend|p2: Zester|Stealth Rock|[from] move: Rapid Spin|[of] p2a: Forretress
|
|-heal|p1a: Warrior|371\/381|[from] item: Leftovers
|-heal|p2a: Forretress|341\/341 par|[from] item: Leftovers
|turn|14
|
|move|p1a: Warrior|Knock Off|p2a: Forretress
|-damage|p2a: Forretress|293\/341 par
|-enditem|p2a: Forretress|Leftovers|[from] move: Knock Off|[of] p1a: Warrior
|move|p2a: Forretress|Gyro Ball|p1a: Warrior
|-damage|p1a: Warrior|275\/381
|
|-heal|p1a: Warrior|298\/381|[from] item: Leftovers
|turn|15
|
|switch|p2a: Hippowdon|Hippowdon, M, shiny|420\/420
|move|p1a: Warrior|Rapid Spin|p2a: Hippowdon
|-damage|p2a: Hippowdon|402\/420
|-sideend|p1: Ritualist|Stealth Rock|[from] move: Rapid Spin|[of] p1a: Warrior
|
|-heal|p1a: Warrior|321\/381|[from] item: Leftovers
|-heal|p2a: Hippowdon|420\/420|[from] item: Leftovers
|turn|16
|
|move|p1a: Warrior|Knock Off|p2a: Hippowdon
|-damage|p2a: Hippowdon|341\/420
|-enditem|p2a: Hippowdon|Leftovers|[from] move: Knock Off|[of] p1a: Warrior
|move|p2a: Hippowdon|Toxic|p1a: Warrior
|-status|p1a: Warrior|tox
|
|-heal|p1a: Warrior|344\/381 tox|[from] item: Leftovers
|-damage|p1a: Warrior|321\/381 tox|[from] psn
|turn|17
|
|switch|p1a: Assassin|Whimsicott, F|219\/230
|move|p2a: Hippowdon|Whirlwind|p1a: Assassin
|drag|p1a: Defender|Shuckle, M|244\/244
|
|turn|18
|
|move|p2a: Hippowdon|Toxic|p1a: Defender
|-status|p1a: Defender|tox
|move|p1a: Defender|Toxic|p2a: Hippowdon|[miss]
|-miss|p1a: Defender|p2a: Hippowdon
|
|-damage|p1a: Defender|229\/244 tox|[from] psn
|turn|19
|
|switch|p2a: Forretress|Forretress, M, shiny|293\/341 par
|move|p1a: Defender|Toxic|p2a: Forretress
|-fail|p2a: Forretress
|
|-heal|p1a: Defender|244\/244 tox|[from] item: Leftovers
|-damage|p1a: Defender|214\/244 tox|[from] psn
|turn|20
|
|switch|p1a: Healer|Blissey, F, shiny|694\/714
|move|p2a: Forretress|Stealth Rock|p1a: Healer
|-sidestart|p1: Ritualist|move: Stealth Rock
|
|-heal|p1a: Healer|714\/714|[from] item: Leftovers
|turn|21
|
|move|p1a: Healer|Heal Bell|p1a: Healer
|-cureteam|p1a: Healer|[from] move: HealBell
|move|p2a: Forretress|Volt Switch|p1a: Healer
|-damage|p1a: Healer|695\/714
|
|switch|p2a: Lopunny|Lopunny-Mega, M, shiny|271\/271
|
|-heal|p1a: Healer|714\/714|[from] item: Leftovers
|turn|22
|
|switch|p1a: Magician|Jirachi|342\/342
|-damage|p1a: Magician|321\/342|[from] Stealth Rock
|move|p2a: Lopunny|Drain Punch|p1a: Magician
|-damage|p1a: Magician|179\/342
|
|-heal|p1a: Magician|200\/342|[from] item: Leftovers
|turn|23
|
|switch|p2a: Forretress|Forretress, M, shiny|293\/341 par
|move|p1a: Magician|Thunder Wave|p2a: Forretress
|-fail|p2a: Forretress|par
|
|-heal|p1a: Magician|221\/342|[from] item: Leftovers
|turn|24
|
|switch|p2a: Hippowdon|Hippowdon, M, shiny|341\/420
|move|p1a: Magician|Stealth Rock|p2a: Hippowdon
|-sidestart|p2: Zester|move: Stealth Rock
|
|-heal|p1a: Magician|242\/342|[from] item: Leftovers
|turn|25
|
|move|p1a: Magician|U-turn|p2a: Hippowdon
|-damage|p2a: Hippowdon|279\/420
|
|switch|p1a: Warrior|Donphan, M|321\/381
|-damage|p1a: Warrior|298\/381|[from] Stealth Rock
|move|p2a: Hippowdon|Whirlwind|p1a: Warrior
|drag|p1a: Assassin|Whimsicott, F|219\/230
|-damage|p1a: Assassin|191\/230|[from] Stealth Rock
|
|-heal|p1a: Assassin|205\/230|[from] item: Leftovers
|turn|26
|
|move|p1a: Assassin|Leech Seed|p2a: Hippowdon
|-start|p2a: Hippowdon|move: Leech Seed
|move|p2a: Hippowdon|Slack Off|p2a: Hippowdon
|-heal|p2a: Hippowdon|420\/420
|
|-heal|p1a: Assassin|219\/230|[from] item: Leftovers
|-damage|p2a: Hippowdon|368\/420|[from] Leech Seed|[of] p1a: Assassin
|-heal|p1a: Assassin|230\/230|[silent]
|turn|27
|
|switch|p2a: Forretress|Forretress, M, shiny|293\/341 par
|-damage|p2a: Forretress|251\/341 par|[from] Stealth Rock
|move|p1a: Assassin|Encore|p2a: Forretress
|-fail|p2a: Forretress
|
|turn|28
|
|move|p1a: Assassin|Leech Seed|p2a: Forretress
|-start|p2a: Forretress|move: Leech Seed
|cant|p2a: Forretress|par
|
|-damage|p2a: Forretress|209\/341 par|[from] Leech Seed|[of] p1a: Assassin
|turn|29
|
|switch|p1a: Magician|Jirachi|242\/342
|-damage|p1a: Magician|221\/342|[from] Stealth Rock
|cant|p2a: Forretress|par
|
|-heal|p1a: Magician|242\/342|[from] item: Leftovers
|-damage|p2a: Forretress|167\/341 par|[from] Leech Seed|[of] p1a: Magician
|-heal|p1a: Magician|284\/342|[silent]
|turn|30
|
|move|p1a: Magician|Iron Head|p2a: Forretress
|-resisted|p2a: Forretress
|-damage|p2a: Forretress|132\/341 par
|cant|p2a: Forretress|flinch
|
|-heal|p1a: Magician|305\/342|[from] item: Leftovers
|-damage|p2a: Forretress|90\/341 par|[from] Leech Seed|[of] p1a: Magician
|-heal|p1a: Magician|342\/342|[silent]
|turn|31
|
|switch|p2a: Hippowdon|Hippowdon, M, shiny|368\/420
|-damage|p2a: Hippowdon|342\/420|[from] Stealth Rock
|move|p1a: Magician|Iron Head|p2a: Hippowdon
|-damage|p2a: Hippowdon|243\/420
|
|turn|32
|
|move|p1a: Magician|U-turn|p2a: Hippowdon
|-crit|p2a: Hippowdon
|-damage|p2a: Hippowdon|158\/420
|
|switch|p1a: Warrior|Donphan, M|298\/381
|-damage|p1a: Warrior|275\/381|[from] Stealth Rock
|move|p2a: Hippowdon|Toxic|p1a: Warrior
|-status|p1a: Warrior|tox
|
|-heal|p1a: Warrior|298\/381 tox|[from] item: Leftovers
|-damage|p1a: Warrior|275\/381 tox|[from] psn
|turn|33
|
|move|p1a: Warrior|Rapid Spin|p2a: Hippowdon
|-damage|p2a: Hippowdon|141\/420
|-sideend|p1: Ritualist|Stealth Rock|[from] move: Rapid Spin|[of] p1a: Warrior
|move|p2a: Hippowdon|Slack Off|p2a: Hippowdon
|-heal|p2a: Hippowdon|351\/420
|
|-heal|p1a: Warrior|298\/381 tox|[from] item: Leftovers
|-damage|p1a: Warrior|252\/381 tox|[from] psn
|turn|34
|
|switch|p1a: Assassin|Whimsicott, F|230\/230
|move|p2a: Hippowdon|Toxic|p1a: Assassin
|-status|p1a: Assassin|tox
|
|-damage|p1a: Assassin|216\/230 tox|[from] psn
|turn|35
|
|switch|p2a: Forretress|Forretress, M, shiny|90\/341 par
|-damage|p2a: Forretress|48\/341 par|[from] Stealth Rock
|move|p1a: Assassin|Leech Seed|p2a: Forretress
|-start|p2a: Forretress|move: Leech Seed
|
|-heal|p1a: Assassin|230\/230 tox|[from] item: Leftovers
|-damage|p2a: Forretress|6\/341 par|[from] Leech Seed|[of] p1a: Assassin
|-damage|p1a: Assassin|202\/230 tox|[from] psn
|turn|36
|
|switch|p1a: Healer|Blissey, F, shiny|714\/714
|move|p2a: Forretress|Rapid Spin|p1a: Healer
|-damage|p1a: Healer|653\/714
|-end|p2a: Forretress|Leech Seed|[from] move: Rapid Spin|[of] p2a: Forretress
|-sideend|p2: Zester|Stealth Rock|[from] move: Rapid Spin|[of] p2a: Forretress
|
|-heal|p1a: Healer|697\/714|[from] item: Leftovers
|turn|37
|
|switch|p2a: Honchkrow|Honchkrow, M, shiny|342\/342
|move|p1a: Healer|Heal Bell|p1a: Healer
|-cureteam|p1a: Healer|[from] move: HealBell
|
|-heal|p1a: Healer|714\/714|[from] item: Leftovers
|turn|38
|
|switch|p1a: Magician|Jirachi|342\/342
|move|p2a: Honchkrow|Brave Bird|p1a: Magician
|-resisted|p1a: Magician
|-damage|p1a: Magician|198\/342
|-damage|p2a: Honchkrow|294\/342|[from] recoil|[of] p1a: Magician
|-damage|p2a: Honchkrow|260\/342|[from] item: Life Orb
|
|-heal|p1a: Magician|219\/342|[from] item: Leftovers
|turn|39
|
|switch|p2a: Forretress|Forretress, M, shiny|6\/341 par
|move|p1a: Magician|Thunder Wave|p2a: Forretress
|-fail|p2a: Forretress|par
|
|-heal|p1a: Magician|240\/342|[from] item: Leftovers
|turn|40
|
|switch|p2a: Hippowdon|Hippowdon, M, shiny|351\/420
|move|p1a: Magician|U-turn|p2a: Hippowdon
|-damage|p2a: Hippowdon|289\/420
|
|switch|p1a: Warrior|Donphan, M|252\/381
|
|-heal|p1a: Warrior|275\/381|[from] item: Leftovers
|turn|41
|
|switch|p1a: Magician|Jirachi|240\/342
|move|p2a: Hippowdon|Slack Off|p2a: Hippowdon
|-heal|p2a: Hippowdon|420\/420
|
|-heal|p1a: Magician|261\/342|[from] item: Leftovers
|turn|42
|
|move|p1a: Magician|Stealth Rock|p2a: Hippowdon
|-sidestart|p2: Zester|move: Stealth Rock
|move|p2a: Hippowdon|Earthquake|p1a: Magician
|-supereffective|p1a: Magician
|-damage|p1a: Magician|15\/342
|
|-heal|p1a: Magician|36\/342|[from] item: Leftovers
|turn|43
|
|move|p1a: Magician|U-turn|p2a: Hippowdon
|-damage|p2a: Hippowdon|362\/420
|
|switch|p1a: Assassin|Whimsicott, F|202\/230
|move|p2a: Hippowdon|Whirlwind|p1a: Assassin
|drag|p1a: Defender|Shuckle, M|214\/244
|
|-heal|p1a: Defender|229\/244|[from] item: Leftovers
|turn|44
|
|switch|p2a: Forretress|Forretress, M, shiny|6\/341 par
|-damage|p2a: Forretress|0 fnt|[from] Stealth Rock
|faint|p2a: Forretress
|move|p1a: Defender|Toxic|p2: Forretress|[notarget]
|-notarget
|
|-heal|p1a: Defender|244\/244|[from] item: Leftovers
|
|switch|p2a: Kingdra|Kingdra, F, shiny|134\/291
|-damage|p2a: Kingdra|98\/291|[from] Stealth Rock
|turn|45
|
|switch|p1a: Assassin|Whimsicott, F|202\/230
|move|p2a: Kingdra|Focus Energy|p2a: Kingdra
|-start|p2a: Kingdra|move: Focus Energy
|
|-heal|p1a: Assassin|216\/230|[from] item: Leftovers
|turn|46
|
|move|p1a: Assassin|Encore|p2a: Kingdra
|-start|p2a: Kingdra|Encore
|move|p2a: Kingdra|Focus Energy|p2a: Kingdra
|-fail|p2a: Kingdra
|
|-heal|p1a: Assassin|230\/230|[from] item: Leftovers
|turn|47
|
|switch|p2a: Chandelure|Chandelure, F, shiny|229\/261
|-damage|p2a: Chandelure|164\/261|[from] Stealth Rock
|move|p1a: Assassin|Leech Seed|p2a: Chandelure
|-start|p2a: Chandelure|move: Leech Seed
|
|-damage|p2a: Chandelure|132\/261|[from] Leech Seed|[of] p1a: Assassin
|turn|48
|
|switch|p1a: Healer|Blissey, F, shiny|714\/714
|move|p2a: Chandelure|Flamethrower|p1a: Healer
|-damage|p1a: Healer|612\/714
|
|-heal|p1a: Healer|656\/714|[from] item: Leftovers
|-damage|p2a: Chandelure|100\/261|[from] Leech Seed|[of] p1a: Healer
|-heal|p1a: Healer|688\/714|[silent]
|turn|49
|
|switch|p2a: Honchkrow|Honchkrow, M, shiny|260\/342
|-damage|p2a: Honchkrow|175\/342|[from] Stealth Rock
|move|p1a: Healer|Wish|p1a: Healer
|
|-heal|p1a: Healer|714\/714|[from] item: Leftovers
|turn|50
|
|move|p2a: Honchkrow|Pursuit|p1a: Healer|[from]Pursuit
|-damage|p1a: Healer|23\/714
|-damage|p2a: Honchkrow|141\/342|[from] item: Life Orb
|switch|p1a: Warrior|Donphan, M|275\/381
|
|-heal|p1a: Warrior|381\/381|[from] move: Wish|[wisher] Healer
|turn|51
|
|move|p2a: Honchkrow|Roost|p2a: Honchkrow
|-heal|p2a: Honchkrow|312\/342
|move|p1a: Warrior|Knock Off|p2a: Honchkrow
|-resisted|p2a: Honchkrow
|-damage|p2a: Honchkrow|236\/342
|-enditem|p2a: Honchkrow|Life Orb|[from] move: Knock Off|[of] p1a: Warrior
|
|turn|52
|
|move|p2a: Honchkrow|Sucker Punch|p1a: Warrior
|-fail|p1a: Warrior
|move|p1a: Warrior|Roar|p2a: Honchkrow
|drag|p2a: Hippowdon|Hippowdon, M, shiny|362\/420
|-damage|p2a: Hippowdon|336\/420|[from] Stealth Rock
|
|turn|53
|
|switch|p1a: Assassin|Whimsicott, F|230\/230
|move|p2a: Hippowdon|Earthquake|p1a: Assassin
|-resisted|p1a: Assassin
|-damage|p1a: Assassin|176\/230
|
|-heal|p1a: Assassin|190\/230|[from] item: Leftovers
|turn|54
|
|move|p1a: Assassin|Substitute|p1a: Assassin
|-start|p1a: Assassin|Substitute
|-damage|p1a: Assassin|133\/230
|move|p2a: Hippowdon|Toxic|p1a: Assassin
|
|-heal|p1a: Assassin|147\/230|[from] item: Leftovers
|turn|55
|
|move|p1a: Assassin|Leech Seed|p2a: Hippowdon
|-start|p2a: Hippowdon|move: Leech Seed
|move|p2a: Hippowdon|Whirlwind|p1a: Assassin
|drag|p1a: Healer|Blissey, F, shiny|23\/714
|
|-heal|p1a: Healer|67\/714|[from] item: Leftovers
|-damage|p2a: Hippowdon|284\/420|[from] Leech Seed|[of] p1a: Healer
|-heal|p1a: Healer|119\/714|[silent]
|turn|56
|
|switch|p2a: Lopunny|Lopunny-Mega, M, shiny|271\/271
|-damage|p2a: Lopunny|255\/271|[from] Stealth Rock
|move|p1a: Healer|Protect|p1a: Healer
|-fail|p1a: Healer
|
|-heal|p1a: Healer|163\/714|[from] item: Leftovers
|turn|57
|
|switch|p1a: Assassin|Whimsicott, F|147\/230
|move|p2a: Lopunny|Ice Punch|p1a: Assassin
|-supereffective|p1a: Assassin
|-damage|p1a: Assassin|0 fnt
|faint|p1a: Assassin
|
|
|switch|p1a: Magician|Jirachi|36\/342
|turn|58
|
|move|p2a: Lopunny|Drain Punch|p1a: Magician
|-damage|p1a: Magician|0 fnt
|-heal|p2a: Lopunny|271\/271|[from] drain|[of] p1a: Magician
|faint|p1a: Magician
|
|
|switch|p1a: Defender|Shuckle, M|244\/244
|turn|59
|
|switch|p2a: Hippowdon|Hippowdon, M, shiny|284\/420
|-damage|p2a: Hippowdon|258\/420|[from] Stealth Rock
|move|p1a: Defender|Toxic|p2a: Hippowdon|[miss]
|-miss|p1a: Defender|p2a: Hippowdon
|
|turn|60
|
|move|p2a: Hippowdon|Toxic|p1a: Defender
|-status|p1a: Defender|tox
|move|p1a: Defender|Toxic|p2a: Hippowdon
|-status|p2a: Hippowdon|tox
|
|-damage|p2a: Hippowdon|232\/420 tox|[from] psn
|-damage|p1a: Defender|229\/244 tox|[from] psn
|turn|61
|
|move|p2a: Hippowdon|Slack Off|p2a: Hippowdon
|-heal|p2a: Hippowdon|420\/420 tox
|move|p1a: Defender|Shell Smash|p1a: Defender
|-unboost|p1a: Defender|atk|2
|-unboost|p1a: Defender|spa|2
|-unboost|p1a: Defender|spe|2
|-boost|p1a: Defender|def|1
|-boost|p1a: Defender|spd|1
|
|-heal|p1a: Defender|244\/244 tox|[from] item: Leftovers
|-damage|p2a: Hippowdon|368\/420 tox|[from] psn
|-damage|p1a: Defender|214\/244 tox|[from] psn
|turn|62
|
|switch|p2a: Kingdra|Kingdra, F, shiny|98\/291
|-damage|p2a: Kingdra|62\/291|[from] Stealth Rock
|move|p1a: Defender|Infestation|p2a: Kingdra
|-damage|p2a: Kingdra|58\/291
|-activate|p2a: Kingdra|move: Infestation|[of] p1a: Defender
|
|-heal|p1a: Defender|229\/244 tox|[from] item: Leftovers
|-damage|p1a: Defender|184\/244 tox|[from] psn
|-damage|p2a: Kingdra|22\/291|[from] move: Infestation|[partiallytrapped]
|turn|63
|
|move|p2a: Kingdra|Hydro Pump|p1a: Defender|[miss]
|-miss|p2a: Kingdra|p1a: Defender
|move|p1a: Defender|Rest|p1a: Defender
|-status|p1a: Defender|slp
|-heal|p1a: Defender|244\/244 slp|[silent]
|-status|p1a: Defender|slp|[from] move: Rest
|
|-damage|p2a: Kingdra|0 fnt|[from] move: Infestation|[partiallytrapped]
|faint|p2a: Kingdra
|
|switch|p2a: Chandelure|Chandelure, F, shiny|100\/261
|-damage|p2a: Chandelure|35\/261|[from] Stealth Rock
|turn|64
|
|move|p2a: Chandelure|Trick|p1a: Defender
|-activate|p2a: Chandelure|move: Trick|[of] p1a: Defender
|-item|p1a: Defender|Choice Scarf|[from] move: Trick
|-item|p2a: Chandelure|Leftovers|[from] move: Trick
|cant|p1a: Defender|slp
|
|-heal|p2a: Chandelure|51\/261|[from] item: Leftovers
|turn|65
|
|move|p2a: Chandelure|Flamethrower|p1a: Defender
|-damage|p1a: Defender|180\/244 slp
|cant|p1a: Defender|slp
|
|-heal|p2a: Chandelure|67\/261|[from] item: Leftovers
|turn|66
|
|move|p2a: Chandelure|Flamethrower|p1a: Defender
|-damage|p1a: Defender|116\/244 slp
|-curestatus|p1a: Defender|slp
|move|p1a: Defender|Toxic|p2a: Chandelure
|-status|p2a: Chandelure|tox
|
|-heal|p2a: Chandelure|83\/261 tox|[from] item: Leftovers
|-damage|p2a: Chandelure|67\/261 tox|[from] psn
|turn|67
|
|switch|p1a: Healer|Blissey, F, shiny|163\/714
|move|p2a: Chandelure|Flamethrower|p1a: Healer
|-damage|p1a: Healer|49\/714
|-status|p1a: Healer|brn
|
|-heal|p2a: Chandelure|83\/261 tox|[from] item: Leftovers
|-heal|p1a: Healer|93\/714 brn|[from] item: Leftovers
|-damage|p2a: Chandelure|51\/261 tox|[from] psn
|-damage|p1a: Healer|4\/714 brn|[from] brn
|turn|68
|
|move|p2a: Chandelure|Flamethrower|p1a: Healer
|-damage|p1a: Healer|0 fnt
|faint|p1a: Healer
|
|-heal|p2a: Chandelure|67\/261 tox|[from] item: Leftovers
|-damage|p2a: Chandelure|19\/261 tox|[from] psn
|
|switch|p1a: Defender|Shuckle, M|116\/244
|turn|69
|
|move|p2a: Chandelure|Flamethrower|p1a: Defender
|-damage|p1a: Defender|26\/244
|-status|p1a: Defender|brn
|move|p1a: Defender|Rest|p1a: Defender
|-status|p1a: Defender|slp
|-heal|p1a: Defender|244\/244 slp|[silent]
|-status|p1a: Defender|slp|[from] move: Rest
|
|-heal|p2a: Chandelure|35\/261 tox|[from] item: Leftovers
|-damage|p2a: Chandelure|0 fnt|[from] psn
|faint|p2a: Chandelure
|
|switch|p2a: Lopunny|Lopunny-Mega, M, shiny|271\/271
|-damage|p2a: Lopunny|255\/271|[from] Stealth Rock
|turn|70
|
|switch|p1a: Warrior|Donphan, M|381\/381
|move|p2a: Lopunny|Drain Punch|p1a: Warrior
|-damage|p1a: Warrior|287\/381
|-heal|p2a: Lopunny|271\/271|[from] drain|[of] p1a: Warrior
|
|-heal|p1a: Warrior|310\/381|[from] item: Leftovers
|turn|71
|
|move|p2a: Lopunny|Ice Punch|p1a: Warrior
|-crit|p1a: Warrior
|-supereffective|p1a: Warrior
|-damage|p1a: Warrior|132\/381
|move|p1a: Warrior|Roar|p2a: Lopunny
|drag|p2a: Hippowdon|Hippowdon, M, shiny|368\/420 tox
|-damage|p2a: Hippowdon|342\/420 tox|[from] Stealth Rock
|
|-heal|p1a: Warrior|155\/381|[from] item: Leftovers
|-damage|p2a: Hippowdon|316\/420 tox|[from] psn
|turn|72
|
|move|p1a: Warrior|Earthquake|p2a: Hippowdon
|-damage|p2a: Hippowdon|202\/420 tox
|move|p2a: Hippowdon|Earthquake|p1a: Warrior
|-damage|p1a: Warrior|77\/381
|
|-heal|p1a: Warrior|100\/381|[from] item: Leftovers
|-damage|p2a: Hippowdon|150\/420 tox|[from] psn
|turn|73
|
|move|p1a: Warrior|Earthquake|p2a: Hippowdon
|-crit|p2a: Hippowdon
|-damage|p2a: Hippowdon|0 fnt
|faint|p2a: Hippowdon
|
|-heal|p1a: Warrior|123\/381|[from] item: Leftovers
|
|switch|p2a: Lopunny|Lopunny-Mega, M, shiny|271\/271
|-damage|p2a: Lopunny|255\/271|[from] Stealth Rock
|turn|74
|
|move|p2a: Lopunny|Fake Out|p1a: Warrior
|-damage|p1a: Warrior|75\/381
|cant|p1a: Warrior|flinch
|
|-heal|p1a: Warrior|98\/381|[from] item: Leftovers
|turn|75
|
|move|p2a: Lopunny|Ice Punch|p1a: Warrior
|-supereffective|p1a: Warrior
|-damage|p1a: Warrior|0 fnt
|faint|p1a: Warrior
|
|
|switch|p1a: Ranger|Cloyster, M, shiny|241\/241
|turn|76
|
|move|p2a: Lopunny|Drain Punch|p1a: Ranger
|-supereffective|p1a: Ranger
|-damage|p1a: Ranger|77\/241
|-heal|p2a: Lopunny|271\/271|[from] drain|[of] p1a: Ranger
|move|p1a: Ranger|Shell Smash|p1a: Ranger
|-boost|p1a: Ranger|atk|2
|-boost|p1a: Ranger|spa|2
|-boost|p1a: Ranger|spe|2
|-unboost|p1a: Ranger|def|1
|-unboost|p1a: Ranger|spd|1
|
|turn|77
|
|move|p1a: Ranger|Icicle Spear|p2a: Lopunny
|-damage|p2a: Lopunny|189\/271
|-damage|p2a: Lopunny|110\/271
|-damage|p2a: Lopunny|31\/271
|-damage|p2a: Lopunny|0 fnt
|-hitcount|p2a: Lopunny|4
|faint|p2a: Lopunny
|
|
|switch|p2a: Honchkrow|Honchkrow, M, shiny|236\/342
|-damage|p2a: Honchkrow|151\/342|[from] Stealth Rock
|turn|78
|
|move|p2a: Honchkrow|Sucker Punch|p1a: Ranger
|-fail|p1a: Ranger
|move|p1a: Ranger|Substitute|p1a: Ranger
|-start|p1a: Ranger|Substitute
|-damage|p1a: Ranger|17\/241
|
|turn|79
|c|âRitualist|bye
|c|âZester|gg
|
|move|p2a: Honchkrow|Sucker Punch|p1a: Ranger
|-end|p1a: Ranger|Substitute
|move|p1a: Ranger|Icicle Spear|p2a: Honchkrow
|-supereffective|p2a: Honchkrow
|-damage|p2a: Honchkrow|0 fnt
|-hitcount|p2a: Honchkrow|1
|faint|p2a: Honchkrow
|
|win|Ritualist
|raw|Ladder updating...
|raw|Ritualist's rating: 1430 &rarr; <strong>1443<\/strong><br \/>(+13 for winning)
|raw|Zester's rating: 1309 &rarr; <strong>1296<\/strong><br \/>(-13 for losing)