|join|Ritualist
|join|cramersleuth
|player|p1|Ritualist|205
|player|p2|cramersleuth|266
|gametype|singles
|gen|6
|tier|UU
|rated
|rule|Sleep Clause Mod: Limit one foe put to sleep
|rule|Species Clause: Limit one of each PokÃ©mon
|rule|OHKO Clause: OHKO moves are banned
|rule|Moody Clause: Moody is banned
|rule|Evasion Moves Clause: Evasion moves are banned
|rule|Endless Battle Clause: Forcing endless battles is banned
|rule|HP Percentage Mod: HP is shown in percentages
|clearpoke
|poke|p1|Donphan, M
|poke|p1|Blissey, F, shiny
|poke|p1|Cloyster, M, shiny
|poke|p1|Whimsicott, F
|poke|p1|Shuckle, M
|poke|p1|Xatu, F, shiny
|poke|p2|Infernape, M, shiny
|poke|p2|Hippowdon, F, shiny
|poke|p2|Starmie
|poke|p2|Donphan, M
|poke|p2|Galvantula, F
|poke|p2|Toxicroak, M
|rule|Swagger Clause: Swagger is banned
|rule|Baton Pass Clause: Limit one PokÃ©mon knowing Baton Pass
|teampreview
|
|start
|switch|p1a: Warrior|Donphan, M|381\/381
|switch|p2a: Starmie|Starmie|261\/261
|turn|1
|
|switch|p1a: Healer|Blissey, F, shiny|714\/714
|move|p2a: Starmie|Scald|p1a: Healer
|-damage|p1a: Healer|647\/714
|
|-heal|p1a: Healer|691\/714|[from] item: Leftovers
|turn|2
|
|switch|p2a: Toxicroak|Toxicroak, M|308\/308
|move|p1a: Healer|Wish|p1a: Healer
|
|-heal|p1a: Healer|714\/714|[from] item: Leftovers
|turn|3
|
|switch|p1a: Warrior|Donphan, M|381\/381
|move|p2a: Toxicroak|Brick Break|p1a: Warrior
|-damage|p1a: Warrior|312\/381
|-status|p1a: Warrior|psn
|
|-heal|p1a: Warrior|381\/381 psn|[from] move: Wish|[wisher] Healer
|-damage|p1a: Warrior|334\/381 psn|[from] psn
|turn|4
|
|move|p2a: Toxicroak|Gunk Shot|p1a: Warrior
|-resisted|p1a: Warrior
|-damage|p1a: Warrior|280\/381 psn
|move|p1a: Warrior|Earthquake|p2a: Toxicroak
|-supereffective|p2a: Toxicroak
|-damage|p2a: Toxicroak|0 fnt
|faint|p2a: Toxicroak
|
|-heal|p1a: Warrior|303\/381 psn|[from] item: Leftovers
|-damage|p1a: Warrior|256\/381 psn|[from] psn
|
|switch|p2a: Infernape|Infernape, M, shiny|293\/293
|turn|5
|
|move|p2a: Infernape|Close Combat|p1a: Warrior
|-damage|p1a: Warrior|136\/381 psn
|-unboost|p2a: Infernape|def|1
|-unboost|p2a: Infernape|spd|1
|move|p1a: Warrior|Earthquake|p2a: Infernape
|-supereffective|p2a: Infernape
|-enditem|p2a: Infernape|Focus Sash
|-damage|p2a: Infernape|1\/293
|
|-heal|p1a: Warrior|159\/381 psn|[from] item: Leftovers
|-damage|p1a: Warrior|112\/381 psn|[from] psn
|turn|6
|
|move|p2a: Infernape|Close Combat|p1a: Warrior
|-damage|p1a: Warrior|0 fnt
|-unboost|p2a: Infernape|def|1
|-unboost|p2a: Infernape|spd|1
|faint|p1a: Warrior
|
|
|switch|p1a: Defender|Shuckle, M|244\/244
|turn|7
|
|move|p2a: Infernape|U-turn|p1a: Defender
|-damage|p1a: Defender|218\/244
|
|switch|p2a: Hippowdon|Hippowdon, F, shiny|420\/420
|-weather|Sandstorm
|move|p1a: Defender|Infestation|p2a: Hippowdon
|-damage|p2a: Hippowdon|414\/420
|-activate|p2a: Hippowdon|move: Infestation|[of] p1a: Defender
|
|-weather|Sandstorm|[upkeep]
|-heal|p2a: Hippowdon|420\/420|[from] item: Leftovers
|-heal|p1a: Defender|233\/244|[from] item: Leftovers
|-damage|p2a: Hippowdon|368\/420|[from] move: Infestation|[partiallytrapped]
|turn|8
|
|switch|p1a: Magician|Xatu, F, shiny|334\/334
|move|p2a: Hippowdon|Toxic|p1a: Magician
|move|p1a: Magician|Toxic|p2a: Hippowdon|[from]Magic Bounce
|-status|p2a: Hippowdon|tox
|
|-weather|Sandstorm|[upkeep]
|-damage|p1a: Magician|314\/334|[from] sandstorm
|-heal|p1a: Magician|334\/334|[from] item: Leftovers
|-heal|p2a: Hippowdon|394\/420 tox|[from] item: Leftovers
|-damage|p2a: Hippowdon|368\/420 tox|[from] psn
|-end|p2a: Hippowdon|Infestation|[partiallytrapped]
|turn|9
|
|switch|p2a: Donphan|Donphan, M|364\/364
|move|p1a: Magician|Confuse Ray|p2a: Donphan
|-start|p2a: Donphan|confusion
|
|-weather|Sandstorm|[upkeep]
|-damage|p1a: Magician|314\/334|[from] sandstorm
|-heal|p1a: Magician|334\/334|[from] item: Leftovers
|turn|10
|
|-activate|p2a: Donphan|confusion
|-damage|p2a: Donphan|323\/364|[from] confusion
|move|p1a: Magician|U-turn|p2a: Donphan
|-damage|p2a: Donphan|284\/364
|
|switch|p1a: Assassin|Whimsicott, F|230\/230
|
|-weather|Sandstorm|[upkeep]
|-damage|p1a: Assassin|216\/230|[from] sandstorm
|-heal|p1a: Assassin|230\/230|[from] item: Leftovers
|-heal|p2a: Donphan|306\/364|[from] item: Leftovers
|turn|11
|
|move|p1a: Assassin|Leech Seed|p2a: Donphan
|-start|p2a: Donphan|move: Leech Seed
|-activate|p2a: Donphan|confusion
|move|p2a: Donphan|Ice Shard|p1a: Assassin
|-crit|p1a: Assassin
|-supereffective|p1a: Assassin
|-damage|p1a: Assassin|108\/230
|
|-weather|none
|-heal|p1a: Assassin|122\/230|[from] item: Leftovers
|-heal|p2a: Donphan|328\/364|[from] item: Leftovers
|-damage|p2a: Donphan|283\/364|[from] Leech Seed|[of] p1a: Assassin
|-heal|p1a: Assassin|167\/230|[silent]
|turn|12
|
|switch|p1a: Ranger|Cloyster, M, shiny|241\/241
|switch|p2a: Galvantula|Galvantula, F|282\/282
|
|turn|13
|
|switch|p1a: Healer|Blissey, F, shiny|714\/714
|move|p2a: Galvantula|Bug Buzz|p1a: Healer
|-damage|p1a: Healer|639\/714
|
|-heal|p1a: Healer|683\/714|[from] item: Leftovers
|turn|14
|
|switch|p2a: Infernape|Infernape, M, shiny|1\/293
|move|p1a: Healer|Seismic Toss|p2a: Infernape
|-damage|p2a: Infernape|0 fnt
|faint|p2a: Infernape
|
|-heal|p1a: Healer|714\/714|[from] item: Leftovers
|
|switch|p2a: Hippowdon|Hippowdon, F, shiny|368\/420 tox
|-weather|Sandstorm
|turn|15
|
|switch|p1a: Magician|Xatu, F, shiny|334\/334
|move|p2a: Hippowdon|Toxic|p1a: Magician
|move|p1a: Magician|Toxic|p2a: Hippowdon|[from]Magic Bounce
|-fail|p2a: Hippowdon|tox
|
|-weather|Sandstorm|[upkeep]
|-damage|p1a: Magician|314\/334|[from] sandstorm
|-heal|p1a: Magician|334\/334|[from] item: Leftovers
|-heal|p2a: Hippowdon|394\/420 tox|[from] item: Leftovers
|-damage|p2a: Hippowdon|368\/420 tox|[from] psn
|turn|16
|
|switch|p2a: Donphan|Donphan, M|283\/364
|move|p1a: Magician|Confuse Ray|p2a: Donphan
|-start|p2a: Donphan|confusion
|
|-weather|Sandstorm|[upkeep]
|-damage|p1a: Magician|314\/334|[from] sandstorm
|-heal|p1a: Magician|334\/334|[from] item: Leftovers
|-heal|p2a: Donphan|305\/364|[from] item: Leftovers
|turn|17
|
|move|p1a: Magician|U-turn|p2a: Donphan
|-damage|p2a: Donphan|269\/364
|
|switch|p1a: Assassin|Whimsicott, F|167\/230
|-activate|p2a: Donphan|confusion
|-damage|p2a: Donphan|227\/364|[from] confusion
|
|-weather|Sandstorm|[upkeep]
|-damage|p1a: Assassin|153\/230|[from] sandstorm
|-heal|p1a: Assassin|167\/230|[from] item: Leftovers
|-heal|p2a: Donphan|249\/364|[from] item: Leftovers
|turn|18
|
|move|p1a: Assassin|Leech Seed|p2a: Donphan
|-start|p2a: Donphan|move: Leech Seed
|-activate|p2a: Donphan|confusion
|move|p2a: Donphan|Ice Shard|p1a: Assassin
|-supereffective|p1a: Assassin
|-damage|p1a: Assassin|71\/230
|
|-weather|Sandstorm|[upkeep]
|-damage|p1a: Assassin|57\/230|[from] sandstorm
|-heal|p1a: Assassin|71\/230|[from] item: Leftovers
|-heal|p2a: Donphan|271\/364|[from] item: Leftovers
|-damage|p2a: Donphan|226\/364|[from] Leech Seed|[of] p1a: Assassin
|-heal|p1a: Assassin|116\/230|[silent]
|turn|19
|
|switch|p1a: Ranger|Cloyster, M, shiny|241\/241
|-end|p2a: Donphan|confusion
|move|p2a: Donphan|Ice Shard|p1a: Ranger
|-crit|p1a: Ranger
|-resisted|p1a: Ranger
|-damage|p1a: Ranger|229\/241
|
|-weather|none
|-heal|p2a: Donphan|248\/364|[from] item: Leftovers
|-damage|p2a: Donphan|203\/364|[from] Leech Seed|[of] p1a: Ranger
|-heal|p1a: Ranger|241\/241|[silent]
|turn|20
|
|switch|p2a: Starmie|Starmie|261\/261
|move|p1a: Ranger|Substitute|p1a: Ranger
|-start|p1a: Ranger|Substitute
|-damage|p1a: Ranger|181\/241
|
|turn|21
|
|move|p2a: Starmie|Dazzling Gleam|p1a: Ranger
|-end|p1a: Ranger|Substitute
|move|p1a: Ranger|Shell Smash|p1a: Ranger
|-boost|p1a: Ranger|atk|2
|-boost|p1a: Ranger|spa|2
|-boost|p1a: Ranger|spe|2
|-unboost|p1a: Ranger|def|1
|-unboost|p1a: Ranger|spd|1
|
|turn|22
|
|move|p2a: Starmie|Dazzling Gleam|p1a: Ranger
|-damage|p1a: Ranger|0 fnt
|faint|p1a: Ranger
|
|
|switch|p1a: Magician|Xatu, F, shiny|334\/334
|turn|23
|
|move|p2a: Starmie|Dazzling Gleam|p1a: Magician
|-damage|p1a: Magician|233\/334
|move|p1a: Magician|Thunder Wave|p2a: Starmie
|-status|p2a: Starmie|par
|
|-heal|p1a: Magician|253\/334|[from] item: Leftovers
|turn|24
|
|move|p1a: Magician|Confuse Ray|p2a: Starmie
|-start|p2a: Starmie|confusion
|-activate|p2a: Starmie|confusion
|move|p2a: Starmie|Dazzling Gleam|p1a: Magician
|-damage|p1a: Magician|149\/334
|
|-heal|p1a: Magician|169\/334|[from] item: Leftovers
|turn|25
|
|switch|p2a: Galvantula|Galvantula, F|282\/282
|move|p1a: Magician|Roost|p1a: Magician
|-heal|p1a: Magician|334\/334
|
|turn|26
|
|switch|p1a: Healer|Blissey, F, shiny|714\/714
|move|p2a: Galvantula|Thunder|p1a: Healer
|-damage|p1a: Healer|623\/714
|
|-heal|p1a: Healer|667\/714|[from] item: Leftovers
|turn|27
|
|move|p2a: Galvantula|Sticky Web|p1a: Healer
|-sidestart|p1: Ritualist|move: Sticky Web
|move|p1a: Healer|Wish|p1a: Healer
|
|-heal|p1a: Healer|711\/714|[from] item: Leftovers
|turn|28
|
|switch|p1a: Defender|Shuckle, M|233\/244
|-activate|p1a: Defender|move: Sticky Web
|-boost|p1a: Defender|spe|1
|move|p2a: Galvantula|Volt Switch|p1a: Defender
|-damage|p1a: Defender|187\/244
|
|switch|p2a: Starmie|Starmie|261\/261
|
|-heal|p1a: Defender|244\/244|[from] move: Wish|[wisher] Healer
|turn|29
|
|switch|p1a: Healer|Blissey, F, shiny|711\/714
|-activate|p1a: Healer|move: Sticky Web
|-unboost|p1a: Healer|spe|1
|move|p2a: Starmie|Scald|p1a: Healer
|-damage|p1a: Healer|641\/714
|-status|p1a: Healer|brn
|
|-heal|p1a: Healer|685\/714 brn|[from] item: Leftovers
|-damage|p1a: Healer|596\/714 brn|[from] brn
|turn|30
|
|switch|p2a: Hippowdon|Hippowdon, F, shiny|368\/420 tox
|-weather|Sandstorm
|move|p1a: Healer|Wish|p1a: Healer
|
|-weather|Sandstorm|[upkeep]
|-damage|p1a: Healer|552\/714 brn|[from] sandstorm
|-heal|p2a: Hippowdon|394\/420 tox|[from] item: Leftovers
|-heal|p1a: Healer|596\/714 brn|[from] item: Leftovers
|-damage|p2a: Hippowdon|368\/420 tox|[from] psn
|-damage|p1a: Healer|507\/714 brn|[from] brn
|turn|31
|
|switch|p1a: Magician|Xatu, F, shiny|334\/334
|move|p2a: Hippowdon|Stealth Rock|p1a: Magician
|move|p1a: Magician|Stealth Rock|p2a: Hippowdon|[from]Magic Bounce
|-sidestart|p2: cramersleuth|move: Stealth Rock
|
|-weather|Sandstorm|[upkeep]
|-damage|p1a: Magician|314\/334|[from] sandstorm
|-heal|p1a: Magician|334\/334|[from] move: Wish|[wisher] Healer
|-heal|p2a: Hippowdon|394\/420 tox|[from] item: Leftovers
|-damage|p2a: Hippowdon|342\/420 tox|[from] psn
|turn|32
|
|switch|p2a: Donphan|Donphan, M|203\/364
|-damage|p2a: Donphan|181\/364|[from] Stealth Rock
|move|p1a: Magician|Confuse Ray|p2a: Donphan
|-start|p2a: Donphan|confusion
|
|-weather|Sandstorm|[upkeep]
|-damage|p1a: Magician|314\/334|[from] sandstorm
|-heal|p1a: Magician|334\/334|[from] item: Leftovers
|-heal|p2a: Donphan|203\/364|[from] item: Leftovers
|turn|33
|
|move|p1a: Magician|U-turn|p2a: Donphan
|-damage|p2a: Donphan|168\/364
|
|switch|p1a: Assassin|Whimsicott, F|116\/230
|-activate|p1a: Assassin|move: Sticky Web
|-unboost|p1a: Assassin|spe|1
|-activate|p2a: Donphan|confusion
|-damage|p2a: Donphan|124\/364|[from] confusion
|
|-weather|Sandstorm|[upkeep]
|-damage|p1a: Assassin|102\/230|[from] sandstorm
|-heal|p1a: Assassin|116\/230|[from] item: Leftovers
|-heal|p2a: Donphan|146\/364|[from] item: Leftovers
|turn|34
|
|move|p1a: Assassin|Toxic|p2a: Donphan
|-status|p2a: Donphan|tox
|-activate|p2a: Donphan|confusion
|-damage|p2a: Donphan|101\/364 tox|[from] confusion
|
|-weather|none
|-heal|p1a: Assassin|130\/230|[from] item: Leftovers
|-heal|p2a: Donphan|123\/364 tox|[from] item: Leftovers
|-damage|p2a: Donphan|101\/364 tox|[from] psn
|turn|35
|
|move|p1a: Assassin|Leech Seed|p2a: Donphan
|-start|p2a: Donphan|move: Leech Seed
|-activate|p2a: Donphan|confusion
|-damage|p2a: Donphan|55\/364 tox|[from] confusion
|
|-heal|p1a: Assassin|144\/230|[from] item: Leftovers
|-heal|p2a: Donphan|77\/364 tox|[from] item: Leftovers
|-damage|p2a: Donphan|32\/364 tox|[from] Leech Seed|[of] p1a: Assassin
|-heal|p1a: Assassin|189\/230|[silent]
|-damage|p2a: Donphan|0 fnt|[from] psn
|faint|p2a: Donphan
|
|switch|p2a: Hippowdon|Hippowdon, F, shiny|342\/420 tox
|-damage|p2a: Hippowdon|316\/420 tox|[from] Stealth Rock
|-weather|Sandstorm
|turn|36
|
|move|p1a: Assassin|Substitute|p1a: Assassin
|-start|p1a: Assassin|Substitute
|-damage|p1a: Assassin|132\/230
|move|p2a: Hippowdon|Stealth Rock|p1a: Assassin
|-sidestart|p1: Ritualist|move: Stealth Rock
|
|-weather|Sandstorm|[upkeep]
|-damage|p1a: Assassin|118\/230|[from] sandstorm
|-heal|p1a: Assassin|132\/230|[from] item: Leftovers
|-heal|p2a: Hippowdon|342\/420 tox|[from] item: Leftovers
|-damage|p2a: Hippowdon|316\/420 tox|[from] psn
|turn|37
|
|move|p1a: Assassin|Leech Seed|p2a: Hippowdon
|-start|p2a: Hippowdon|move: Leech Seed
|move|p2a: Hippowdon|Earthquake|p1a: Assassin
|-resisted|p1a: Assassin
|-activate|p1a: Assassin|Substitute|[damage]
|
|-weather|Sandstorm|[upkeep]
|-damage|p1a: Assassin|118\/230|[from] sandstorm
|-heal|p1a: Assassin|132\/230|[from] item: Leftovers
|-heal|p2a: Hippowdon|342\/420 tox|[from] item: Leftovers
|-damage|p2a: Hippowdon|290\/420 tox|[from] Leech Seed|[of] p1a: Assassin
|-heal|p1a: Assassin|184\/230|[silent]
|-damage|p2a: Hippowdon|238\/420 tox|[from] psn
|turn|38
|
|move|p1a: Assassin|Toxic|p2a: Hippowdon
|-fail|p2a: Hippowdon|tox
|move|p2a: Hippowdon|Earthquake|p1a: Assassin
|-resisted|p1a: Assassin
|-end|p1a: Assassin|Substitute
|
|-weather|Sandstorm|[upkeep]
|-damage|p1a: Assassin|170\/230|[from] sandstorm
|-heal|p1a: Assassin|184\/230|[from] item: Leftovers
|-heal|p2a: Hippowdon|264\/420 tox|[from] item: Leftovers
|-damage|p2a: Hippowdon|212\/420 tox|[from] Leech Seed|[of] p1a: Assassin
|-heal|p1a: Assassin|230\/230|[silent]
|-damage|p2a: Hippowdon|134\/420 tox|[from] psn
|turn|39
|
|switch|p2a: Starmie|Starmie|261\/261
|-damage|p2a: Starmie|229\/261|[from] Stealth Rock
|move|p1a: Assassin|Substitute|p1a: Assassin
|-start|p1a: Assassin|Substitute
|-damage|p1a: Assassin|173\/230
|
|-weather|Sandstorm|[upkeep]
|-damage|p2a: Starmie|213\/261|[from] sandstorm
|-damage|p1a: Assassin|159\/230|[from] sandstorm
|-heal|p1a: Assassin|173\/230|[from] item: Leftovers
|turn|40
|
|move|p1a: Assassin|Leech Seed|p2a: Starmie
|-start|p2a: Starmie|move: Leech Seed
|move|p2a: Starmie|Scald|p1a: Assassin
|-resisted|p1a: Assassin
|-activate|p1a: Assassin|Substitute|[damage]
|
|-weather|none
|-heal|p1a: Assassin|187\/230|[from] item: Leftovers
|-damage|p2a: Starmie|181\/261|[from] Leech Seed|[of] p1a: Assassin
|-heal|p1a: Assassin|219\/230|[silent]
|turn|41
|
|move|p1a: Assassin|Toxic|p2a: Starmie
|-status|p2a: Starmie|tox
|move|p2a: Starmie|Scald|p1a: Assassin
|-resisted|p1a: Assassin
|-end|p1a: Assassin|Substitute
|
|-heal|p1a: Assassin|230\/230|[from] item: Leftovers
|-damage|p2a: Starmie|149\/261 tox|[from] Leech Seed|[of] p1a: Assassin
|-damage|p2a: Starmie|133\/261 tox|[from] psn
|turn|42
|
|switch|p2a: Galvantula|Galvantula, F|282\/282
|-damage|p2a: Galvantula|212\/282|[from] Stealth Rock
|move|p1a: Assassin|Substitute|p1a: Assassin
|-start|p1a: Assassin|Substitute
|-damage|p1a: Assassin|173\/230
|
|-heal|p1a: Assassin|187\/230|[from] item: Leftovers
|turn|43
|
|switch|p1a: Healer|Blissey, F, shiny|507\/714
|-damage|p1a: Healer|418\/714|[from] Stealth Rock
|-activate|p1a: Healer|move: Sticky Web
|-unboost|p1a: Healer|spe|1
|move|p2a: Galvantula|Bug Buzz|p1a: Healer
|-damage|p1a: Healer|340\/714
|
|-heal|p1a: Healer|384\/714|[from] item: Leftovers
|turn|44
|
|move|p2a: Galvantula|Volt Switch|p1a: Healer
|-damage|p1a: Healer|323\/714
|
|switch|p2a: Starmie|Starmie|133\/261
|-damage|p2a: Starmie|101\/261|[from] Stealth Rock
|move|p1a: Healer|Wish|p1a: Healer
|
|-heal|p1a: Healer|367\/714|[from] item: Leftovers
|turn|45
|
|move|p2a: Starmie|Scald|p1a: Healer
|-damage|p1a: Healer|301\/714
|move|p1a: Healer|Seismic Toss|p2a: Starmie
|-damage|p2a: Starmie|1\/261
|
|-heal|p1a: Healer|658\/714|[from] move: Wish|[wisher] Healer
|-heal|p1a: Healer|702\/714|[from] item: Leftovers
|turn|46
|
|move|p2a: Starmie|Scald|p1a: Healer
|-damage|p1a: Healer|632\/714
|move|p1a: Healer|Seismic Toss|p2a: Starmie
|-damage|p2a: Starmie|0 fnt
|faint|p2a: Starmie
|
|-heal|p1a: Healer|676\/714|[from] item: Leftovers
|
|switch|p2a: Galvantula|Galvantula, F|212\/282
|-damage|p2a: Galvantula|142\/282|[from] Stealth Rock
|turn|47
|
|move|p2a: Galvantula|Thunder|p1a: Healer
|-damage|p1a: Healer|579\/714
|move|p1a: Healer|Seismic Toss|p2a: Galvantula
|-damage|p2a: Galvantula|42\/282
|
|-heal|p1a: Healer|623\/714|[from] item: Leftovers
|turn|48
|
|move|p2a: Galvantula|Thunder|p1a: Healer
|-damage|p1a: Healer|536\/714
|move|p1a: Healer|Wish|p1a: Healer
|
|-heal|p1a: Healer|580\/714|[from] item: Leftovers
|turn|49
|
|switch|p1a: Defender|Shuckle, M|244\/244
|-activate|p1a: Defender|move: Sticky Web
|-boost|p1a: Defender|spe|1
|-damage|p1a: Defender|183\/244|[from] Stealth Rock
|move|p2a: Galvantula|Thunder|p1a: Defender
|-damage|p1a: Defender|99\/244
|
|-heal|p1a: Defender|244\/244|[from] move: Wish|[wisher] Healer
|turn|50
|
|move|p2a: Galvantula|Bug Buzz|p1a: Defender
|-damage|p1a: Defender|184\/244
|move|p1a: Defender|Shell Smash|p1a: Defender
|-unboost|p1a: Defender|atk|2
|-unboost|p1a: Defender|spa|2
|-unboost|p1a: Defender|spe|2
|-boost|p1a: Defender|def|1
|-boost|p1a: Defender|spd|1
|
|-heal|p1a: Defender|199\/244|[from] item: Leftovers
|turn|51
|
|move|p2a: Galvantula|Bug Buzz|p1a: Defender
|-crit|p1a: Defender
|-damage|p1a: Defender|100\/244
|move|p1a: Defender|Shell Smash|p1a: Defender
|-unboost|p1a: Defender|atk|2
|-unboost|p1a: Defender|spa|2
|-unboost|p1a: Defender|spe|2
|-boost|p1a: Defender|def|1
|-boost|p1a: Defender|spd|1
|
|-heal|p1a: Defender|115\/244|[from] item: Leftovers
|turn|52
|
|move|p2a: Galvantula|Bug Buzz|p1a: Defender
|-damage|p1a: Defender|79\/244
|move|p1a: Defender|Shell Smash|p1a: Defender
|-unboost|p1a: Defender|atk|2
|-unboost|p1a: Defender|spa|2
|-unboost|p1a: Defender|spe|2
|-boost|p1a: Defender|def|1
|-boost|p1a: Defender|spd|1
|
|-heal|p1a: Defender|94\/244|[from] item: Leftovers
|turn|53
|
|move|p2a: Galvantula|Thunder|p1a: Defender
|-damage|p1a: Defender|64\/244
|-status|p1a: Defender|par
|move|p1a: Defender|Shell Smash|p1a: Defender
|-unboost|p1a: Defender|spe|2
|-boost|p1a: Defender|def|1
|-boost|p1a: Defender|spd|1
|
|-heal|p1a: Defender|79\/244 par|[from] item: Leftovers
|turn|54
|
|move|p2a: Galvantula|Bug Buzz|p1a: Defender
|-damage|p1a: Defender|58\/244 par
|move|p1a: Defender|Rest|p1a: Defender
|-status|p1a: Defender|slp
|-heal|p1a: Defender|244\/244 slp|[silent]
|-status|p1a: Defender|slp|[from] move: Rest
|
|turn|55
|
|move|p2a: Galvantula|Thunder|p1a: Defender
|-damage|p1a: Defender|216\/244 slp
|cant|p1a: Defender|slp
|
|-heal|p1a: Defender|231\/244 slp|[from] item: Leftovers
|turn|56
|
|move|p2a: Galvantula|Thunder|p1a: Defender
|-damage|p1a: Defender|203\/244 slp
|cant|p1a: Defender|slp
|
|-heal|p1a: Defender|218\/244 slp|[from] item: Leftovers
|turn|57
|
|move|p2a: Galvantula|Thunder|p1a: Defender
|-damage|p1a: Defender|191\/244 slp
|-curestatus|p1a: Defender|slp
|move|p1a: Defender|Shell Smash|p1a: Defender
|-boost|p1a: Defender|def|1
|-boost|p1a: Defender|spd|1
|
|-heal|p1a: Defender|206\/244|[from] item: Leftovers
|turn|58
|
|move|p2a: Galvantula|Thunder|p1a: Defender
|-damage|p1a: Defender|182\/244
|move|p1a: Defender|Shell Smash|p1a: Defender
|-boost|p1a: Defender|def|1
|-boost|p1a: Defender|spd|1
|
|-heal|p1a: Defender|197\/244|[from] item: Leftovers
|turn|59
|
|move|p2a: Galvantula|Thunder|p1a: Defender
|-damage|p1a: Defender|178\/244
|move|p1a: Defender|Shell Smash|p1a: Defender
|-fail|p1a: Defender
|
|-heal|p1a: Defender|193\/244|[from] item: Leftovers
|turn|60
|
|move|p2a: Galvantula|Thunder|p1a: Defender
|-damage|p1a: Defender|174\/244
|move|p1a: Defender|Shell Smash|p1a: Defender
|-fail|p1a: Defender
|
|-heal|p1a: Defender|189\/244|[from] item: Leftovers
|turn|61
|
|move|p2a: Galvantula|Bug Buzz|p1a: Defender
|-damage|p1a: Defender|173\/244
|move|p1a: Defender|Shell Smash|p1a: Defender
|-fail|p1a: Defender
|
|-heal|p1a: Defender|188\/244|[from] item: Leftovers
|turn|62
|
|move|p2a: Galvantula|Sticky Web|p1a: Defender
|-fail|p1a: Defender
|move|p1a: Defender|Shell Smash|p1a: Defender
|-fail|p1a: Defender
|
|-heal|p1a: Defender|203\/244|[from] item: Leftovers
|turn|63
|
|move|p2a: Galvantula|Volt Switch|p1a: Defender
|-damage|p1a: Defender|191\/244
|
|switch|p2a: Hippowdon|Hippowdon, F, shiny|134\/420 tox
|-damage|p2a: Hippowdon|108\/420 tox|[from] Stealth Rock
|-weather|Sandstorm
|move|p1a: Defender|Shell Smash|p1a: Defender
|-fail|p1a: Defender
|
|-weather|Sandstorm|[upkeep]
|-heal|p2a: Hippowdon|134\/420 tox|[from] item: Leftovers
|-heal|p1a: Defender|206\/244|[from] item: Leftovers
|-damage|p2a: Hippowdon|108\/420 tox|[from] psn
|turn|64
|
|move|p2a: Hippowdon|Slack Off|p2a: Hippowdon
|-heal|p2a: Hippowdon|318\/420 tox
|move|p1a: Defender|Infestation|p2a: Hippowdon
|-damage|p2a: Hippowdon|317\/420 tox
|-activate|p2a: Hippowdon|move: Infestation|[of] p1a: Defender
|
|-weather|Sandstorm|[upkeep]
|-heal|p2a: Hippowdon|343\/420 tox|[from] item: Leftovers
|-heal|p1a: Defender|221\/244|[from] item: Leftovers
|-damage|p2a: Hippowdon|291\/420 tox|[from] psn
|-damage|p2a: Hippowdon|239\/420 tox|[from] move: Infestation|[partiallytrapped]
|turn|65
|
|move|p2a: Hippowdon|Earthquake|p1a: Defender
|-damage|p1a: Defender|209\/244
|move|p1a: Defender|Shell Smash|p1a: Defender
|-fail|p1a: Defender
|
|-weather|Sandstorm|[upkeep]
|-heal|p2a: Hippowdon|265\/420 tox|[from] item: Leftovers
|-heal|p1a: Defender|224\/244|[from] item: Leftovers
|-damage|p2a: Hippowdon|187\/420 tox|[from] psn
|-damage|p2a: Hippowdon|135\/420 tox|[from] move: Infestation|[partiallytrapped]
|turn|66
|
|move|p2a: Hippowdon|Toxic|p1a: Defender
|-status|p1a: Defender|tox
|move|p1a: Defender|Shell Smash|p1a: Defender
|-fail|p1a: Defender
|
|-weather|Sandstorm|[upkeep]
|-heal|p2a: Hippowdon|161\/420 tox|[from] item: Leftovers
|-heal|p1a: Defender|239\/244 tox|[from] item: Leftovers
|-damage|p2a: Hippowdon|57\/420 tox|[from] psn
|-damage|p1a: Defender|224\/244 tox|[from] psn
|-damage|p2a: Hippowdon|5\/420 tox|[from] move: Infestation|[partiallytrapped]
|turn|67
|
|move|p2a: Hippowdon|Slack Off|p2a: Hippowdon
|-heal|p2a: Hippowdon|215\/420 tox
|move|p1a: Defender|Rest|p1a: Defender
|-status|p1a: Defender|slp
|-heal|p1a: Defender|244\/244 slp|[silent]
|-status|p1a: Defender|slp|[from] move: Rest
|
|-weather|none
|-heal|p2a: Hippowdon|241\/420 tox|[from] item: Leftovers
|-damage|p2a: Hippowdon|111\/420 tox|[from] psn
|-damage|p2a: Hippowdon|59\/420 tox|[from] move: Infestation|[partiallytrapped]
|turn|68
|
|move|p2a: Hippowdon|Slack Off|p2a: Hippowdon
|-heal|p2a: Hippowdon|269\/420 tox
|cant|p1a: Defender|slp
|
|-heal|p2a: Hippowdon|295\/420 tox|[from] item: Leftovers
|-damage|p2a: Hippowdon|139\/420 tox|[from] psn
|-end|p2a: Hippowdon|Infestation|[partiallytrapped]
|turn|69
|
|move|p2a: Hippowdon|Slack Off|p2a: Hippowdon
|-heal|p2a: Hippowdon|349\/420 tox
|cant|p1a: Defender|slp
|
|-heal|p2a: Hippowdon|375\/420 tox|[from] item: Leftovers
|-damage|p2a: Hippowdon|193\/420 tox|[from] psn
|turn|70
|
|move|p2a: Hippowdon|Slack Off|p2a: Hippowdon
|-heal|p2a: Hippowdon|403\/420 tox
|-curestatus|p1a: Defender|slp
|move|p1a: Defender|Infestation|p2a: Hippowdon
|-damage|p2a: Hippowdon|402\/420 tox
|-activate|p2a: Hippowdon|move: Infestation|[of] p1a: Defender
|
|-heal|p2a: Hippowdon|420\/420 tox|[from] item: Leftovers
|-damage|p2a: Hippowdon|212\/420 tox|[from] psn
|-damage|p2a: Hippowdon|160\/420 tox|[from] move: Infestation|[partiallytrapped]
|turn|71
|
|move|p2a: Hippowdon|Slack Off|p2a: Hippowdon
|-heal|p2a: Hippowdon|370\/420 tox
|move|p1a: Defender|Shell Smash|p1a: Defender
|-fail|p1a: Defender
|
|-heal|p2a: Hippowdon|396\/420 tox|[from] item: Leftovers
|-damage|p2a: Hippowdon|162\/420 tox|[from] psn
|-damage|p2a: Hippowdon|110\/420 tox|[from] move: Infestation|[partiallytrapped]
|turn|72
|
|move|p2a: Hippowdon|Slack Off|p2a: Hippowdon
|-heal|p2a: Hippowdon|320\/420 tox
|move|p1a: Defender|Shell Smash|p1a: Defender
|-fail|p1a: Defender
|
|-heal|p2a: Hippowdon|346\/420 tox|[from] item: Leftovers
|-damage|p2a: Hippowdon|86\/420 tox|[from] psn
|-damage|p2a: Hippowdon|34\/420 tox|[from] move: Infestation|[partiallytrapped]
|turn|73
|
|move|p2a: Hippowdon|Slack Off|p2a: Hippowdon
|-heal|p2a: Hippowdon|244\/420 tox
|move|p1a: Defender|Shell Smash|p1a: Defender
|-fail|p1a: Defender
|
|-heal|p2a: Hippowdon|270\/420 tox|[from] item: Leftovers
|-damage|p2a: Hippowdon|0 fnt|[from] psn
|faint|p2a: Hippowdon
|
|switch|p2a: Galvantula|Galvantula, F|42\/282
|-damage|p2a: Galvantula|0 fnt|[from] Stealth Rock
|faint|p2a: Galvantula
|
|win|Ritualist
|raw|Ladder updating...
|raw|Ritualist's rating: 1425 &rarr; <strong>1432<\/strong><br \/>(+7 for winning)
|raw|cramersleuth's rating: 1139 &rarr; <strong>1131<\/strong><br \/>(-8 for losing)
|leave|cramersleuth
|player|p2