|join|feng
|join|Ritualist
|player|p1|feng|23
|player|p2|Ritualist|205
|gametype|singles
|gen|6
|tier|UU
|rated
|rule|Sleep Clause Mod: Limit one foe put to sleep
|rule|Species Clause: Limit one of each PokÃ©mon
|rule|OHKO Clause: OHKO moves are banned
|rule|Moody Clause: Moody is banned
|rule|Evasion Moves Clause: Evasion moves are banned
|rule|Endless Battle Clause: Forcing endless battles is banned
|rule|HP Percentage Mod: HP is shown in percentages
|clearpoke
|poke|p1|Blissey, F
|poke|p1|Zygarde
|poke|p1|Aromatisse, M
|poke|p1|Jellicent, F
|poke|p1|Forretress, F
|poke|p1|Dragalge, F
|poke|p2|Donphan, M
|poke|p2|Blissey, F, shiny
|poke|p2|Cloyster, M, shiny
|poke|p2|Whimsicott, F
|poke|p2|Shuckle, M
|poke|p2|Jirachi
|rule|Swagger Clause: Swagger is banned
|rule|Baton Pass Clause: Limit one PokÃ©mon knowing Baton Pass
|teampreview
|
|start
|switch|p1a: Dragalge|Dragalge, F|334\/334
|switch|p2a: Magician|Jirachi|342\/342
|turn|1
|
|switch|p1a: Forretress|Forretress, F|354\/354
|move|p2a: Magician|Thunder Wave|p1a: Forretress
|-status|p1a: Forretress|par
|
|turn|2
|
|move|p2a: Magician|Stealth Rock|p1a: Forretress
|-sidestart|p1: feng|move: Stealth Rock
|move|p1a: Forretress|Volt Switch|p2a: Magician
|-damage|p2a: Magician|305\/342
|
|switch|p1a: Jellicent|Jellicent, F|393\/393
|-damage|p1a: Jellicent|344\/393|[from] Stealth Rock
|
|-heal|p2a: Magician|326\/342|[from] item: Leftovers
|-heal|p1a: Jellicent|368\/393|[from] item: Leftovers
|turn|3
|join|Samsung2310
|
|move|p2a: Magician|Thunder Wave|p1a: Jellicent
|-status|p1a: Jellicent|par
|move|p1a: Jellicent|Will-O-Wisp|p2a: Magician
|-status|p2a: Magician|brn
|
|-heal|p2a: Magician|342\/342 brn|[from] item: Leftovers
|-heal|p1a: Jellicent|392\/393 par|[from] item: Leftovers
|-damage|p2a: Magician|300\/342 brn|[from] brn
|turn|4
|
|switch|p1a: Forretress|Forretress, F|354\/354 par
|-damage|p1a: Forretress|310\/354 par|[from] Stealth Rock
|move|p2a: Magician|U-turn|p1a: Forretress
|-resisted|p1a: Forretress
|-damage|p1a: Forretress|299\/354 par
|
|switch|p2a: Healer|Blissey, F, shiny|714\/714
|
|-heal|p1a: Forretress|321\/354 par|[from] item: Leftovers
|turn|5
|
|move|p2a: Healer|Heal Bell|p2a: Healer
|-cureteam|p2a: Healer|[from] move: HealBell
|move|p1a: Forretress|Rapid Spin|p2a: Healer
|-damage|p2a: Healer|652\/714
|-sideend|p1: feng|Stealth Rock|[from] move: Rapid Spin|[of] p1a: Forretress
|
|-heal|p2a: Healer|696\/714|[from] item: Leftovers
|-heal|p1a: Forretress|343\/354 par|[from] item: Leftovers
|turn|6
|
|switch|p2a: Magician|Jirachi|300\/342
|cant|p1a: Forretress|par
|
|-heal|p2a: Magician|321\/342|[from] item: Leftovers
|-heal|p1a: Forretress|354\/354 par|[from] item: Leftovers
|turn|7
|
|move|p2a: Magician|Stealth Rock|p1a: Forretress
|-sidestart|p1: feng|move: Stealth Rock
|move|p1a: Forretress|Stealth Rock|p2a: Magician
|-sidestart|p2: Ritualist|move: Stealth Rock
|
|-heal|p2a: Magician|342\/342|[from] item: Leftovers
|turn|8
|
|move|p2a: Magician|U-turn|p1a: Forretress
|-resisted|p1a: Forretress
|-damage|p1a: Forretress|335\/354 par
|
|switch|p2a: Warrior|Donphan, M|381\/381
|-damage|p2a: Warrior|358\/381|[from] Stealth Rock
|move|p1a: Forretress|Toxic|p2a: Warrior
|-status|p2a: Warrior|tox
|
|-heal|p2a: Warrior|381\/381 tox|[from] item: Leftovers
|-heal|p1a: Forretress|354\/354 par|[from] item: Leftovers
|-damage|p2a: Warrior|358\/381 tox|[from] psn
|turn|9
|
|move|p2a: Warrior|Knock Off|p1a: Forretress
|-damage|p1a: Forretress|301\/354 par
|-enditem|p1a: Forretress|Leftovers|[from] move: Knock Off|[of] p2a: Warrior
|move|p1a: Forretress|Rapid Spin|p2a: Warrior
|-damage|p2a: Warrior|348\/381 tox
|-sideend|p1: feng|Stealth Rock|[from] move: Rapid Spin|[of] p1a: Forretress
|
|-heal|p2a: Warrior|371\/381 tox|[from] item: Leftovers
|-damage|p2a: Warrior|325\/381 tox|[from] psn
|turn|10
|
|switch|p1a: Jellicent|Jellicent, F|392\/393 par
|move|p2a: Warrior|Rapid Spin|p1a: Jellicent
|-immune|p1a: Jellicent|[msg]
|
|-heal|p2a: Warrior|348\/381 tox|[from] item: Leftovers
|-heal|p1a: Jellicent|393\/393 par|[from] item: Leftovers
|-damage|p2a: Warrior|279\/381 tox|[from] psn
|turn|11
|
|switch|p2a: Healer|Blissey, F, shiny|696\/714
|-damage|p2a: Healer|607\/714|[from] Stealth Rock
|cant|p1a: Jellicent|par
|
|-heal|p2a: Healer|651\/714|[from] item: Leftovers
|turn|12
|
|switch|p1a: Dragalge|Dragalge, F|334\/334
|move|p2a: Healer|Heal Bell|p2a: Healer
|-cureteam|p2a: Healer|[from] move: HealBell
|
|-heal|p2a: Healer|695\/714|[from] item: Leftovers
|turn|13
|
|switch|p2a: Warrior|Donphan, M|279\/381
|-damage|p2a: Warrior|256\/381|[from] Stealth Rock
|move|p1a: Dragalge|Toxic Spikes|p2a: Warrior
|-sidestart|p2: Ritualist|move: Toxic Spikes
|
|-heal|p2a: Warrior|279\/381|[from] item: Leftovers
|turn|14
|
|switch|p1a: Jellicent|Jellicent, F|393\/393 par
|move|p2a: Warrior|Knock Off|p1a: Jellicent
|-supereffective|p1a: Jellicent
|-damage|p1a: Jellicent|233\/393 par
|-enditem|p1a: Jellicent|Leftovers|[from] move: Knock Off|[of] p2a: Warrior
|
|-heal|p2a: Warrior|302\/381|[from] item: Leftovers
|turn|15
|
|move|p2a: Warrior|Earthquake|p1a: Jellicent
|-damage|p1a: Jellicent|104\/393 par
|move|p1a: Jellicent|Recover|p1a: Jellicent
|-heal|p1a: Jellicent|301\/393 par
|
|-heal|p2a: Warrior|325\/381|[from] item: Leftovers
|turn|16
|
|move|p2a: Warrior|Knock Off|p1a: Jellicent
|-supereffective|p1a: Jellicent
|-damage|p1a: Jellicent|199\/393 par
|move|p1a: Jellicent|Recover|p1a: Jellicent
|-heal|p1a: Jellicent|393\/393 par
|
|-heal|p2a: Warrior|348\/381|[from] item: Leftovers
|turn|17
|
|switch|p2a: Magician|Jirachi|342\/342
|-damage|p2a: Magician|321\/342|[from] Stealth Rock
|move|p1a: Jellicent|Scald|p2a: Magician
|-damage|p2a: Magician|242\/342
|
|-heal|p2a: Magician|263\/342|[from] item: Leftovers
|turn|18
|
|move|p2a: Magician|Stealth Rock|p1a: Jellicent
|-sidestart|p1: feng|move: Stealth Rock
|move|p1a: Jellicent|Will-O-Wisp|p2a: Magician
|-status|p2a: Magician|brn
|
|-heal|p2a: Magician|284\/342 brn|[from] item: Leftovers
|-damage|p2a: Magician|242\/342 brn|[from] brn
|turn|19
|
|move|p2a: Magician|U-turn|p1a: Jellicent
|-resisted|p1a: Jellicent
|-damage|p1a: Jellicent|378\/393 par
|
|switch|p2a: Healer|Blissey, F, shiny|695\/714
|-damage|p2a: Healer|606\/714|[from] Stealth Rock
|-status|p2a: Healer|psn
|move|p1a: Jellicent|Scald|p2a: Healer
|-damage|p2a: Healer|555\/714 psn
|
|-heal|p2a: Healer|599\/714 psn|[from] item: Leftovers
|-damage|p2a: Healer|510\/714 psn|[from] psn
|turn|20
|
|switch|p1a: Aromatisse|Aromatisse, M|406\/406
|-damage|p1a: Aromatisse|356\/406|[from] Stealth Rock
|move|p2a: Healer|Heal Bell|p2a: Healer
|-cureteam|p2a: Healer|[from] move: HealBell
|
|-heal|p2a: Healer|554\/714|[from] item: Leftovers
|-heal|p1a: Aromatisse|381\/406|[from] item: Leftovers
|turn|21
|
|switch|p2a: Magician|Jirachi|242\/342
|-damage|p2a: Magician|221\/342|[from] Stealth Rock
|move|p1a: Aromatisse|Aromatherapy|p1a: Aromatisse
|-cureteam|p1a: Aromatisse|[from] move: Aromatherapy
|
|-heal|p2a: Magician|242\/342|[from] item: Leftovers
|-heal|p1a: Aromatisse|406\/406|[from] item: Leftovers
|turn|22
|
|switch|p1a: Zygarde|Zygarde|405\/405
|-damage|p1a: Zygarde|380\/405|[from] Stealth Rock
|-ability|p1a: Zygarde|Aura Break
|move|p2a: Magician|Thunder Wave|p1a: Zygarde
|-immune|p1a: Zygarde|[msg]
|
|-heal|p2a: Magician|263\/342|[from] item: Leftovers
|-heal|p1a: Zygarde|405\/405|[from] item: Leftovers
|turn|23
|
|move|p2a: Magician|U-turn|p1a: Zygarde
|-damage|p1a: Zygarde|345\/405
|
|switch|p2a: Warrior|Donphan, M|348\/381
|-damage|p2a: Warrior|325\/381|[from] Stealth Rock
|-status|p2a: Warrior|psn
|move|p1a: Zygarde|Earthquake|p2a: Warrior
|-damage|p2a: Warrior|244\/381 psn
|
|-heal|p1a: Zygarde|370\/405|[from] item: Leftovers
|-heal|p2a: Warrior|267\/381 psn|[from] item: Leftovers
|-damage|p2a: Warrior|220\/381 psn|[from] psn
|turn|24
|
|switch|p1a: Jellicent|Jellicent, F|378\/393
|-damage|p1a: Jellicent|329\/393|[from] Stealth Rock
|move|p2a: Warrior|Rapid Spin|p1a: Jellicent
|-immune|p1a: Jellicent|[msg]
|
|-heal|p2a: Warrior|243\/381 psn|[from] item: Leftovers
|-damage|p2a: Warrior|196\/381 psn|[from] psn
|turn|25
|
|switch|p2a: Healer|Blissey, F, shiny|554\/714
|-status|p2a: Healer|psn
|-damage|p2a: Healer|465\/714 psn|[from] Stealth Rock
|move|p1a: Jellicent|Scald|p2a: Healer
|-damage|p2a: Healer|419\/714 psn
|
|-heal|p2a: Healer|463\/714 psn|[from] item: Leftovers
|-damage|p2a: Healer|374\/714 psn|[from] psn
|turn|26
|
|move|p1a: Jellicent|Taunt|p2a: Healer
|-start|p2a: Healer|move: Taunt
|cant|p2a: Healer|move: Taunt|Wish
|
|-heal|p2a: Healer|418\/714 psn|[from] item: Leftovers
|-damage|p2a: Healer|329\/714 psn|[from] psn
|turn|27
|
|switch|p1a: Dragalge|Dragalge, F|334\/334
|-damage|p1a: Dragalge|293\/334|[from] Stealth Rock
|switch|p2a: Assassin|Whimsicott, F|230\/230
|-damage|p2a: Assassin|202\/230|[from] Stealth Rock
|-status|p2a: Assassin|psn
|
|-heal|p2a: Assassin|216\/230 psn|[from] item: Leftovers
|-heal|p1a: Dragalge|313\/334|[from] item: Black Sludge
|-damage|p2a: Assassin|188\/230 psn|[from] psn
|turn|28
|
|move|p2a: Assassin|Leech Seed|p1a: Dragalge
|-start|p1a: Dragalge|move: Leech Seed
|move|p1a: Dragalge|Toxic Spikes|p2a: Assassin
|-sidestart|p2: Ritualist|move: Toxic Spikes
|
|-heal|p2a: Assassin|202\/230 psn|[from] item: Leftovers
|-heal|p1a: Dragalge|333\/334|[from] item: Black Sludge
|-damage|p1a: Dragalge|292\/334|[from] Leech Seed|[of] p2a: Assassin
|-heal|p2a: Assassin|230\/230 psn|[silent]
|-damage|p2a: Assassin|202\/230 psn|[from] psn
|turn|29
|
|switch|p2a: Magician|Jirachi|263\/342
|-damage|p2a: Magician|242\/342|[from] Stealth Rock
|switch|p1a: Forretress|Forretress, F|301\/354
|-damage|p1a: Forretress|257\/354|[from] Stealth Rock
|
|-heal|p2a: Magician|263\/342|[from] item: Leftovers
|turn|30
|
|move|p2a: Magician|Thunder Wave|p1a: Forretress
|-status|p1a: Forretress|par
|move|p1a: Forretress|Volt Switch|p2a: Magician
|-damage|p2a: Magician|227\/342
|
|switch|p1a: Zygarde|Zygarde|370\/405
|-damage|p1a: Zygarde|345\/405|[from] Stealth Rock
|-ability|p1a: Zygarde|Aura Break
|
|-heal|p2a: Magician|248\/342|[from] item: Leftovers
|-heal|p1a: Zygarde|370\/405|[from] item: Leftovers
|turn|31
|
|move|p2a: Magician|Iron Head|p1a: Zygarde
|-damage|p1a: Zygarde|264\/405
|move|p1a: Zygarde|Earthquake|p2a: Magician
|-supereffective|p2a: Magician
|-damage|p2a: Magician|30\/342
|
|-heal|p2a: Magician|51\/342|[from] item: Leftovers
|-heal|p1a: Zygarde|289\/405|[from] item: Leftovers
|turn|32
|
|move|p2a: Magician|Iron Head|p1a: Zygarde
|-damage|p1a: Zygarde|189\/405
|cant|p1a: Zygarde|flinch
|
|-heal|p2a: Magician|72\/342|[from] item: Leftovers
|-heal|p1a: Zygarde|214\/405|[from] item: Leftovers
|turn|33
|
|switch|p1a: Jellicent|Jellicent, F|329\/393
|-damage|p1a: Jellicent|280\/393|[from] Stealth Rock
|move|p2a: Magician|Iron Head|p1a: Jellicent
|-resisted|p1a: Jellicent
|-damage|p1a: Jellicent|222\/393
|
|-heal|p2a: Magician|93\/342|[from] item: Leftovers
|turn|34
|
|move|p2a: Magician|Iron Head|p1a: Jellicent
|-resisted|p1a: Jellicent
|-damage|p1a: Jellicent|169\/393
|cant|p1a: Jellicent|flinch
|
|-heal|p2a: Magician|114\/342|[from] item: Leftovers
|turn|35
|
|move|p2a: Magician|Iron Head|p1a: Jellicent
|-resisted|p1a: Jellicent
|-damage|p1a: Jellicent|115\/393
|cant|p1a: Jellicent|flinch
|
|-heal|p2a: Magician|135\/342|[from] item: Leftovers
|turn|36
|
|switch|p1a: Forretress|Forretress, F|257\/354 par
|-damage|p1a: Forretress|213\/354 par|[from] Stealth Rock
|move|p2a: Magician|Iron Head|p1a: Forretress
|-resisted|p1a: Forretress
|-damage|p1a: Forretress|180\/354 par
|
|-heal|p2a: Magician|156\/342|[from] item: Leftovers
|turn|37
|
|switch|p1a: Blissey|Blissey, F|714\/714
|-damage|p1a: Blissey|625\/714|[from] Stealth Rock
|move|p2a: Magician|U-turn|p1a: Blissey
|-damage|p1a: Blissey|509\/714
|
|switch|p2a: Warrior|Donphan, M|196\/381 psn
|-damage|p2a: Warrior|173\/381 psn|[from] Stealth Rock
|
|-heal|p1a: Blissey|553\/714|[from] item: Leftovers
|-heal|p2a: Warrior|196\/381 psn|[from] item: Leftovers
|-damage|p2a: Warrior|149\/381 psn|[from] psn
|turn|38
|
|move|p1a: Blissey|Protect|p1a: Blissey
|-singleturn|p1a: Blissey|Protect
|move|p2a: Warrior|Knock Off|p1a: Blissey
|-activate|p1a: Blissey|Protect
|
|-heal|p1a: Blissey|597\/714|[from] item: Leftovers
|-heal|p2a: Warrior|172\/381 psn|[from] item: Leftovers
|-damage|p2a: Warrior|125\/381 psn|[from] psn
|turn|39
|
|move|p1a: Blissey|Seismic Toss|p2a: Warrior
|-damage|p2a: Warrior|25\/381 psn
|move|p2a: Warrior|Rapid Spin|p1a: Blissey
|-damage|p1a: Blissey|560\/714
|-sideend|p2: Ritualist|Toxic Spikes|[from] move: Rapid Spin|[of] p2a: Warrior
|-sideend|p2: Ritualist|Stealth Rock|[from] move: Rapid Spin|[of] p2a: Warrior
|
|-heal|p1a: Blissey|604\/714|[from] item: Leftovers
|-heal|p2a: Warrior|48\/381 psn|[from] item: Leftovers
|-damage|p2a: Warrior|1\/381 psn|[from] psn
|turn|40
|
|switch|p2a: Healer|Blissey, F, shiny|329\/714
|move|p1a: Blissey|Wish|p1a: Blissey
|
|-heal|p1a: Blissey|648\/714|[from] item: Leftovers
|-heal|p2a: Healer|373\/714|[from] item: Leftovers
|turn|41
|
|switch|p1a: Jellicent|Jellicent, F|115\/393
|-damage|p1a: Jellicent|66\/393|[from] Stealth Rock
|move|p2a: Healer|Seismic Toss|p1a: Jellicent
|-immune|p1a: Jellicent|[msg]
|
|-heal|p1a: Jellicent|393\/393|[from] move: Wish|[wisher] Blissey
|-heal|p2a: Healer|417\/714|[from] item: Leftovers
|turn|42
|
|move|p1a: Jellicent|Taunt|p2a: Healer
|-start|p2a: Healer|move: Taunt
|cant|p2a: Healer|move: Taunt|Heal Bell
|
|-heal|p2a: Healer|461\/714|[from] item: Leftovers
|turn|43
|
|switch|p2a: Assassin|Whimsicott, F|202\/230 psn
|move|p1a: Jellicent|Will-O-Wisp|p2a: Assassin
|-fail|p2a: Assassin
|
|-heal|p2a: Assassin|216\/230 psn|[from] item: Leftovers
|-damage|p2a: Assassin|188\/230 psn|[from] psn
|turn|44
|
|switch|p1a: Blissey|Blissey, F|648\/714
|-damage|p1a: Blissey|559\/714|[from] Stealth Rock
|move|p2a: Assassin|Leech Seed|p1a: Blissey
|-start|p1a: Blissey|move: Leech Seed
|
|-heal|p2a: Assassin|202\/230 psn|[from] item: Leftovers
|-heal|p1a: Blissey|603\/714|[from] item: Leftovers
|-damage|p1a: Blissey|514\/714|[from] Leech Seed|[of] p2a: Assassin
|-heal|p2a: Assassin|230\/230 psn|[silent]
|-damage|p2a: Assassin|202\/230 psn|[from] psn
|turn|45
|
|switch|p2a: Ranger|Cloyster, M, shiny|241\/241
|move|p1a: Blissey|Wish|p1a: Blissey
|
|-heal|p1a: Blissey|558\/714|[from] item: Leftovers
|-damage|p1a: Blissey|469\/714|[from] Leech Seed|[of] p2a: Ranger
|turn|46
|
|switch|p1a: Forretress|Forretress, F|180\/354 par
|-damage|p1a: Forretress|136\/354 par|[from] Stealth Rock
|move|p2a: Ranger|Shell Smash|p2a: Ranger
|-boost|p2a: Ranger|atk|2
|-boost|p2a: Ranger|spa|2
|-boost|p2a: Ranger|spe|2
|-unboost|p2a: Ranger|def|1
|-unboost|p2a: Ranger|spd|1
|
|-heal|p1a: Forretress|354\/354 par|[from] move: Wish|[wisher] Blissey
|turn|47
|
|move|p2a: Ranger|Substitute|p2a: Ranger
|-start|p2a: Ranger|Substitute
|-damage|p2a: Ranger|181\/241
|move|p1a: Forretress|Volt Switch|p2a: Ranger
|-supereffective|p2a: Ranger
|-end|p2a: Ranger|Substitute
|
|switch|p1a: Aromatisse|Aromatisse, M|406\/406
|-damage|p1a: Aromatisse|356\/406|[from] Stealth Rock
|
|-heal|p1a: Aromatisse|381\/406|[from] item: Leftovers
|turn|48
|
|move|p2a: Ranger|Icicle Spear|p1a: Aromatisse
|-damage|p1a: Aromatisse|312\/406
|-damage|p1a: Aromatisse|240\/406
|-damage|p1a: Aromatisse|171\/406
|-damage|p1a: Aromatisse|101\/406
|-damage|p1a: Aromatisse|35\/406
|-hitcount|p1a: Aromatisse|5
|move|p1a: Aromatisse|Moonblast|p2a: Ranger
|-damage|p2a: Ranger|0 fnt
|faint|p2a: Ranger
|
|-heal|p1a: Aromatisse|60\/406|[from] item: Leftovers
|
|switch|p2a: Magician|Jirachi|156\/342
|turn|49
|
|switch|p1a: Forretress|Forretress, F|354\/354 par
|-damage|p1a: Forretress|310\/354 par|[from] Stealth Rock
|move|p2a: Magician|U-turn|p1a: Forretress
|-resisted|p1a: Forretress
|-damage|p1a: Forretress|288\/354 par
|
|switch|p2a: Healer|Blissey, F, shiny|461\/714
|
|-heal|p2a: Healer|505\/714|[from] item: Leftovers
|turn|50
|
|move|p2a: Healer|Heal Bell|p2a: Healer
|-cureteam|p2a: Healer|[from] move: HealBell
|move|p1a: Forretress|Stealth Rock|p2a: Healer
|-sidestart|p2: Ritualist|move: Stealth Rock
|
|-heal|p2a: Healer|549\/714|[from] item: Leftovers
|turn|51
|
|move|p2a: Healer|Wish|p2a: Healer
|move|p1a: Forretress|Rapid Spin|p2a: Healer
|-crit|p2a: Healer
|-damage|p2a: Healer|453\/714
|-sideend|p1: feng|Stealth Rock|[from] move: Rapid Spin|[of] p1a: Forretress
|
|-heal|p2a: Healer|497\/714|[from] item: Leftovers
|turn|52
|
|switch|p2a: Magician|Jirachi|156\/342
|-damage|p2a: Magician|135\/342|[from] Stealth Rock
|move|p1a: Forretress|Volt Switch|p2a: Magician
|-damage|p2a: Magician|101\/342
|
|switch|p1a: Jellicent|Jellicent, F|393\/393
|
|-heal|p2a: Magician|342\/342|[from] move: Wish|[wisher] Healer
|turn|53
|
|move|p2a: Magician|Thunder Wave|p1a: Jellicent
|-status|p1a: Jellicent|par
|cant|p1a: Jellicent|par
|
|turn|54
|
|move|p2a: Magician|Iron Head|p1a: Jellicent
|-resisted|p1a: Jellicent
|-damage|p1a: Jellicent|338\/393 par
|move|p1a: Jellicent|Will-O-Wisp|p2a: Magician|[miss]
|-miss|p1a: Jellicent|p2a: Magician
|
|turn|55
|
|move|p2a: Magician|Iron Head|p1a: Jellicent
|-resisted|p1a: Jellicent
|-damage|p1a: Jellicent|288\/393 par
|cant|p1a: Jellicent|flinch
|
|turn|56
|
|move|p2a: Magician|Iron Head|p1a: Jellicent
|-resisted|p1a: Jellicent
|-damage|p1a: Jellicent|230\/393 par
|cant|p1a: Jellicent|flinch
|
|turn|57
|
|switch|p1a: Aromatisse|Aromatisse, M|60\/406
|move|p2a: Magician|Iron Head|p1a: Aromatisse
|-supereffective|p1a: Aromatisse
|-damage|p1a: Aromatisse|0 fnt
|faint|p1a: Aromatisse
|
|
|switch|p1a: Blissey|Blissey, F|469\/714
|turn|58
|
|move|p1a: Blissey|Protect|p1a: Blissey
|-singleturn|p1a: Blissey|Protect
|move|p2a: Magician|Iron Head|p1a: Blissey
|-activate|p1a: Blissey|Protect
|
|-heal|p1a: Blissey|513\/714|[from] item: Leftovers
|turn|59
|
|move|p2a: Magician|Iron Head|p1a: Blissey
|-damage|p1a: Blissey|290\/714
|cant|p1a: Blissey|flinch
|
|-heal|p1a: Blissey|334\/714|[from] item: Leftovers
|turn|60
|
|move|p1a: Blissey|Protect|p1a: Blissey
|-singleturn|p1a: Blissey|Protect
|move|p2a: Magician|Stealth Rock|p1a: Blissey
|-sidestart|p1: feng|move: Stealth Rock
|
|-heal|p1a: Blissey|378\/714|[from] item: Leftovers
|turn|61
|
|move|p2a: Magician|Iron Head|p1a: Blissey
|-damage|p1a: Blissey|173\/714
|cant|p1a: Blissey|flinch
|
|-heal|p1a: Blissey|217\/714|[from] item: Leftovers
|turn|62
|
|move|p1a: Blissey|Protect|p1a: Blissey
|-singleturn|p1a: Blissey|Protect
|move|p2a: Magician|Iron Head|p1a: Blissey
|-activate|p1a: Blissey|Protect
|
|-heal|p1a: Blissey|261\/714|[from] item: Leftovers
|turn|63
|
|move|p2a: Magician|Iron Head|p1a: Blissey
|-damage|p1a: Blissey|35\/714
|move|p1a: Blissey|Counter|p2a: Magician
|-damage|p2a: Magician|0 fnt
|faint|p2a: Magician
|
|-heal|p1a: Blissey|79\/714|[from] item: Leftovers
|c|âfeng|fucking fagget
|
|switch|p2a: Assassin|Whimsicott, F|202\/230
|-damage|p2a: Assassin|174\/230|[from] Stealth Rock
|turn|64
|
|move|p1a: Blissey|Protect|p1a: Blissey
|-singleturn|p1a: Blissey|Protect
|move|p2a: Assassin|Encore|p1a: Blissey
|-activate|p1a: Blissey|Protect
|
|-heal|p2a: Assassin|188\/230|[from] item: Leftovers
|-heal|p1a: Blissey|123\/714|[from] item: Leftovers
|turn|65
|
|move|p1a: Blissey|Protect|p1a: Blissey
|-fail|p1a: Blissey
|move|p2a: Assassin|Leech Seed|p1a: Blissey
|-start|p1a: Blissey|move: Leech Seed
|
|-heal|p2a: Assassin|202\/230|[from] item: Leftovers
|-heal|p1a: Blissey|167\/714|[from] item: Leftovers
|-damage|p1a: Blissey|78\/714|[from] Leech Seed|[of] p2a: Assassin
|-heal|p2a: Assassin|230\/230|[silent]
|turn|66
|
|move|p2a: Assassin|Encore|p1a: Blissey
|-start|p1a: Blissey|Encore
|move|p1a: Blissey|Protect|p1a: Blissey
|-fail|p1a: Blissey
|
|-heal|p1a: Blissey|122\/714|[from] item: Leftovers
|-damage|p1a: Blissey|33\/714|[from] Leech Seed|[of] p2a: Assassin
|turn|67
|
|move|p1a: Blissey|Protect|p1a: Blissey
|-singleturn|p1a: Blissey|Protect
|move|p2a: Assassin|Substitute|p2a: Assassin
|-start|p2a: Assassin|Substitute
|-damage|p2a: Assassin|173\/230
|
|-heal|p2a: Assassin|187\/230|[from] item: Leftovers
|-heal|p1a: Blissey|77\/714|[from] item: Leftovers
|-damage|p1a: Blissey|0 fnt|[from] Leech Seed|[of] p2a: Assassin
|-heal|p2a: Assassin|230\/230|[silent]
|faint|p1a: Blissey
|
|switch|p1a: Dragalge|Dragalge, F|292\/334
|-damage|p1a: Dragalge|251\/334|[from] Stealth Rock
|turn|68
|
|move|p2a: Assassin|Leech Seed|p1a: Dragalge
|-start|p1a: Dragalge|move: Leech Seed
|move|p1a: Dragalge|Sludge Bomb|p2a: Assassin
|-supereffective|p2a: Assassin
|-end|p2a: Assassin|Substitute
|
|-heal|p1a: Dragalge|271\/334|[from] item: Black Sludge
|-damage|p1a: Dragalge|230\/334|[from] Leech Seed|[of] p2a: Assassin
|turn|69
|
|move|p2a: Assassin|Substitute|p2a: Assassin
|-start|p2a: Assassin|Substitute
|-damage|p2a: Assassin|173\/230
|move|p1a: Dragalge|Toxic Spikes|p2a: Assassin
|-sidestart|p2: Ritualist|move: Toxic Spikes
|
|-heal|p2a: Assassin|187\/230|[from] item: Leftovers
|-heal|p1a: Dragalge|250\/334|[from] item: Black Sludge
|-damage|p1a: Dragalge|209\/334|[from] Leech Seed|[of] p2a: Assassin
|-heal|p2a: Assassin|228\/230|[silent]
|turn|70
|
|switch|p1a: Forretress|Forretress, F|288\/354 par
|-damage|p1a: Forretress|244\/354 par|[from] Stealth Rock
|move|p2a: Assassin|Encore|p1a: Forretress
|-fail|p1a: Forretress
|
|-heal|p2a: Assassin|230\/230|[from] item: Leftovers
|turn|71
|
|move|p2a: Assassin|Leech Seed|p1a: Forretress
|-start|p1a: Forretress|move: Leech Seed
|move|p1a: Forretress|Rapid Spin|p2a: Assassin
|-activate|p2a: Assassin|Substitute|[damage]
|-end|p1a: Forretress|Leech Seed|[from] move: Rapid Spin|[of] p1a: Forretress
|-sideend|p1: feng|Stealth Rock|[from] move: Rapid Spin|[of] p1a: Forretress
|
|turn|72
|
|move|p2a: Assassin|Leech Seed|p1a: Forretress
|-start|p1a: Forretress|move: Leech Seed
|cant|p1a: Forretress|par
|
|-damage|p1a: Forretress|200\/354 par|[from] Leech Seed|[of] p2a: Assassin
|turn|73
|
|move|p2a: Assassin|Toxic|p1a: Forretress
|-fail|p1a: Forretress
|move|p1a: Forretress|Rapid Spin|p2a: Assassin
|-activate|p2a: Assassin|Substitute|[damage]
|-end|p1a: Forretress|Leech Seed|[from] move: Rapid Spin|[of] p1a: Forretress
|
|turn|74
|
|move|p2a: Assassin|Leech Seed|p1a: Forretress
|-start|p1a: Forretress|move: Leech Seed
|move|p1a: Forretress|Rapid Spin|p2a: Assassin
|-activate|p2a: Assassin|Substitute|[damage]
|-end|p1a: Forretress|Leech Seed|[from] move: Rapid Spin|[of] p1a: Forretress
|
|turn|75
|
|move|p2a: Assassin|Leech Seed|p1a: Forretress
|-start|p1a: Forretress|move: Leech Seed
|cant|p1a: Forretress|par
|
|-damage|p1a: Forretress|156\/354 par|[from] Leech Seed|[of] p2a: Assassin
|turn|76
|
|move|p2a: Assassin|Toxic|p1a: Forretress
|-fail|p1a: Forretress
|move|p1a: Forretress|Rapid Spin|p2a: Assassin
|-activate|p2a: Assassin|Substitute|[damage]
|-end|p1a: Forretress|Leech Seed|[from] move: Rapid Spin|[of] p1a: Forretress
|
|turn|77
|
|move|p2a: Assassin|Leech Seed|p1a: Forretress|[miss]
|-miss|p2a: Assassin|p1a: Forretress
|move|p1a: Forretress|Rapid Spin|p2a: Assassin
|-end|p2a: Assassin|Substitute
|
|turn|78
|
|move|p2a: Assassin|Substitute|p2a: Assassin
|-start|p2a: Assassin|Substitute
|-damage|p2a: Assassin|173\/230
|move|p1a: Forretress|Volt Switch|p2a: Assassin
|-resisted|p2a: Assassin
|-activate|p2a: Assassin|Substitute|[damage]
|
|switch|p1a: Jellicent|Jellicent, F|230\/393 par
|
|-heal|p2a: Assassin|187\/230|[from] item: Leftovers
|turn|79
|
|move|p2a: Assassin|Leech Seed|p1a: Jellicent
|-start|p1a: Jellicent|move: Leech Seed
|move|p1a: Jellicent|Recover|p1a: Jellicent
|-heal|p1a: Jellicent|393\/393 par
|
|-heal|p2a: Assassin|201\/230|[from] item: Leftovers
|-damage|p1a: Jellicent|344\/393 par|[from] Leech Seed|[of] p2a: Assassin
|-heal|p2a: Assassin|230\/230|[silent]
|turn|80
|
|switch|p1a: Forretress|Forretress, F|156\/354 par
|move|p2a: Assassin|Encore|p1a: Forretress
|-fail|p1a: Forretress
|
|turn|81
|
|move|p2a: Assassin|Leech Seed|p1a: Forretress
|-start|p1a: Forretress|move: Leech Seed
|cant|p1a: Forretress|par
|
|-damage|p1a: Forretress|112\/354 par|[from] Leech Seed|[of] p2a: Assassin
|turn|82
|
|move|p2a: Assassin|Toxic|p1a: Forretress
|-fail|p1a: Forretress
|cant|p1a: Forretress|par
|
|-damage|p1a: Forretress|68\/354 par|[from] Leech Seed|[of] p2a: Assassin
|turn|83
|
|move|p2a: Assassin|Toxic|p1a: Forretress
|-fail|p1a: Forretress
|cant|p1a: Forretress|par
|
|-damage|p1a: Forretress|24\/354 par|[from] Leech Seed|[of] p2a: Assassin
|turn|84
|
|move|p2a: Assassin|Toxic|p1a: Forretress
|-fail|p1a: Forretress
|move|p1a: Forretress|Rapid Spin|p2a: Assassin
|-activate|p2a: Assassin|Substitute|[damage]
|-end|p1a: Forretress|Leech Seed|[from] move: Rapid Spin|[of] p1a: Forretress
|
|turn|85
|
|move|p2a: Assassin|Leech Seed|p1a: Forretress
|-start|p1a: Forretress|move: Leech Seed
|move|p1a: Forretress|Rapid Spin|p2a: Assassin
|-activate|p2a: Assassin|Substitute|[damage]
|-end|p1a: Forretress|Leech Seed|[from] move: Rapid Spin|[of] p1a: Forretress
|
|turn|86
|
|move|p2a: Assassin|Leech Seed|p1a: Forretress
|-start|p1a: Forretress|move: Leech Seed
|cant|p1a: Forretress|par
|
|-damage|p1a: Forretress|0 fnt|[from] Leech Seed|[of] p2a: Assassin
|faint|p1a: Forretress
|
|switch|p1a: Dragalge|Dragalge, F|209\/334
|turn|87
|
|move|p2a: Assassin|Leech Seed|p1a: Dragalge
|-start|p1a: Dragalge|move: Leech Seed
|move|p1a: Dragalge|Sludge Bomb|p2a: Assassin
|-supereffective|p2a: Assassin
|-end|p2a: Assassin|Substitute
|
|-heal|p1a: Dragalge|229\/334|[from] item: Black Sludge
|-damage|p1a: Dragalge|188\/334|[from] Leech Seed|[of] p2a: Assassin
|turn|88
|
|switch|p1a: Jellicent|Jellicent, F|344\/393 par
|move|p2a: Assassin|Substitute|p2a: Assassin
|-start|p2a: Assassin|Substitute
|-damage|p2a: Assassin|173\/230
|
|-heal|p2a: Assassin|187\/230|[from] item: Leftovers
|turn|89
|
|move|p2a: Assassin|Leech Seed|p1a: Jellicent
|-start|p1a: Jellicent|move: Leech Seed
|move|p1a: Jellicent|Scald|p2a: Assassin
|-resisted|p2a: Assassin
|-activate|p2a: Assassin|Substitute|[damage]
|
|-heal|p2a: Assassin|201\/230|[from] item: Leftovers
|-damage|p1a: Jellicent|295\/393 par|[from] Leech Seed|[of] p2a: Assassin
|-heal|p2a: Assassin|230\/230|[silent]
|turn|90
|
|switch|p1a: Dragalge|Dragalge, F|188\/334
|move|p2a: Assassin|Encore|p1a: Dragalge
|-fail|p1a: Dragalge
|
|-heal|p1a: Dragalge|208\/334|[from] item: Black Sludge
|turn|91
|
|switch|p2a: Healer|Blissey, F, shiny|497\/714
|-status|p2a: Healer|psn
|-damage|p2a: Healer|408\/714 psn|[from] Stealth Rock
|move|p1a: Dragalge|Toxic Spikes|p2a: Healer
|-sidestart|p2: Ritualist|move: Toxic Spikes
|
|-heal|p2a: Healer|452\/714 psn|[from] item: Leftovers
|-heal|p1a: Dragalge|228\/334|[from] item: Black Sludge
|-damage|p2a: Healer|363\/714 psn|[from] psn
|turn|92
|
|move|p2a: Healer|Wish|p2a: Healer
|move|p1a: Dragalge|Dragon Tail|p2a: Healer
|-damage|p2a: Healer|75\/714 psn
|drag|p2a: Assassin|Whimsicott, F|230\/230
|-status|p2a: Assassin|tox
|-damage|p2a: Assassin|202\/230 tox|[from] Stealth Rock
|
|-heal|p2a: Assassin|216\/230 tox|[from] item: Leftovers
|-heal|p1a: Dragalge|248\/334|[from] item: Black Sludge
|-damage|p2a: Assassin|202\/230 tox|[from] psn
|turn|93
|
|switch|p2a: Defender|Shuckle, M|244\/244
|-damage|p2a: Defender|183\/244|[from] Stealth Rock
|-status|p2a: Defender|tox
|move|p1a: Dragalge|Sludge Bomb|p2a: Defender
|-resisted|p2a: Defender
|-damage|p2a: Defender|153\/244 tox
|
|-heal|p2a: Defender|244\/244 tox|[from] move: Wish|[wisher] Healer
|-heal|p1a: Dragalge|268\/334|[from] item: Black Sludge
|-damage|p2a: Defender|229\/244 tox|[from] psn
|turn|94
|
|move|p2a: Defender|Rest|p2a: Defender
|-status|p2a: Defender|slp
|-heal|p2a: Defender|244\/244 slp|[silent]
|-status|p2a: Defender|slp|[from] move: Rest
|move|p1a: Dragalge|Dragon Tail|p2a: Defender
|-damage|p2a: Defender|214\/244 slp
|drag|p2a: Healer|Blissey, F, shiny|75\/714
|-damage|p2a: Healer|0 fnt|[from] Stealth Rock
|faint|p2a: Healer
|
|-heal|p1a: Dragalge|288\/334|[from] item: Black Sludge
|
|switch|p2a: Assassin|Whimsicott, F|202\/230 tox
|-damage|p2a: Assassin|174\/230 tox|[from] Stealth Rock
|turn|95
|
|move|p2a: Assassin|Leech Seed|p1a: Dragalge|[miss]
|-miss|p2a: Assassin|p1a: Dragalge
|move|p1a: Dragalge|Sludge Bomb|p2a: Assassin
|-supereffective|p2a: Assassin
|-damage|p2a: Assassin|0 fnt
|faint|p2a: Assassin
|
|-heal|p1a: Dragalge|308\/334|[from] item: Black Sludge
|
|switch|p2a: Warrior|Donphan, M|1\/381
|-status|p2a: Warrior|tox
|-damage|p2a: Warrior|0 fnt|[from] Stealth Rock
|faint|p2a: Warrior
|
|switch|p2a: Defender|Shuckle, M|214\/244 slp
|-damage|p2a: Defender|153\/244 slp|[from] Stealth Rock
|turn|96
|
|switch|p1a: Zygarde|Zygarde|214\/405
|-ability|p1a: Zygarde|Aura Break
|cant|p2a: Defender|slp
|
|-heal|p1a: Zygarde|239\/405|[from] item: Leftovers
|-heal|p2a: Defender|168\/244 slp|[from] item: Leftovers
|turn|97
|
|move|p1a: Zygarde|Substitute|p1a: Zygarde
|-start|p1a: Zygarde|Substitute
|-damage|p1a: Zygarde|138\/405
|cant|p2a: Defender|slp
|
|-heal|p1a: Zygarde|163\/405|[from] item: Leftovers
|-heal|p2a: Defender|183\/244 slp|[from] item: Leftovers
|turn|98
|-message|Ritualist forfeited.
|
|win|feng
|raw|Ladder updating...
|leave|Ritualist
|player|p2
|raw|feng's rating: 1655 &rarr; <strong>1662<\/strong><br \/>(+7 for winning)
|raw|Ritualist's rating: 1372 &rarr; <strong>1365<\/strong><br \/>(-7 for losing)
|leave|feng
|player|p1