|join|Ritualist
|join|jayarceus29
|player|p1|Ritualist|205
|player|p2|jayarceus29|274
|gametype|singles
|gen|6
|tier|UU
|rated
|rule|Sleep Clause Mod: Limit one foe put to sleep
|rule|Species Clause: Limit one of each PokÃ©mon
|rule|OHKO Clause: OHKO moves are banned
|rule|Moody Clause: Moody is banned
|rule|Evasion Moves Clause: Evasion moves are banned
|rule|Endless Battle Clause: Forcing endless battles is banned
|rule|HP Percentage Mod: HP is shown in percentages
|clearpoke
|poke|p1|Donphan, M
|poke|p1|Blissey, F, shiny
|poke|p1|Cloyster, M, shiny
|poke|p1|Whimsicott, F
|poke|p1|Shuckle, M
|poke|p1|Mismagius, F
|poke|p2|Toxicroak, F, shiny
|poke|p2|Mienshao, F, shiny
|poke|p2|Alomomola, M, shiny
|poke|p2|Ampharos, F
|poke|p2|Empoleon, M
|poke|p2|Shaymin
|rule|Swagger Clause: Swagger is banned
|rule|Baton Pass Clause: Limit one PokÃ©mon knowing Baton Pass
|teampreview
|
|start
|switch|p1a: Warrior|Donphan, M|382\/382
|switch|p2a: High Jump Miss|Mienshao, F, shiny|271\/271
|turn|1
|
|move|p2a: High Jump Miss|U-turn|p1a: Warrior
|-damage|p1a: Warrior|328\/382
|
|switch|p2a: Mega-Luvdisc|Alomomola, M, shiny|534\/534
|move|p1a: Warrior|Stealth Rock|p2a: Mega-Luvdisc
|-sidestart|p2: jayarceus29|move: Stealth Rock
|
|-heal|p1a: Warrior|351\/382|[from] item: Leftovers
|turn|2
|
|switch|p1a: Assassin|Whimsicott, F|230\/230
|move|p2a: Mega-Luvdisc|Scald|p1a: Assassin
|-resisted|p1a: Assassin
|-damage|p1a: Assassin|210\/230
|
|-heal|p1a: Assassin|224\/230|[from] item: Leftovers
|turn|3
|
|switch|p2a: batman friend|Empoleon, M|372\/372
|-damage|p2a: batman friend|349\/372|[from] Stealth Rock
|move|p1a: Assassin|Substitute|p1a: Assassin
|-start|p1a: Assassin|Substitute
|-damage|p1a: Assassin|167\/230
|
|-heal|p1a: Assassin|181\/230|[from] item: Leftovers
|-heal|p2a: batman friend|372\/372|[from] item: Leftovers
|turn|4
|
|move|p1a: Assassin|Leech Seed|p2a: batman friend
|-start|p2a: batman friend|move: Leech Seed
|move|p2a: batman friend|Stealth Rock|p1a: Assassin
|-sidestart|p1: Ritualist|move: Stealth Rock
|
|-heal|p1a: Assassin|195\/230|[from] item: Leftovers
|-damage|p2a: batman friend|326\/372|[from] Leech Seed|[of] p1a: Assassin
|-heal|p1a: Assassin|230\/230|[silent]
|turn|5
|
|move|p1a: Assassin|Leech Seed|p2a: batman friend
|-fail|p2a: batman friend
|move|p2a: batman friend|Roar|p1a: Assassin
|drag|p1a: Warrior|Donphan, M|351\/382
|-damage|p1a: Warrior|328\/382|[from] Stealth Rock
|
|-heal|p2a: batman friend|349\/372|[from] item: Leftovers
|-heal|p1a: Warrior|351\/382|[from] item: Leftovers
|-damage|p2a: batman friend|303\/372|[from] Leech Seed|[of] p1a: Warrior
|-heal|p1a: Warrior|382\/382|[silent]
|turn|6
|
|switch|p2a: Mega-Luvdisc|Alomomola, M, shiny|534\/534
|-damage|p2a: Mega-Luvdisc|468\/534|[from] Stealth Rock
|move|p1a: Warrior|Rapid Spin|p2a: Mega-Luvdisc
|-damage|p2a: Mega-Luvdisc|450\/534
|-damage|p1a: Warrior|319\/382|[from] item: Rocky Helmet|[of] p2a: Mega-Luvdisc
|-sideend|p1: Ritualist|Stealth Rock|[from] move: Rapid Spin|[of] p1a: Warrior
|
|-heal|p1a: Warrior|342\/382|[from] item: Leftovers
|turn|7
|
|switch|p1a: Assassin|Whimsicott, F|230\/230
|move|p2a: Mega-Luvdisc|Toxic|p1a: Assassin
|-status|p1a: Assassin|tox
|
|-damage|p1a: Assassin|216\/230 tox|[from] psn
|turn|8
|
|switch|p2a: sonic the shaymin|Shaymin|342\/342
|-damage|p2a: sonic the shaymin|300\/342|[from] Stealth Rock
|move|p1a: Assassin|Leech Seed|p2a: sonic the shaymin
|-immune|p2a: sonic the shaymin|[msg]
|
|-heal|p1a: Assassin|230\/230 tox|[from] item: Leftovers
|-damage|p1a: Assassin|202\/230 tox|[from] psn
|turn|9
|
|switch|p1a: Defender|Shuckle, M|244\/244
|move|p2a: sonic the shaymin|Seed Flare|p1a: Defender
|-damage|p1a: Defender|137\/244
|-boost|p1a: Defender|spd|2
|-damage|p2a: sonic the shaymin|266\/342|[from] item: Life Orb
|
|-heal|p1a: Defender|152\/244|[from] item: Leftovers
|turn|10
|
|switch|p2a: batman friend|Empoleon, M|303\/372
|-damage|p2a: batman friend|280\/372|[from] Stealth Rock
|move|p1a: Defender|Infestation|p2a: batman friend
|-resisted|p2a: batman friend
|-damage|p2a: batman friend|278\/372
|-activate|p2a: batman friend|move: Infestation|[of] p1a: Defender
|
|-heal|p2a: batman friend|301\/372|[from] item: Leftovers
|-heal|p1a: Defender|167\/244|[from] item: Leftovers
|-damage|p2a: batman friend|255\/372|[from] move: Infestation|[partiallytrapped]
|turn|11
|
|move|p2a: batman friend|Stealth Rock|p1a: Defender
|-sidestart|p1: Ritualist|move: Stealth Rock
|move|p1a: Defender|Rest|p1a: Defender
|-status|p1a: Defender|slp
|-heal|p1a: Defender|244\/244 slp|[silent]
|-status|p1a: Defender|slp|[from] move: Rest
|
|-heal|p2a: batman friend|278\/372|[from] item: Leftovers
|-damage|p2a: batman friend|232\/372|[from] move: Infestation|[partiallytrapped]
|turn|12
|
|cant|p1a: Defender|slp
|move|p2a: batman friend|Roar|p1a: Defender
|drag|p1a: Warrior|Donphan, M|342\/382
|-damage|p1a: Warrior|319\/382|[from] Stealth Rock
|
|-heal|p2a: batman friend|255\/372|[from] item: Leftovers
|-heal|p1a: Warrior|342\/382|[from] item: Leftovers
|-end|p2a: batman friend|Infestation|[partiallytrapped]
|turn|13
|
|switch|p1a: Assassin|Whimsicott, F|202\/230 tox
|-damage|p1a: Assassin|174\/230 tox|[from] Stealth Rock
|move|p2a: batman friend|Scald|p1a: Assassin
|-resisted|p1a: Assassin
|-damage|p1a: Assassin|129\/230 tox
|
|-heal|p1a: Assassin|143\/230 tox|[from] item: Leftovers
|-heal|p2a: batman friend|278\/372|[from] item: Leftovers
|-damage|p1a: Assassin|129\/230 tox|[from] psn
|turn|14
|
|switch|p2a: sonic the shaymin|Shaymin|266\/342
|-damage|p2a: sonic the shaymin|224\/342|[from] Stealth Rock
|move|p1a: Assassin|Toxic|p2a: sonic the shaymin
|-status|p2a: sonic the shaymin|tox
|
|-heal|p1a: Assassin|143\/230 tox|[from] item: Leftovers
|-damage|p2a: sonic the shaymin|203\/342 tox|[from] psn
|-damage|p1a: Assassin|115\/230 tox|[from] psn
|turn|15
|
|switch|p1a: Healer|Blissey, F, shiny|714\/714
|-damage|p1a: Healer|625\/714|[from] Stealth Rock
|move|p2a: sonic the shaymin|Air Slash|p1a: Healer
|-damage|p1a: Healer|564\/714
|-damage|p2a: sonic the shaymin|169\/342 tox|[from] item: Life Orb
|
|-heal|p1a: Healer|608\/714|[from] item: Leftovers
|-damage|p2a: sonic the shaymin|127\/342 tox|[from] psn
|turn|16
|
|move|p2a: sonic the shaymin|Rest|p2a: sonic the shaymin
|-status|p2a: sonic the shaymin|slp
|-heal|p2a: sonic the shaymin|342\/342 slp|[silent]
|-status|p2a: sonic the shaymin|slp|[from] move: Rest
|move|p1a: Healer|Heal Bell|p1a: Healer
|-cureteam|p1a: Healer|[from] move: HealBell
|
|-heal|p1a: Healer|652\/714|[from] item: Leftovers
|turn|17
|
|switch|p2a: High Jump Miss|Mienshao, F, shiny|271\/271
|-damage|p2a: High Jump Miss|255\/271|[from] Stealth Rock
|move|p1a: Healer|Wish|p1a: Healer
|
|-heal|p1a: Healer|696\/714|[from] item: Leftovers
|turn|18
|
|switch|p1a: Warrior|Donphan, M|342\/382
|-damage|p1a: Warrior|319\/382|[from] Stealth Rock
|move|p2a: High Jump Miss|U-turn|p1a: Warrior
|-damage|p1a: Warrior|265\/382
|
|switch|p2a: Mega-Luvdisc|Alomomola, M, shiny|534\/534
|-damage|p2a: Mega-Luvdisc|468\/534|[from] Stealth Rock
|
|-heal|p1a: Warrior|382\/382|[from] move: Wish|[wisher] Healer
|turn|19
|
|move|p2a: Mega-Luvdisc|Scald|p1a: Warrior
|-supereffective|p1a: Warrior
|-damage|p1a: Warrior|248\/382
|-status|p1a: Warrior|brn
|move|p1a: Warrior|Rapid Spin|p2a: Mega-Luvdisc
|-damage|p2a: Mega-Luvdisc|458\/534
|-damage|p1a: Warrior|185\/382 brn|[from] item: Rocky Helmet|[of] p2a: Mega-Luvdisc
|-sideend|p1: Ritualist|Stealth Rock|[from] move: Rapid Spin|[of] p1a: Warrior
|
|-heal|p1a: Warrior|208\/382 brn|[from] item: Leftovers
|-damage|p1a: Warrior|161\/382 brn|[from] brn
|turn|20
|
|switch|p1a: Magician|Mismagius, F|324\/324
|move|p2a: Mega-Luvdisc|Wish|p2a: Mega-Luvdisc
|
|turn|21
|
|switch|p2a: batman friend|Empoleon, M|278\/372
|-damage|p2a: batman friend|255\/372|[from] Stealth Rock
|move|p1a: Magician|Will-O-Wisp|p2a: batman friend
|-status|p2a: batman friend|brn
|
|-heal|p2a: batman friend|372\/372 brn|[from] move: Wish|[wisher] Mega-Luvdisc
|-damage|p2a: batman friend|326\/372 brn|[from] brn
|turn|22
|
|move|p1a: Magician|Taunt|p2a: batman friend
|-start|p2a: batman friend|move: Taunt
|move|p2a: batman friend|Scald|p1a: Magician
|-damage|p1a: Magician|225\/324
|-status|p1a: Magician|brn
|
|-heal|p1a: Magician|245\/324 brn|[from] item: Leftovers
|-heal|p2a: batman friend|349\/372 brn|[from] item: Leftovers
|-damage|p1a: Magician|205\/324 brn|[from] brn
|-damage|p2a: batman friend|303\/372 brn|[from] brn
|turn|23
|
|switch|p2a: I need Secret Poti|Ampharos, F|384\/384
|-damage|p2a: I need Secret Poti|336\/384|[from] Stealth Rock
|move|p1a: Magician|Confuse Ray|p2a: I need Secret Poti
|-start|p2a: I need Secret Poti|confusion
|
|-heal|p1a: Magician|225\/324 brn|[from] item: Leftovers
|-damage|p1a: Magician|185\/324 brn|[from] brn
|turn|24
|
|switch|p1a: Healer|Blissey, F, shiny|696\/714
|detailschange|p2a: I need Secret Poti|Ampharos-Mega, F
|message|Ampharos has Mega Evolved into Mega Ampharos!
|-ability|p2a: I need Secret Poti|Mold Breaker
|-activate|p2a: I need Secret Poti|confusion
|-damage|p2a: I need Secret Poti|312\/384|[from] confusion
|
|-heal|p1a: Healer|714\/714|[from] item: Leftovers
|turn|25
|
|move|p1a: Healer|Heal Bell|p1a: Healer
|-cureteam|p1a: Healer|[from] move: HealBell
|-end|p2a: I need Secret Poti|confusion
|move|p2a: I need Secret Poti|Focus Blast|p1a: Healer
|-supereffective|p1a: Healer
|-damage|p1a: Healer|510\/714
|
|-heal|p1a: Healer|554\/714|[from] item: Leftovers
|turn|26
|
|move|p1a: Healer|Wish|p1a: Healer
|move|p2a: I need Secret Poti|Focus Blast|p1a: Healer
|-supereffective|p1a: Healer
|-damage|p1a: Healer|328\/714
|
|-heal|p1a: Healer|372\/714|[from] item: Leftovers
|turn|27
|
|move|p1a: Healer|Seismic Toss|p2a: I need Secret Poti
|-damage|p2a: I need Secret Poti|212\/384
|move|p2a: I need Secret Poti|Dragon Pulse|p1a: Healer
|-damage|p1a: Healer|252\/714
|
|-heal|p1a: Healer|609\/714|[from] move: Wish|[wisher] Healer
|-heal|p1a: Healer|653\/714|[from] item: Leftovers
|turn|28
|
|move|p1a: Healer|Wish|p1a: Healer
|move|p2a: I need Secret Poti|Volt Switch|p1a: Healer
|-damage|p1a: Healer|556\/714
|
|switch|p2a: Crocune Any One|Toxicroak, F, shiny|307\/307
|-damage|p2a: Crocune Any One|288\/307|[from] Stealth Rock
|
|-heal|p1a: Healer|600\/714|[from] item: Leftovers
|turn|29
|
|switch|p1a: Warrior|Donphan, M|161\/382
|move|p2a: Crocune Any One|Swords Dance|p2a: Crocune Any One
|-boost|p2a: Crocune Any One|atk|2
|
|-heal|p1a: Warrior|382\/382|[from] move: Wish|[wisher] Healer
|turn|30
|
|switch|p2a: Mega-Luvdisc|Alomomola, M, shiny|534\/534
|-damage|p2a: Mega-Luvdisc|468\/534|[from] Stealth Rock
|move|p1a: Warrior|Earthquake|p2a: Mega-Luvdisc
|-damage|p2a: Mega-Luvdisc|362\/534
|
|turn|31
|
|switch|p1a: Healer|Blissey, F, shiny|600\/714
|move|p2a: Mega-Luvdisc|Wish|p2a: Mega-Luvdisc
|
|-heal|p1a: Healer|644\/714|[from] item: Leftovers
|turn|32
|
|switch|p2a: Crocune Any One|Toxicroak, F, shiny|288\/307
|-damage|p2a: Crocune Any One|269\/307|[from] Stealth Rock
|move|p1a: Healer|Seismic Toss|p2a: Crocune Any One
|-damage|p2a: Crocune Any One|169\/307
|
|-heal|p2a: Crocune Any One|307\/307|[from] move: Wish|[wisher] Mega-Luvdisc
|-heal|p1a: Healer|688\/714|[from] item: Leftovers
|turn|33
|
|switch|p1a: Warrior|Donphan, M|382\/382
|move|p2a: Crocune Any One|Ice Punch|p1a: Warrior
|-supereffective|p1a: Warrior
|-damage|p1a: Warrior|249\/382
|-damage|p2a: Crocune Any One|277\/307|[from] item: Life Orb
|
|-heal|p1a: Warrior|272\/382|[from] item: Leftovers
|turn|34
|
|switch|p2a: Mega-Luvdisc|Alomomola, M, shiny|534\/534
|-damage|p2a: Mega-Luvdisc|468\/534|[from] Stealth Rock
|move|p1a: Warrior|Earthquake|p2a: Mega-Luvdisc
|-damage|p2a: Mega-Luvdisc|353\/534
|
|-heal|p1a: Warrior|295\/382|[from] item: Leftovers
|turn|35
|
|switch|p1a: Healer|Blissey, F, shiny|688\/714
|move|p2a: Mega-Luvdisc|Wish|p2a: Mega-Luvdisc
|
|-heal|p1a: Healer|714\/714|[from] item: Leftovers
|turn|36
|
|switch|p2a: Crocune Any One|Toxicroak, F, shiny|277\/307
|-damage|p2a: Crocune Any One|258\/307|[from] Stealth Rock
|move|p1a: Healer|Wish|p1a: Healer
|
|-heal|p2a: Crocune Any One|307\/307|[from] move: Wish|[wisher] Mega-Luvdisc
|turn|37
|
|switch|p1a: Warrior|Donphan, M|295\/382
|move|p2a: Crocune Any One|Ice Punch|p1a: Warrior
|-supereffective|p1a: Warrior
|-damage|p1a: Warrior|175\/382
|-damage|p2a: Crocune Any One|277\/307|[from] item: Life Orb
|
|-heal|p1a: Warrior|382\/382|[from] move: Wish|[wisher] Healer
|turn|38
|
|switch|p2a: sonic the shaymin|Shaymin|342\/342
|-damage|p2a: sonic the shaymin|300\/342|[from] Stealth Rock
|move|p1a: Warrior|Earthquake|p2a: sonic the shaymin
|-resisted|p2a: sonic the shaymin
|-damage|p2a: sonic the shaymin|225\/342
|
|turn|39
|
|switch|p1a: Defender|Shuckle, M|244\/244
|move|p2a: sonic the shaymin|Seed Flare|p1a: Defender|[miss]
|-miss|p2a: sonic the shaymin|p1a: Defender
|
|turn|40
|
|switch|p2a: Mega-Luvdisc|Alomomola, M, shiny|531\/534
|-damage|p2a: Mega-Luvdisc|465\/534|[from] Stealth Rock
|move|p1a: Defender|Infestation|p2a: Mega-Luvdisc
|-damage|p2a: Mega-Luvdisc|453\/534
|-damage|p1a: Defender|204\/244|[from] item: Rocky Helmet|[of] p2a: Mega-Luvdisc
|-activate|p2a: Mega-Luvdisc|move: Infestation|[of] p1a: Defender
|
|-heal|p1a: Defender|219\/244|[from] item: Leftovers
|-damage|p2a: Mega-Luvdisc|387\/534|[from] move: Infestation|[partiallytrapped]
|turn|41
|
|move|p2a: Mega-Luvdisc|Wish|p2a: Mega-Luvdisc
|move|p1a: Defender|Toxic|p2a: Mega-Luvdisc
|-status|p2a: Mega-Luvdisc|tox
|
|-heal|p1a: Defender|234\/244|[from] item: Leftovers
|-damage|p2a: Mega-Luvdisc|354\/534 tox|[from] psn
|-damage|p2a: Mega-Luvdisc|288\/534 tox|[from] move: Infestation|[partiallytrapped]
|turn|42
|
|move|p2a: Mega-Luvdisc|Toxic|p1a: Defender
|-status|p1a: Defender|tox
|move|p1a: Defender|Shell Smash|p1a: Defender
|-unboost|p1a: Defender|atk|2
|-unboost|p1a: Defender|spa|2
|-unboost|p1a: Defender|spe|2
|-boost|p1a: Defender|def|1
|-boost|p1a: Defender|spd|1
|
|-heal|p2a: Mega-Luvdisc|534\/534 tox|[from] move: Wish|[wisher] Mega-Luvdisc
|-heal|p1a: Defender|244\/244 tox|[from] item: Leftovers
|-damage|p2a: Mega-Luvdisc|468\/534 tox|[from] psn
|-damage|p1a: Defender|229\/244 tox|[from] psn
|-damage|p2a: Mega-Luvdisc|402\/534 tox|[from] move: Infestation|[partiallytrapped]
|turn|43
|
|move|p2a: Mega-Luvdisc|Wish|p2a: Mega-Luvdisc
|move|p1a: Defender|Rest|p1a: Defender
|-status|p1a: Defender|slp
|-heal|p1a: Defender|244\/244 slp|[silent]
|-status|p1a: Defender|slp|[from] move: Rest
|
|-damage|p2a: Mega-Luvdisc|303\/534 tox|[from] psn
|-damage|p2a: Mega-Luvdisc|237\/534 tox|[from] move: Infestation|[partiallytrapped]
|turn|44
|
|move|p2a: Mega-Luvdisc|Scald|p1a: Defender
|-supereffective|p1a: Defender
|-damage|p1a: Defender|212\/244 slp
|cant|p1a: Defender|slp
|
|-heal|p2a: Mega-Luvdisc|504\/534 tox|[from] move: Wish|[wisher] Mega-Luvdisc
|-heal|p1a: Defender|227\/244 slp|[from] item: Leftovers
|-damage|p2a: Mega-Luvdisc|372\/534 tox|[from] psn
|-damage|p2a: Mega-Luvdisc|306\/534 tox|[from] move: Infestation|[partiallytrapped]
|turn|45
|
|move|p2a: Mega-Luvdisc|Wish|p2a: Mega-Luvdisc
|cant|p1a: Defender|slp
|
|-heal|p1a: Defender|242\/244 slp|[from] item: Leftovers
|-damage|p2a: Mega-Luvdisc|141\/534 tox|[from] psn
|-end|p2a: Mega-Luvdisc|Infestation|[partiallytrapped]
|turn|46
|
|switch|p1a: Warrior|Donphan, M|382\/382
|move|p2a: Mega-Luvdisc|Wish|p2a: Mega-Luvdisc
|-fail|p2a: Mega-Luvdisc
|
|-heal|p2a: Mega-Luvdisc|408\/534 tox|[from] move: Wish|[wisher] Mega-Luvdisc
|-damage|p2a: Mega-Luvdisc|210\/534 tox|[from] psn
|turn|47
|
|switch|p2a: sonic the shaymin|Shaymin|225\/342
|-damage|p2a: sonic the shaymin|183\/342|[from] Stealth Rock
|switch|p1a: Healer|Blissey, F, shiny|714\/714
|
|turn|48
|
|move|p2a: sonic the shaymin|Rest|p2a: sonic the shaymin
|-status|p2a: sonic the shaymin|slp
|-heal|p2a: sonic the shaymin|342\/342 slp|[silent]
|-status|p2a: sonic the shaymin|slp|[from] move: Rest
|move|p1a: Healer|Wish|p1a: Healer
|
|turn|49
|
|switch|p2a: I need Secret Poti|Ampharos-Mega, F|212\/384
|-damage|p2a: I need Secret Poti|164\/384|[from] Stealth Rock
|-ability|p2a: I need Secret Poti|Mold Breaker
|switch|p1a: Assassin|Whimsicott, F|115\/230
|
|-heal|p1a: Assassin|230\/230|[from] move: Wish|[wisher] Healer
|turn|50
|
|move|p1a: Assassin|Substitute|p1a: Assassin
|-start|p1a: Assassin|Substitute
|-damage|p1a: Assassin|173\/230
|move|p2a: I need Secret Poti|Heal Bell|p2a: I need Secret Poti
|-cureteam|p2a: I need Secret Poti|[from] move: HealBell
|
|-heal|p1a: Assassin|187\/230|[from] item: Leftovers
|turn|51
|
|move|p1a: Assassin|Toxic|p2a: I need Secret Poti
|-status|p2a: I need Secret Poti|tox
|move|p2a: I need Secret Poti|Volt Switch|p1a: Assassin
|-resisted|p1a: Assassin
|-end|p1a: Assassin|Substitute
|
|switch|p2a: sonic the shaymin|Shaymin|342\/342
|-damage|p2a: sonic the shaymin|300\/342|[from] Stealth Rock
|
|-heal|p1a: Assassin|201\/230|[from] item: Leftovers
|turn|52
|
|switch|p2a: High Jump Miss|Mienshao, F, shiny|255\/271
|-damage|p2a: High Jump Miss|239\/271|[from] Stealth Rock
|switch|p1a: Defender|Shuckle, M|242\/244 slp
|
|-heal|p1a: Defender|244\/244 slp|[from] item: Leftovers
|turn|53
|
|move|p2a: High Jump Miss|High Jump Kick|p1a: Defender
|-damage|p1a: Defender|130\/244 slp
|-curestatus|p1a: Defender|slp
|move|p1a: Defender|Infestation|p2a: High Jump Miss
|-resisted|p2a: High Jump Miss
|-damage|p2a: High Jump Miss|235\/271
|-activate|p2a: High Jump Miss|move: Infestation|[of] p1a: Defender
|
|-heal|p1a: Defender|145\/244|[from] item: Leftovers
|-damage|p2a: High Jump Miss|202\/271|[from] move: Infestation|[partiallytrapped]
|turn|54
|
|switch|p1a: Magician|Mismagius, F|185\/324
|move|p2a: High Jump Miss|High Jump Kick|p1a: Magician
|-immune|p1a: Magician|[msg]
|-damage|p2a: High Jump Miss|67\/271|[from] highjumpkick
|
|-heal|p1a: Magician|205\/324|[from] item: Leftovers
|-end|p2a: High Jump Miss|Infestation|[partiallytrapped]
|turn|55
|
|switch|p2a: sonic the shaymin|Shaymin|300\/342
|-damage|p2a: sonic the shaymin|258\/342|[from] Stealth Rock
|move|p1a: Magician|Destiny Bond|p1a: Magician
|-singlemove|p1a: Magician|Destiny Bond
|
|-heal|p1a: Magician|225\/324|[from] item: Leftovers
|turn|56
|
|switch|p1a: Healer|Blissey, F, shiny|714\/714
|move|p2a: sonic the shaymin|Seed Flare|p1a: Healer|[miss]
|-miss|p2a: sonic the shaymin|p1a: Healer
|
|turn|57
|
|move|p2a: sonic the shaymin|Seed Flare|p1a: Healer|[miss]
|-miss|p2a: sonic the shaymin|p1a: Healer
|move|p1a: Healer|Wish|p1a: Healer
|
|turn|58
|
|switch|p1a: Defender|Shuckle, M|145\/244
|move|p2a: sonic the shaymin|Seed Flare|p1a: Defender|[miss]
|-miss|p2a: sonic the shaymin|p1a: Defender
|
|-heal|p1a: Defender|244\/244|[from] move: Wish|[wisher] Healer
|turn|59
|c|âRitualist|lol?
|c|âjayarceus29|lol
|c|âRitualist|it's okay, tell yourself you didnt get to double my spD
|
|move|p2a: sonic the shaymin|Air Slash|p1a: Defender
|-damage|p1a: Defender|196\/244
|-damage|p2a: sonic the shaymin|224\/342|[from] item: Life Orb
|cant|p1a: Defender|flinch
|
|-heal|p1a: Defender|211\/244|[from] item: Leftovers
|turn|60
|
|switch|p2a: batman friend|Empoleon, M|303\/372
|-damage|p2a: batman friend|280\/372|[from] Stealth Rock
|move|p1a: Defender|Toxic|p2a: batman friend|[miss]
|-miss|p1a: Defender|p2a: batman friend
|
|-heal|p2a: batman friend|303\/372|[from] item: Leftovers
|-heal|p1a: Defender|226\/244|[from] item: Leftovers
|turn|61
|
|switch|p1a: Magician|Mismagius, F|225\/324
|move|p2a: batman friend|Stealth Rock|p1a: Magician
|-sidestart|p1: Ritualist|move: Stealth Rock
|
|-heal|p1a: Magician|245\/324|[from] item: Leftovers
|-heal|p2a: batman friend|326\/372|[from] item: Leftovers
|turn|62
|
|move|p1a: Magician|Will-O-Wisp|p2a: batman friend
|-status|p2a: batman friend|brn
|move|p2a: batman friend|Scald|p1a: Magician
|-damage|p1a: Magician|151\/324
|-status|p1a: Magician|brn
|
|-heal|p1a: Magician|171\/324 brn|[from] item: Leftovers
|-heal|p2a: batman friend|349\/372 brn|[from] item: Leftovers
|-damage|p1a: Magician|131\/324 brn|[from] brn
|-damage|p2a: batman friend|303\/372 brn|[from] brn
|turn|63
|
|move|p1a: Magician|Confuse Ray|p2a: batman friend
|-start|p2a: batman friend|confusion
|-activate|p2a: batman friend|confusion
|-damage|p2a: batman friend|289\/372 brn|[from] confusion
|
|-heal|p1a: Magician|151\/324 brn|[from] item: Leftovers
|-heal|p2a: batman friend|312\/372 brn|[from] item: Leftovers
|-damage|p1a: Magician|111\/324 brn|[from] brn
|-damage|p2a: batman friend|266\/372 brn|[from] brn
|turn|64
|
|switch|p1a: Assassin|Whimsicott, F|201\/230
|-damage|p1a: Assassin|173\/230|[from] Stealth Rock
|-activate|p2a: batman friend|confusion
|move|p2a: batman friend|Roar|p1a: Assassin
|drag|p1a: Ranger|Cloyster, M, shiny|241\/241
|-damage|p1a: Ranger|181\/241|[from] Stealth Rock
|
|-heal|p2a: batman friend|289\/372 brn|[from] item: Leftovers
|-damage|p2a: batman friend|243\/372 brn|[from] brn
|turn|65
|
|switch|p1a: Assassin|Whimsicott, F|173\/230
|-damage|p1a: Assassin|145\/230|[from] Stealth Rock
|-activate|p2a: batman friend|confusion
|move|p2a: batman friend|Scald|p1a: Assassin
|-resisted|p1a: Assassin
|-damage|p1a: Assassin|100\/230
|
|-heal|p1a: Assassin|114\/230|[from] item: Leftovers
|-heal|p2a: batman friend|266\/372 brn|[from] item: Leftovers
|-damage|p2a: batman friend|220\/372 brn|[from] brn
|turn|66
|
|switch|p2a: sonic the shaymin|Shaymin|224\/342
|-damage|p2a: sonic the shaymin|182\/342|[from] Stealth Rock
|move|p1a: Assassin|Leech Seed|p2a: sonic the shaymin|[miss]
|-miss|p1a: Assassin|p2a: sonic the shaymin
|
|-heal|p1a: Assassin|128\/230|[from] item: Leftovers
|turn|67
|
|switch|p2a: Mega-Luvdisc|Alomomola, M, shiny|388\/534
|-damage|p2a: Mega-Luvdisc|322\/534|[from] Stealth Rock
|switch|p1a: Healer|Blissey, F, shiny|714\/714
|-damage|p1a: Healer|625\/714|[from] Stealth Rock
|
|-heal|p1a: Healer|669\/714|[from] item: Leftovers
|turn|68
|
|move|p2a: Mega-Luvdisc|Wish|p2a: Mega-Luvdisc
|move|p1a: Healer|Wish|p1a: Healer
|
|-heal|p1a: Healer|713\/714|[from] item: Leftovers
|turn|69
|
|switch|p2a: High Jump Miss|Mienshao, F, shiny|67\/271
|-damage|p2a: High Jump Miss|51\/271|[from] Stealth Rock
|switch|p1a: Assassin|Whimsicott, F|128\/230
|-damage|p1a: Assassin|100\/230|[from] Stealth Rock
|
|-heal|p1a: Assassin|230\/230|[from] move: Wish|[wisher] Healer
|-heal|p2a: High Jump Miss|271\/271|[from] move: Wish|[wisher] Mega-Luvdisc
|turn|70
|
|move|p1a: Assassin|Toxic|p2a: High Jump Miss
|-status|p2a: High Jump Miss|tox
|move|p2a: High Jump Miss|Poison Jab|p1a: Assassin
|-supereffective|p1a: Assassin
|-damage|p1a: Assassin|0 fnt
|faint|p1a: Assassin
|
|-damage|p2a: High Jump Miss|255\/271 tox|[from] psn
|
|switch|p1a: Warrior|Donphan, M|382\/382
|-damage|p1a: Warrior|359\/382|[from] Stealth Rock
|turn|71
|
|switch|p2a: Mega-Luvdisc|Alomomola, M, shiny|500\/534
|-damage|p2a: Mega-Luvdisc|434\/534|[from] Stealth Rock
|move|p1a: Warrior|Rapid Spin|p2a: Mega-Luvdisc
|-damage|p2a: Mega-Luvdisc|419\/534
|-damage|p1a: Warrior|296\/382|[from] item: Rocky Helmet|[of] p2a: Mega-Luvdisc
|-sideend|p1: Ritualist|Stealth Rock|[from] move: Rapid Spin|[of] p1a: Warrior
|
|-heal|p1a: Warrior|319\/382|[from] item: Leftovers
|turn|72
|
|switch|p1a: Healer|Blissey, F, shiny|713\/714
|move|p2a: Mega-Luvdisc|Wish|p2a: Mega-Luvdisc
|
|-heal|p1a: Healer|714\/714|[from] item: Leftovers
|turn|73
|
|switch|p2a: I need Secret Poti|Ampharos-Mega, F|164\/384 tox
|-damage|p2a: I need Secret Poti|116\/384 tox|[from] Stealth Rock
|-ability|p2a: I need Secret Poti|Mold Breaker
|move|p1a: Healer|Seismic Toss|p2a: I need Secret Poti
|-damage|p2a: I need Secret Poti|16\/384 tox
|
|-heal|p2a: I need Secret Poti|283\/384 tox|[from] move: Wish|[wisher] Mega-Luvdisc
|-damage|p2a: I need Secret Poti|259\/384 tox|[from] psn
|turn|74
|
|move|p1a: Healer|Wish|p1a: Healer
|move|p2a: I need Secret Poti|Heal Bell|p2a: I need Secret Poti
|-cureteam|p2a: I need Secret Poti|[from] move: HealBell
|
|turn|75
|
|move|p1a: Healer|Seismic Toss|p2a: I need Secret Poti
|-damage|p2a: I need Secret Poti|159\/384
|move|p2a: I need Secret Poti|Volt Switch|p1a: Healer
|-damage|p1a: Healer|614\/714
|
|switch|p2a: batman friend|Empoleon, M|220\/372
|-damage|p2a: batman friend|197\/372|[from] Stealth Rock
|
|-heal|p1a: Healer|714\/714|[from] move: Wish|[wisher] Healer
|-heal|p2a: batman friend|220\/372|[from] item: Leftovers
|turn|76
|
|move|p1a: Healer|Seismic Toss|p2a: batman friend
|-damage|p2a: batman friend|120\/372
|move|p2a: batman friend|Roar|p1a: Healer
|drag|p1a: Magician|Mismagius, F|111\/324 brn
|
|-heal|p1a: Magician|131\/324 brn|[from] item: Leftovers
|-heal|p2a: batman friend|143\/372|[from] item: Leftovers
|-damage|p1a: Magician|91\/324 brn|[from] brn
|turn|77
|
|move|p1a: Magician|Destiny Bond|p1a: Magician
|-singlemove|p1a: Magician|Destiny Bond
|move|p2a: batman friend|Stealth Rock|p1a: Magician
|-sidestart|p1: Ritualist|move: Stealth Rock
|
|-heal|p1a: Magician|111\/324 brn|[from] item: Leftovers
|-heal|p2a: batman friend|166\/372|[from] item: Leftovers
|-damage|p1a: Magician|71\/324 brn|[from] brn
|turn|78
|
|move|p1a: Magician|Will-O-Wisp|p2a: batman friend
|-status|p2a: batman friend|brn
|move|p2a: batman friend|Roar|p1a: Magician
|drag|p1a: Warrior|Donphan, M|319\/382
|-damage|p1a: Warrior|296\/382|[from] Stealth Rock
|
|-heal|p2a: batman friend|189\/372 brn|[from] item: Leftovers
|-heal|p1a: Warrior|319\/382|[from] item: Leftovers
|-damage|p2a: batman friend|143\/372 brn|[from] brn
|turn|79
|
|switch|p1a: Healer|Blissey, F, shiny|714\/714
|-damage|p1a: Healer|625\/714|[from] Stealth Rock
|move|p2a: batman friend|Scald|p1a: Healer
|-damage|p1a: Healer|564\/714
|
|-heal|p2a: batman friend|166\/372 brn|[from] item: Leftovers
|-heal|p1a: Healer|608\/714|[from] item: Leftovers
|-damage|p2a: batman friend|120\/372 brn|[from] brn
|turn|80
|
|switch|p2a: Mega-Luvdisc|Alomomola, M, shiny|534\/534
|-damage|p2a: Mega-Luvdisc|468\/534|[from] Stealth Rock
|move|p1a: Healer|Seismic Toss|p2a: Mega-Luvdisc
|-damage|p2a: Mega-Luvdisc|368\/534
|-damage|p1a: Healer|489\/714|[from] item: Rocky Helmet|[of] p2a: Mega-Luvdisc
|
|-heal|p1a: Healer|533\/714|[from] item: Leftovers
|turn|81
|
|move|p2a: Mega-Luvdisc|Wish|p2a: Mega-Luvdisc
|move|p1a: Healer|Wish|p1a: Healer
|
|-heal|p1a: Healer|577\/714|[from] item: Leftovers
|turn|82
|
|switch|p2a: I need Secret Poti|Ampharos-Mega, F|159\/384
|-damage|p2a: I need Secret Poti|111\/384|[from] Stealth Rock
|-ability|p2a: I need Secret Poti|Mold Breaker
|switch|p1a: Warrior|Donphan, M|319\/382
|-damage|p1a: Warrior|296\/382|[from] Stealth Rock
|
|-heal|p1a: Warrior|382\/382|[from] move: Wish|[wisher] Healer
|-heal|p2a: I need Secret Poti|378\/384|[from] move: Wish|[wisher] Mega-Luvdisc
|turn|83
|
|switch|p2a: Mega-Luvdisc|Alomomola, M, shiny|534\/534
|-damage|p2a: Mega-Luvdisc|468\/534|[from] Stealth Rock
|move|p1a: Warrior|Earthquake|p2a: Mega-Luvdisc
|-damage|p2a: Mega-Luvdisc|351\/534
|
|turn|84
|
|move|p2a: Mega-Luvdisc|Wish|p2a: Mega-Luvdisc
|move|p1a: Warrior|Rapid Spin|p2a: Mega-Luvdisc
|-damage|p2a: Mega-Luvdisc|334\/534
|-damage|p1a: Warrior|319\/382|[from] item: Rocky Helmet|[of] p2a: Mega-Luvdisc
|-sideend|p1: Ritualist|Stealth Rock|[from] move: Rapid Spin|[of] p1a: Warrior
|
|-heal|p1a: Warrior|342\/382|[from] item: Leftovers
|turn|85
|
|switch|p2a: sonic the shaymin|Shaymin|182\/342
|-damage|p2a: sonic the shaymin|140\/342|[from] Stealth Rock
|move|p1a: Warrior|Earthquake|p2a: sonic the shaymin
|-resisted|p2a: sonic the shaymin
|-damage|p2a: sonic the shaymin|66\/342
|
|-heal|p2a: sonic the shaymin|333\/342|[from] move: Wish|[wisher] Mega-Luvdisc
|-heal|p1a: Warrior|365\/382|[from] item: Leftovers
|turn|86
|
|switch|p2a: Crocune Any One|Toxicroak, F, shiny|277\/307
|-damage|p2a: Crocune Any One|258\/307|[from] Stealth Rock
|switch|p1a: Healer|Blissey, F, shiny|577\/714
|
|-heal|p1a: Healer|621\/714|[from] item: Leftovers
|turn|87
|
|switch|p1a: Warrior|Donphan, M|365\/382
|move|p2a: Crocune Any One|Drain Punch|p1a: Warrior
|-damage|p1a: Warrior|266\/382
|-heal|p2a: Crocune Any One|307\/307|[from] drain|[of] p1a: Warrior
|-damage|p2a: Crocune Any One|277\/307|[from] item: Life Orb
|
|-heal|p1a: Warrior|289\/382|[from] item: Leftovers
|turn|88
|
|switch|p2a: Mega-Luvdisc|Alomomola, M, shiny|512\/534
|-damage|p2a: Mega-Luvdisc|446\/534|[from] Stealth Rock
|switch|p1a: Ranger|Cloyster, M, shiny|181\/241
|
|turn|89
|
|move|p1a: Ranger|Substitute|p1a: Ranger
|-start|p1a: Ranger|Substitute
|-damage|p1a: Ranger|121\/241
|move|p2a: Mega-Luvdisc|Scald|p1a: Ranger
|-resisted|p1a: Ranger
|-activate|p1a: Ranger|Substitute|[damage]
|
|turn|90
|
|move|p1a: Ranger|Shell Smash|p1a: Ranger
|-boost|p1a: Ranger|atk|2
|-boost|p1a: Ranger|spa|2
|-boost|p1a: Ranger|spe|2
|-unboost|p1a: Ranger|def|1
|-unboost|p1a: Ranger|spd|1
|move|p2a: Mega-Luvdisc|Scald|p1a: Ranger
|-resisted|p1a: Ranger
|-end|p1a: Ranger|Substitute
|
|turn|91
|
|move|p1a: Ranger|Substitute|p1a: Ranger
|-start|p1a: Ranger|Substitute
|-damage|p1a: Ranger|61\/241
|move|p2a: Mega-Luvdisc|Scald|p1a: Ranger
|-resisted|p1a: Ranger
|-end|p1a: Ranger|Substitute
|
|turn|92
|
|move|p1a: Ranger|Rock Blast|p2a: Mega-Luvdisc
|-damage|p2a: Mega-Luvdisc|401\/534
|-damage|p2a: Mega-Luvdisc|353\/534
|-damage|p2a: Mega-Luvdisc|307\/534
|-damage|p2a: Mega-Luvdisc|262\/534
|-damage|p2a: Mega-Luvdisc|221\/534
|-hitcount|p2a: Mega-Luvdisc|5
|move|p2a: Mega-Luvdisc|Scald|p1a: Ranger
|-resisted|p1a: Ranger
|-damage|p1a: Ranger|0 fnt
|faint|p1a: Ranger
|
|
|switch|p1a: Defender|Shuckle, M|226\/244
|turn|93
|
|switch|p2a: Crocune Any One|Toxicroak, F, shiny|277\/307
|-damage|p2a: Crocune Any One|258\/307|[from] Stealth Rock
|move|p1a: Defender|Infestation|p2a: Crocune Any One
|-resisted|p2a: Crocune Any One
|-damage|p2a: Crocune Any One|256\/307
|-activate|p2a: Crocune Any One|move: Infestation|[of] p1a: Defender
|
|-heal|p1a: Defender|241\/244|[from] item: Leftovers
|-damage|p2a: Crocune Any One|218\/307|[from] move: Infestation|[partiallytrapped]
|turn|94
|
|move|p2a: Crocune Any One|Swords Dance|p2a: Crocune Any One
|-boost|p2a: Crocune Any One|atk|2
|move|p1a: Defender|Shell Smash|p1a: Defender
|-unboost|p1a: Defender|atk|2
|-unboost|p1a: Defender|spa|2
|-unboost|p1a: Defender|spe|2
|-boost|p1a: Defender|def|1
|-boost|p1a: Defender|spd|1
|
|-heal|p1a: Defender|244\/244|[from] item: Leftovers
|-damage|p2a: Crocune Any One|180\/307|[from] move: Infestation|[partiallytrapped]
|turn|95
|
|move|p2a: Crocune Any One|Drain Punch|p1a: Defender
|-crit|p1a: Defender
|-damage|p1a: Defender|69\/244
|-heal|p2a: Crocune Any One|268\/307|[from] drain|[of] p1a: Defender
|-damage|p2a: Crocune Any One|238\/307|[from] item: Life Orb
|move|p1a: Defender|Shell Smash|p1a: Defender
|-unboost|p1a: Defender|atk|2
|-unboost|p1a: Defender|spa|2
|-unboost|p1a: Defender|spe|2
|-boost|p1a: Defender|def|1
|-boost|p1a: Defender|spd|1
|
|-heal|p1a: Defender|84\/244|[from] item: Leftovers
|-damage|p2a: Crocune Any One|200\/307|[from] move: Infestation|[partiallytrapped]
|turn|96
|
|move|p2a: Crocune Any One|Swords Dance|p2a: Crocune Any One
|-boost|p2a: Crocune Any One|atk|2
|move|p1a: Defender|Shell Smash|p1a: Defender
|-unboost|p1a: Defender|atk|2
|-unboost|p1a: Defender|spa|2
|-unboost|p1a: Defender|spe|2
|-boost|p1a: Defender|def|1
|-boost|p1a: Defender|spd|1
|
|-heal|p1a: Defender|99\/244|[from] item: Leftovers
|-damage|p2a: Crocune Any One|162\/307|[from] move: Infestation|[partiallytrapped]
|turn|97
|
|move|p2a: Crocune Any One|Drain Punch|p1a: Defender
|-damage|p1a: Defender|25\/244
|-heal|p2a: Crocune Any One|199\/307|[from] drain|[of] p1a: Defender
|-damage|p2a: Crocune Any One|169\/307|[from] item: Life Orb
|move|p1a: Defender|Shell Smash|p1a: Defender
|-boost|p1a: Defender|def|1
|-boost|p1a: Defender|spd|1
|
|-heal|p1a: Defender|40\/244|[from] item: Leftovers
|-end|p2a: Crocune Any One|Infestation|[partiallytrapped]
|turn|98
|
|move|p2a: Crocune Any One|Drain Punch|p1a: Defender
|-damage|p1a: Defender|0 fnt
|-heal|p2a: Crocune Any One|189\/307|[from] drain|[of] p1a: Defender
|-damage|p2a: Crocune Any One|159\/307|[from] item: Life Orb
|faint|p1a: Defender
|
|
|switch|p1a: Magician|Mismagius, F|71\/324 brn
|turn|99
|
|move|p1a: Magician|Destiny Bond|p1a: Magician
|-singlemove|p1a: Magician|Destiny Bond
|move|p2a: Crocune Any One|Drain Punch|p1a: Magician
|-immune|p1a: Magician|[msg]
|
|-heal|p1a: Magician|91\/324 brn|[from] item: Leftovers
|-damage|p1a: Magician|51\/324 brn|[from] brn
|turn|100
|
|move|p1a: Magician|Destiny Bond|p1a: Magician
|-singlemove|p1a: Magician|Destiny Bond
|move|p2a: Crocune Any One|Drain Punch|p1a: Magician
|-immune|p1a: Magician|[msg]
|
|-heal|p1a: Magician|71\/324 brn|[from] item: Leftovers
|-damage|p1a: Magician|31\/324 brn|[from] brn
|turn|101
|
|move|p1a: Magician|Will-O-Wisp|p2a: Crocune Any One
|-status|p2a: Crocune Any One|brn
|move|p2a: Crocune Any One|Ice Punch|p1a: Magician
|-damage|p1a: Magician|0 fnt
|-damage|p2a: Crocune Any One|129\/307 brn|[from] item: Life Orb
|faint|p1a: Magician
|
|-damage|p2a: Crocune Any One|91\/307 brn|[from] brn
|
|switch|p1a: Warrior|Donphan, M|289\/382
|turn|102
|
|switch|p2a: Mega-Luvdisc|Alomomola, M, shiny|399\/534
|-damage|p2a: Mega-Luvdisc|333\/534|[from] Stealth Rock
|move|p1a: Warrior|Earthquake|p2a: Mega-Luvdisc
|-damage|p2a: Mega-Luvdisc|216\/534
|
|-heal|p1a: Warrior|312\/382|[from] item: Leftovers
|turn|103
|
|move|p2a: Mega-Luvdisc|Wish|p2a: Mega-Luvdisc
|move|p1a: Warrior|Earthquake|p2a: Mega-Luvdisc
|-damage|p2a: Mega-Luvdisc|101\/534
|
|-heal|p1a: Warrior|335\/382|[from] item: Leftovers
|turn|104
|
|move|p2a: Mega-Luvdisc|Protect|p2a: Mega-Luvdisc
|-singleturn|p2a: Mega-Luvdisc|Protect
|move|p1a: Warrior|Earthquake|p2a: Mega-Luvdisc
|-activate|p2a: Mega-Luvdisc|Protect
|
|-heal|p2a: Mega-Luvdisc|368\/534|[from] move: Wish|[wisher] Mega-Luvdisc
|-heal|p1a: Warrior|358\/382|[from] item: Leftovers
|turn|105
|-message|Ritualist forfeited.
|
|win|jayarceus29
|raw|Ladder updating...
|leave|Ritualist
|player|p1
|raw|Ritualist's rating: 1324 &rarr; <strong>1300<\/strong><br \/>(-24 for losing)
|raw|jayarceus29's rating: 1248 &rarr; <strong>1278<\/strong><br \/>(+30 for winning)