|join|Ritualist
|join|Goat Warrior
|player|p1|Ritualist|205
|player|p2|Goat Warrior|114
|gametype|singles
|gen|6
|tier|UU
|rated
|rule|Sleep Clause Mod: Limit one foe put to sleep
|rule|Species Clause: Limit one of each PokÃ©mon
|rule|OHKO Clause: OHKO moves are banned
|rule|Moody Clause: Moody is banned
|rule|Evasion Moves Clause: Evasion moves are banned
|rule|Endless Battle Clause: Forcing endless battles is banned
|rule|HP Percentage Mod: HP is shown in percentages
|clearpoke
|poke|p1|Donphan, M
|poke|p1|Blissey, F, shiny
|poke|p1|Cloyster, M, shiny
|poke|p1|Whimsicott, F
|poke|p1|Shuckle, M
|poke|p1|Jirachi
|poke|p2|Krookodile, F
|poke|p2|Lucario, F
|poke|p2|Sceptile, F
|poke|p2|Forretress, F, shiny
|poke|p2|Darmanitan, M
|poke|p2|Vaporeon, M, shiny
|rule|Swagger Clause: Swagger is banned
|rule|Baton Pass Clause: Limit one PokÃ©mon knowing Baton Pass
|teampreview
|
|start
|switch|p1a: Magician|Jirachi|342\/342
|switch|p2a: Krookodile|Krookodile, F|372\/372
|-ability|p2a: Krookodile|Intimidate|[of] p1a: Magician
|-unboost|p1a: Magician|atk|1
|turn|1
|
|move|p1a: Magician|U-turn|p2a: Krookodile
|-supereffective|p2a: Krookodile
|-damage|p2a: Krookodile|294\/372
|
|switch|p1a: Assassin|Whimsicott, F|230\/230
|move|p2a: Krookodile|Stealth Rock|p1a: Assassin
|-sidestart|p1: Ritualist|move: Stealth Rock
|
|-heal|p2a: Krookodile|317\/372|[from] item: Leftovers
|turn|2
|
|switch|p2a: Forretress|Forretress, F, shiny|354\/354
|move|p1a: Assassin|Encore|p2a: Forretress
|-fail|p2a: Forretress
|
|turn|3
|
|switch|p1a: Warrior|Donphan, M|381\/381
|-damage|p1a: Warrior|358\/381|[from] Stealth Rock
|move|p2a: Forretress|Spikes|p1a: Warrior
|-sidestart|p1: Ritualist|Spikes
|
|-heal|p1a: Warrior|381\/381|[from] item: Leftovers
|turn|4
|
|switch|p2a: Vaporeon|Vaporeon, M, shiny|464\/464
|move|p1a: Warrior|Rapid Spin|p2a: Vaporeon
|-damage|p2a: Vaporeon|441\/464
|-sideend|p1: Ritualist|Spikes|[from] move: Rapid Spin|[of] p1a: Warrior
|-sideend|p1: Ritualist|Stealth Rock|[from] move: Rapid Spin|[of] p1a: Warrior
|
|-heal|p2a: Vaporeon|464\/464|[from] item: Leftovers
|turn|5
|
|switch|p1a: Assassin|Whimsicott, F|230\/230
|move|p2a: Vaporeon|Scald|p1a: Assassin
|-resisted|p1a: Assassin
|-damage|p1a: Assassin|185\/230
|
|-heal|p1a: Assassin|199\/230|[from] item: Leftovers
|turn|6
|
|move|p1a: Assassin|Leech Seed|p2a: Vaporeon
|-start|p2a: Vaporeon|move: Leech Seed
|move|p2a: Vaporeon|Baton Pass|p2a: Vaporeon
|
|switch|p2a: Sceptile|Sceptile, F|282\/282
|
|-heal|p1a: Assassin|213\/230|[from] item: Leftovers
|-damage|p2a: Sceptile|247\/282|[from] Leech Seed|[of] p1a: Assassin
|-heal|p1a: Assassin|230\/230|[silent]
|turn|7
|
|switch|p2a: Forretress|Forretress, F, shiny|354\/354
|move|p1a: Assassin|Substitute|p1a: Assassin
|-start|p1a: Assassin|Substitute
|-damage|p1a: Assassin|173\/230
|
|-heal|p1a: Assassin|187\/230|[from] item: Leftovers
|turn|8
|
|move|p1a: Assassin|Leech Seed|p2a: Forretress
|-start|p2a: Forretress|move: Leech Seed
|move|p2a: Forretress|Spikes|p1a: Assassin
|-sidestart|p1: Ritualist|Spikes
|
|-heal|p1a: Assassin|201\/230|[from] item: Leftovers
|-damage|p2a: Forretress|310\/354|[from] Leech Seed|[of] p1a: Assassin
|-heal|p1a: Assassin|230\/230|[silent]
|turn|9
|
|switch|p1a: Warrior|Donphan, M|381\/381
|-damage|p1a: Warrior|334\/381|[from] Spikes
|move|p2a: Forretress|Spikes|p1a: Warrior
|-sidestart|p1: Ritualist|Spikes
|
|-heal|p1a: Warrior|357\/381|[from] item: Leftovers
|-heal|p2a: Forretress|332\/354|[from] item: Leftovers
|-damage|p2a: Forretress|288\/354|[from] Leech Seed|[of] p1a: Warrior
|-heal|p1a: Warrior|381\/381|[silent]
|turn|10
|
|switch|p2a: Vaporeon|Vaporeon, M, shiny|464\/464
|move|p1a: Warrior|Rapid Spin|p2a: Vaporeon
|-damage|p2a: Vaporeon|438\/464
|-sideend|p1: Ritualist|Spikes|[from] move: Rapid Spin|[of] p1a: Warrior
|
|-heal|p2a: Vaporeon|464\/464|[from] item: Leftovers
|turn|11
|
|switch|p1a: Assassin|Whimsicott, F|230\/230
|move|p2a: Vaporeon|Baton Pass|p2a: Vaporeon
|
|switch|p2a: Darmanitan|Darmanitan, M|352\/352
|
|turn|12
|
|move|p1a: Assassin|Substitute|p1a: Assassin
|-start|p1a: Assassin|Substitute
|-damage|p1a: Assassin|173\/230
|move|p2a: Darmanitan|Flare Blitz|p1a: Assassin
|-supereffective|p1a: Assassin
|-end|p1a: Assassin|Substitute
|-damage|p2a: Darmanitan|333\/352|[from] recoil|[of] p1a: Assassin
|
|-heal|p1a: Assassin|187\/230|[from] item: Leftovers
|turn|13
|
|move|p1a: Assassin|Leech Seed|p2a: Darmanitan
|-start|p2a: Darmanitan|move: Leech Seed
|move|p2a: Darmanitan|Flare Blitz|p1a: Assassin
|-supereffective|p1a: Assassin
|-damage|p1a: Assassin|0 fnt
|-damage|p2a: Darmanitan|271\/352|[from] recoil|[of] p1a: Assassin
|faint|p1a: Assassin
|
|
|switch|p1a: Magician|Jirachi|342\/342
|turn|14
|
|switch|p2a: Krookodile|Krookodile, F|317\/372
|-ability|p2a: Krookodile|Intimidate|[of] p1a: Magician
|-unboost|p1a: Magician|atk|1
|move|p1a: Magician|Thunder Wave|p2a: Krookodile
|-immune|p2a: Krookodile|[msg]
|
|-heal|p2a: Krookodile|340\/372|[from] item: Leftovers
|turn|15
|
|move|p1a: Magician|Stealth Rock|p2a: Krookodile
|-sidestart|p2: Goat Warrior|move: Stealth Rock
|move|p2a: Krookodile|Knock Off|p1a: Magician
|-supereffective|p1a: Magician
|-damage|p1a: Magician|70\/342
|-enditem|p1a: Magician|Leftovers|[from] move: Knock Off|[of] p2a: Krookodile
|
|-heal|p2a: Krookodile|363\/372|[from] item: Leftovers
|turn|16
|
|move|p1a: Magician|U-turn|p2a: Krookodile
|-supereffective|p2a: Krookodile
|-damage|p2a: Krookodile|289\/372
|
|switch|p1a: Warrior|Donphan, M|381\/381
|move|p2a: Krookodile|Knock Off|p1a: Warrior
|-damage|p1a: Warrior|293\/381
|-enditem|p1a: Warrior|Leftovers|[from] move: Knock Off|[of] p2a: Krookodile
|
|-heal|p2a: Krookodile|312\/372|[from] item: Leftovers
|turn|17
|
|switch|p2a: Forretress|Forretress, F, shiny|288\/354
|-damage|p2a: Forretress|244\/354|[from] Stealth Rock
|move|p1a: Warrior|Earthquake|p2a: Forretress
|-damage|p2a: Forretress|154\/354
|
|-heal|p2a: Forretress|176\/354|[from] item: Leftovers
|turn|18
|
|move|p1a: Warrior|Knock Off|p2a: Forretress
|-damage|p2a: Forretress|121\/354
|-enditem|p2a: Forretress|Leftovers|[from] move: Knock Off|[of] p1a: Warrior
|move|p2a: Forretress|Rapid Spin|p1a: Warrior
|-damage|p1a: Warrior|283\/381
|-sideend|p2: Goat Warrior|Stealth Rock|[from] move: Rapid Spin|[of] p2a: Forretress
|
|turn|19
|
|switch|p1a: Magician|Jirachi|70\/342
|switch|p2a: Krookodile|Krookodile, F|312\/372
|-ability|p2a: Krookodile|Intimidate|[of] p1a: Magician
|-unboost|p1a: Magician|atk|1
|
|-heal|p2a: Krookodile|335\/372|[from] item: Leftovers
|turn|20
|
|move|p1a: Magician|Stealth Rock|p2a: Krookodile
|-sidestart|p2: Goat Warrior|move: Stealth Rock
|move|p2a: Krookodile|Earthquake|p1a: Magician
|-supereffective|p1a: Magician
|-damage|p1a: Magician|0 fnt
|faint|p1a: Magician
|
|-heal|p2a: Krookodile|358\/372|[from] item: Leftovers
|
|switch|p1a: Warrior|Donphan, M|283\/381
|turn|21
|
|switch|p2a: Sceptile|Sceptile, F|247\/282
|-damage|p2a: Sceptile|212\/282|[from] Stealth Rock
|move|p1a: Warrior|Knock Off|p2a: Sceptile
|-damage|p2a: Sceptile|124\/282
|
|turn|22
|
|switch|p2a: Vaporeon|Vaporeon, M, shiny|464\/464
|-damage|p2a: Vaporeon|406\/464|[from] Stealth Rock
|switch|p1a: Healer|Blissey, F, shiny|714\/714
|
|-heal|p2a: Vaporeon|435\/464|[from] item: Leftovers
|turn|23
|
|switch|p1a: Ranger|Cloyster, M, shiny|241\/241
|move|p2a: Vaporeon|Wish|p2a: Vaporeon
|
|-heal|p2a: Vaporeon|464\/464|[from] item: Leftovers
|turn|24
|
|move|p1a: Ranger|Substitute|p1a: Ranger
|-start|p1a: Ranger|Substitute
|-damage|p1a: Ranger|181\/241
|move|p2a: Vaporeon|Baton Pass|p2a: Vaporeon
|
|switch|p2a: Forretress|Forretress, F, shiny|121\/354
|-damage|p2a: Forretress|77\/354|[from] Stealth Rock
|
|-heal|p2a: Forretress|309\/354|[from] move: Wish|[wisher] Vaporeon
|turn|25
|
|move|p1a: Ranger|Shell Smash|p1a: Ranger
|-boost|p1a: Ranger|atk|2
|-boost|p1a: Ranger|spa|2
|-boost|p1a: Ranger|spe|2
|-unboost|p1a: Ranger|def|1
|-unboost|p1a: Ranger|spd|1
|move|p2a: Forretress|Gyro Ball|p1a: Ranger
|-end|p1a: Ranger|Substitute
|
|turn|26
|
|move|p1a: Ranger|Rock Blast|p2a: Forretress
|-damage|p2a: Forretress|276\/354
|-damage|p2a: Forretress|242\/354
|-damage|p2a: Forretress|209\/354
|-damage|p2a: Forretress|175\/354
|-damage|p2a: Forretress|142\/354
|-hitcount|p2a: Forretress|5
|cant|p2a: Forretress|flinch
|
|turn|27
|
|move|p1a: Ranger|Rock Blast|p2a: Forretress
|-damage|p2a: Forretress|109\/354
|-damage|p2a: Forretress|74\/354
|-damage|p2a: Forretress|41\/354
|-damage|p2a: Forretress|6\/354
|-crit|p2a: Forretress
|-damage|p2a: Forretress|0 fnt
|-hitcount|p2a: Forretress|5
|faint|p2a: Forretress
|
|c|âGoat Warrior|really
|
|switch|p2a: Krookodile|Krookodile, F|358\/372
|-damage|p2a: Krookodile|335\/372|[from] Stealth Rock
|-ability|p2a: Krookodile|Intimidate|[of] p1a: Ranger
|-unboost|p1a: Ranger|atk|1
|turn|28
|
|move|p1a: Ranger|Icicle Spear|p2a: Krookodile
|-supereffective|p2a: Krookodile
|-damage|p2a: Krookodile|237\/372
|-supereffective|p2a: Krookodile
|-damage|p2a: Krookodile|139\/372
|-supereffective|p2a: Krookodile
|-damage|p2a: Krookodile|31\/372
|-supereffective|p2a: Krookodile
|-damage|p2a: Krookodile|0 fnt
|-hitcount|p2a: Krookodile|4
|faint|p2a: Krookodile
|
|
|switch|p2a: Lucario|Lucario, F|282\/282
|-damage|p2a: Lucario|274\/282|[from] Stealth Rock
|turn|29
|
|move|p1a: Ranger|Icicle Spear|p2a: Lucario
|-resisted|p2a: Lucario
|-damage|p2a: Lucario|231\/282
|-resisted|p2a: Lucario
|-damage|p2a: Lucario|190\/282
|-resisted|p2a: Lucario
|-damage|p2a: Lucario|152\/282
|-resisted|p2a: Lucario
|-damage|p2a: Lucario|113\/282
|-resisted|p2a: Lucario
|-damage|p2a: Lucario|74\/282
|-hitcount|p2a: Lucario|5
|move|p2a: Lucario|Close Combat|p1a: Ranger
|-supereffective|p1a: Ranger
|-damage|p1a: Ranger|0 fnt
|-unboost|p2a: Lucario|def|1
|-unboost|p2a: Lucario|spd|1
|-damage|p2a: Lucario|46\/282|[from] item: Life Orb
|faint|p1a: Ranger
|
|c|âGoat Warrior|ur such a poopyhead
|
|switch|p1a: Warrior|Donphan, M|283\/381
|turn|30
|
|switch|p2a: Vaporeon|Vaporeon, M, shiny|464\/464
|-damage|p2a: Vaporeon|406\/464|[from] Stealth Rock
|move|p1a: Warrior|Earthquake|p2a: Vaporeon
|-damage|p2a: Vaporeon|232\/464
|
|-heal|p2a: Vaporeon|261\/464|[from] item: Leftovers
|turn|31
|
|move|p2a: Vaporeon|Wish|p2a: Vaporeon
|move|p1a: Warrior|Knock Off|p2a: Vaporeon
|-damage|p2a: Vaporeon|152\/464
|-enditem|p2a: Vaporeon|Leftovers|[from] move: Knock Off|[of] p1a: Warrior
|
|turn|32
|
|move|p2a: Vaporeon|Protect|p2a: Vaporeon
|-singleturn|p2a: Vaporeon|Protect
|move|p1a: Warrior|Earthquake|p2a: Vaporeon
|-activate|p2a: Vaporeon|Protect
|
|-heal|p2a: Vaporeon|384\/464|[from] move: Wish|[wisher] Vaporeon
|turn|33
|
|move|p2a: Vaporeon|Scald|p1a: Warrior
|-supereffective|p1a: Warrior
|-damage|p1a: Warrior|0 fnt
|faint|p1a: Warrior
|
|
|switch|p1a: Defender|Shuckle, M|244\/244
|turn|34
|
|move|p2a: Vaporeon|Wish|p2a: Vaporeon
|move|p1a: Defender|Shell Smash|p1a: Defender
|-unboost|p1a: Defender|atk|2
|-unboost|p1a: Defender|spa|2
|-unboost|p1a: Defender|spe|2
|-boost|p1a: Defender|def|1
|-boost|p1a: Defender|spd|1
|
|turn|35
|
|move|p2a: Vaporeon|Baton Pass|p2a: Vaporeon
|
|switch|p2a: Lucario|Lucario, F|46\/282
|-damage|p2a: Lucario|38\/282|[from] Stealth Rock
|move|p1a: Defender|Infestation|p2a: Lucario
|-crit|p2a: Lucario
|-resisted|p2a: Lucario
|-damage|p2a: Lucario|35\/282
|-activate|p2a: Lucario|move: Infestation|[of] p1a: Defender
|
|-heal|p2a: Lucario|267\/282|[from] move: Wish|[wisher] Vaporeon
|-damage|p2a: Lucario|232\/282|[from] move: Infestation|[partiallytrapped]
|turn|36
|
|move|p2a: Lucario|Swords Dance|p2a: Lucario
|-boost|p2a: Lucario|atk|2
|move|p1a: Defender|Shell Smash|p1a: Defender
|-unboost|p1a: Defender|atk|2
|-unboost|p1a: Defender|spa|2
|-unboost|p1a: Defender|spe|2
|-boost|p1a: Defender|def|1
|-boost|p1a: Defender|spd|1
|
|-damage|p2a: Lucario|197\/282|[from] move: Infestation|[partiallytrapped]
|turn|37
|
|move|p2a: Lucario|Swords Dance|p2a: Lucario
|-boost|p2a: Lucario|atk|2
|move|p1a: Defender|Shell Smash|p1a: Defender
|-unboost|p1a: Defender|atk|2
|-unboost|p1a: Defender|spa|2
|-unboost|p1a: Defender|spe|2
|-boost|p1a: Defender|def|1
|-boost|p1a: Defender|spd|1
|
|-damage|p2a: Lucario|162\/282|[from] move: Infestation|[partiallytrapped]
|turn|38
|
|move|p2a: Lucario|Swords Dance|p2a: Lucario
|-boost|p2a: Lucario|atk|2
|move|p1a: Defender|Shell Smash|p1a: Defender
|-boost|p1a: Defender|def|1
|-boost|p1a: Defender|spd|1
|
|-damage|p2a: Lucario|127\/282|[from] move: Infestation|[partiallytrapped]
|turn|39
|
|move|p2a: Lucario|Iron Tail|p1a: Defender
|-crit|p1a: Defender
|-supereffective|p1a: Defender
|-damage|p1a: Defender|0 fnt
|-damage|p2a: Lucario|99\/282|[from] item: Life Orb
|faint|p1a: Defender
|
|-end|p2a: Lucario|Infestation|[partiallytrapped]
|-message|Ritualist forfeited.
|
|win|Goat Warrior
|raw|Ladder updating...
|raw|Ritualist's rating: 1366 &rarr; <strong>1350<\/strong><br \/>(-16 for losing)
|raw|Goat Warrior's rating: 1453 &rarr; <strong>1468<\/strong><br \/>(+15 for winning)
|leave|Ritualist
|player|p1