|join|DaWeezingDuckDH
|join|Ritualist
|player|p1|DaWeezingDuckDH|1
|player|p2|Ritualist|266
|gametype|singles
|gen|6
|tier|UU
|rated
|rule|Sleep Clause Mod: Limit one foe put to sleep
|rule|Species Clause: Limit one of each PokÃ©mon
|rule|OHKO Clause: OHKO moves are banned
|rule|Moody Clause: Moody is banned
|rule|Evasion Moves Clause: Evasion moves are banned
|rule|Endless Battle Clause: Forcing endless battles is banned
|rule|HP Percentage Mod: HP is shown in percentages
|clearpoke
|poke|p1|Cresselia, F
|poke|p1|Weezing, M
|poke|p1|Absol, F
|poke|p1|Vaporeon, M
|poke|p1|Serperior, M
|poke|p1|Crobat, F
|poke|p2|Donphan, M
|poke|p2|Blissey, F
|poke|p2|Cloyster, M, shiny
|poke|p2|Whimsicott, F
|poke|p2|Shuckle, M
|poke|p2|Xatu, F
|rule|Swagger Clause: Swagger is banned
|rule|Baton Pass Clause: Limit one PokÃ©mon knowing Baton Pass
|teampreview
|
|start
|switch|p1a: Absol 4.57|Absol, F|271\/271
|switch|p2a: Ranger|Cloyster, M, shiny|210\/210
|turn|1
|
|detailschange|p1a: Absol 4.57|Absol-Mega, F
|-mega|p1a: Absol 4.57|Absol|Absolite
|move|p1a: Absol 4.57|Knock Off|p2a: Ranger
|-damage|p2a: Ranger|93\/210
|-enditem|p2a: Ranger|Razor Fang|[from] move: Knock Off|[of] p1a: Absol 4.57
|move|p2a: Ranger|Icicle Spear|p1a: Absol 4.57
|-damage|p1a: Absol 4.57|207\/271
|-damage|p1a: Absol 4.57|149\/271
|-damage|p1a: Absol 4.57|86\/271
|-damage|p1a: Absol 4.57|26\/271
|-damage|p1a: Absol 4.57|0 fnt
|-hitcount|p1a: Absol 4.57|5
|faint|p1a: Absol 4.57
|
|
|switch|p1a: Serperior 0.04|Serperior, M|291\/291
|turn|2
|
|switch|p2a: Assassin|Whimsicott, F|230\/230
|move|p1a: Serperior 0.04|Leaf Storm|p2a: Assassin|[miss]
|-miss|p1a: Serperior 0.04|p2a: Assassin
|
|turn|3
|
|move|p2a: Assassin|Toxic|p1a: Serperior 0.04
|-status|p1a: Serperior 0.04|tox
|move|p1a: Serperior 0.04|Glare|p2a: Assassin
|-status|p2a: Assassin|par
|
|-damage|p1a: Serperior 0.04|273\/291 tox|[from] psn
|turn|4
|
|switch|p1a: Weezing 1.07|Weezing, M|334\/334
|switch|p2a: Healer|Blissey, F|714\/714
|
|turn|5
|
|move|p1a: Weezing 1.07|Sludge Bomb|p2a: Healer
|-damage|p2a: Healer|663\/714
|move|p2a: Healer|Heal Bell|p2a: Healer
|-cureteam|p2a: Healer|[from] move: HealBell
|
|-heal|p2a: Healer|707\/714|[from] item: Leftovers
|turn|6
|
|move|p1a: Weezing 1.07|Toxic Spikes|p2a: Healer
|-sidestart|p2: Ritualist|move: Toxic Spikes
|move|p2a: Healer|Wish|p2a: Healer
|
|-heal|p2a: Healer|714\/714|[from] item: Leftovers
|turn|7
|
|switch|p2a: Warrior|Donphan, M|381\/381
|-status|p2a: Warrior|psn
|move|p1a: Weezing 1.07|Sludge Bomb|p2a: Warrior
|-resisted|p2a: Warrior
|-damage|p2a: Warrior|306\/381 psn
|
|-heal|p2a: Warrior|381\/381 psn|[from] move: Wish|[wisher] Healer
|-damage|p2a: Warrior|334\/381 psn|[from] psn
|turn|8
|
|move|p1a: Weezing 1.07|Toxic Spikes|p2a: Warrior
|-sidestart|p2: Ritualist|move: Toxic Spikes
|move|p2a: Warrior|Stealth Rock|p1a: Weezing 1.07
|-sidestart|p1: DaWeezingDuckDH|move: Stealth Rock
|
|-heal|p2a: Warrior|357\/381 psn|[from] item: Leftovers
|-damage|p2a: Warrior|310\/381 psn|[from] psn
|turn|9
|
|move|p1a: Weezing 1.07|Flamethrower|p2a: Warrior
|-damage|p2a: Warrior|219\/381 psn
|move|p2a: Warrior|Rapid Spin|p1a: Weezing 1.07
|-damage|p1a: Weezing 1.07|322\/334
|-sideend|p2: Ritualist|Toxic Spikes|[from] move: Rapid Spin|[of] p2a: Warrior
|
|-heal|p1a: Weezing 1.07|334\/334|[from] item: Black Sludge
|-heal|p2a: Warrior|242\/381 psn|[from] item: Leftovers
|-damage|p2a: Warrior|195\/381 psn|[from] psn
|turn|10
|
|switch|p2a: Magician|Xatu, F|334\/334
|move|p1a: Weezing 1.07|Sludge Bomb|p2a: Magician
|-damage|p2a: Magician|214\/334
|
|turn|11
|
|switch|p1a: Vaporeon 8.99|Vaporeon, M|463\/463
|-damage|p1a: Vaporeon 8.99|406\/463|[from] Stealth Rock
|move|p2a: Magician|Thunder Wave|p1a: Vaporeon 8.99
|-status|p1a: Vaporeon 8.99|par
|
|-heal|p1a: Vaporeon 8.99|434\/463 par|[from] item: Leftovers
|turn|12
|
|move|p2a: Magician|Confuse Ray|p1a: Vaporeon 8.99
|-start|p1a: Vaporeon 8.99|confusion
|-activate|p1a: Vaporeon 8.99|confusion
|move|p1a: Vaporeon 8.99|Heal Bell|p1a: Vaporeon 8.99
|-cureteam|p1a: Vaporeon 8.99|[from] move: HealBell
|
|-heal|p1a: Vaporeon 8.99|462\/463|[from] item: Leftovers
|turn|13
|
|move|p2a: Magician|Thunder Wave|p1a: Vaporeon 8.99
|-status|p1a: Vaporeon 8.99|par
|-activate|p1a: Vaporeon 8.99|confusion
|move|p1a: Vaporeon 8.99|Wish|p1a: Vaporeon 8.99
|
|-heal|p1a: Vaporeon 8.99|463\/463 par|[from] item: Leftovers
|turn|14
|
|switch|p1a: Cresselia 2.19|Cresselia, F|443\/443
|-damage|p1a: Cresselia 2.19|388\/443|[from] Stealth Rock
|move|p2a: Magician|Roost|p2a: Magician
|-heal|p2a: Magician|334\/334
|
|-heal|p1a: Cresselia 2.19|443\/443|[from] move: Wish|[wisher] Vaporeon 8.99
|turn|15
|
|move|p2a: Magician|Thunder Wave|p1a: Cresselia 2.19
|-status|p1a: Cresselia 2.19|par
|move|p1a: Cresselia 2.19|Substitute|p1a: Cresselia 2.19
|-start|p1a: Cresselia 2.19|Substitute
|-damage|p1a: Cresselia 2.19|333\/443 par
|
|-heal|p1a: Cresselia 2.19|360\/443 par|[from] item: Leftovers
|turn|16
|
|move|p2a: Magician|U-turn|p1a: Cresselia 2.19
|-supereffective|p1a: Cresselia 2.19
|-activate|p1a: Cresselia 2.19|Substitute|[damage]
|
|switch|p2a: Assassin|Whimsicott, F|230\/230
|move|p1a: Cresselia 2.19|Calm Mind|p1a: Cresselia 2.19
|-boost|p1a: Cresselia 2.19|spa|1
|-boost|p1a: Cresselia 2.19|spd|1
|
|-heal|p1a: Cresselia 2.19|387\/443 par|[from] item: Leftovers
|turn|17
|
|move|p2a: Assassin|Encore|p1a: Cresselia 2.19
|-start|p1a: Cresselia 2.19|Encore
|move|p1a: Cresselia 2.19|Calm Mind|p1a: Cresselia 2.19
|-boost|p1a: Cresselia 2.19|spa|1
|-boost|p1a: Cresselia 2.19|spd|1
|
|-heal|p1a: Cresselia 2.19|414\/443 par|[from] item: Leftovers
|turn|18
|
|switch|p2a: Ranger|Cloyster, M, shiny|93\/210
|cant|p1a: Cresselia 2.19|par
|
|-heal|p1a: Cresselia 2.19|441\/443 par|[from] item: Leftovers
|turn|19
|
|move|p2a: Ranger|Shell Smash|p2a: Ranger
|-boost|p2a: Ranger|atk|2
|-boost|p2a: Ranger|spa|2
|-boost|p2a: Ranger|spe|2
|-unboost|p2a: Ranger|def|1
|-unboost|p2a: Ranger|spd|1
|move|p1a: Cresselia 2.19|Calm Mind|p1a: Cresselia 2.19
|-boost|p1a: Cresselia 2.19|spa|1
|-boost|p1a: Cresselia 2.19|spd|1
|
|-heal|p1a: Cresselia 2.19|443\/443 par|[from] item: Leftovers
|-end|p1a: Cresselia 2.19|Encore
|turn|20
|
|move|p2a: Ranger|Icicle Spear|p1a: Cresselia 2.19
|-activate|p1a: Cresselia 2.19|Substitute|[damage]
|-end|p1a: Cresselia 2.19|Substitute
|-damage|p1a: Cresselia 2.19|392\/443 par
|-damage|p1a: Cresselia 2.19|343\/443 par
|-damage|p1a: Cresselia 2.19|289\/443 par
|-hitcount|p1a: Cresselia 2.19|5
|move|p1a: Cresselia 2.19|Moonblast|p2a: Ranger
|-damage|p2a: Ranger|0 fnt
|faint|p2a: Ranger
|
|-heal|p1a: Cresselia 2.19|316\/443 par|[from] item: Leftovers
|
|switch|p2a: Assassin|Whimsicott, F|230\/230
|turn|21
|
|move|p2a: Assassin|Leech Seed|p1a: Cresselia 2.19
|-start|p1a: Cresselia 2.19|move: Leech Seed
|move|p1a: Cresselia 2.19|Psyshock|p2a: Assassin
|-damage|p2a: Assassin|77\/230
|
|-heal|p2a: Assassin|91\/230|[from] item: Leftovers
|-heal|p1a: Cresselia 2.19|343\/443 par|[from] item: Leftovers
|-damage|p1a: Cresselia 2.19|288\/443 par|[from] Leech Seed|[of] p2a: Assassin
|-heal|p2a: Assassin|146\/230|[silent]
|turn|22
|
|switch|p1a: Crobat 16.15|Crobat, F|373\/373
|-damage|p1a: Crobat 16.15|280\/373|[from] Stealth Rock
|move|p2a: Assassin|Substitute|p2a: Assassin
|-start|p2a: Assassin|Substitute
|-damage|p2a: Assassin|89\/230
|
|-heal|p1a: Crobat 16.15|303\/373|[from] item: Black Sludge
|-heal|p2a: Assassin|103\/230|[from] item: Leftovers
|turn|23
|c|âRitualist|!data cresscelia
No Pokemon, item, move, ability or nature named 'cresscelia' was found. Showing the data of 'Cresselia' instead.
|c|~|\/data-pokemon Cresselia

|
|switch|p2a: Defender|Shuckle, M|244\/244
|move|p1a: Crobat 16.15|Brave Bird|p2a: Defender
|-damage|p2a: Defender|190\/244
|-damage|p1a: Crobat 16.15|285\/373|[from] recoil|[of] p2a: Defender
|
|-heal|p1a: Crobat 16.15|308\/373|[from] item: Black Sludge
|-heal|p2a: Defender|205\/244|[from] item: Leftovers
|turn|24
|
|move|p1a: Crobat 16.15|Toxic|p2a: Defender
|-status|p2a: Defender|tox
|move|p2a: Defender|Infestation|p1a: Crobat 16.15
|-resisted|p1a: Crobat 16.15
|-damage|p1a: Crobat 16.15|307\/373
|-activate|p1a: Crobat 16.15|move: Infestation|[of] p2a: Defender
|
|-heal|p1a: Crobat 16.15|330\/373|[from] item: Black Sludge
|-heal|p2a: Defender|220\/244 tox|[from] item: Leftovers
|-damage|p2a: Defender|205\/244 tox|[from] psn
|-damage|p1a: Crobat 16.15|284\/373|[from] move: Infestation|[partiallytrapped]
|turn|25
|
|move|p1a: Crobat 16.15|Defog|p2a: Defender
|-boost|p2a: Defender|evasion|1
|-sideend|p1: DaWeezingDuckDH|Stealth Rock|[from] move: Defog|[of] p1a: Crobat 16.15
|move|p2a: Defender|Shell Smash|p2a: Defender
|-unboost|p2a: Defender|atk|2
|-unboost|p2a: Defender|spa|2
|-unboost|p2a: Defender|spe|2
|-boost|p2a: Defender|def|1
|-boost|p2a: Defender|spd|1
|
|-heal|p1a: Crobat 16.15|307\/373|[from] item: Black Sludge
|-heal|p2a: Defender|220\/244 tox|[from] item: Leftovers
|-damage|p2a: Defender|190\/244 tox|[from] psn
|-damage|p1a: Crobat 16.15|261\/373|[from] move: Infestation|[partiallytrapped]
|turn|26
|
|move|p1a: Crobat 16.15|Brave Bird|p2a: Defender|[miss]
|-miss|p1a: Crobat 16.15|p2a: Defender
|move|p2a: Defender|Rest|p2a: Defender
|-status|p2a: Defender|slp
|-heal|p2a: Defender|244\/244 slp|[silent]
|-status|p2a: Defender|slp|[from] move: Rest
|
|-heal|p1a: Crobat 16.15|284\/373|[from] item: Black Sludge
|-damage|p1a: Crobat 16.15|238\/373|[from] move: Infestation|[partiallytrapped]
|turn|27
|
|move|p1a: Crobat 16.15|Roost|p1a: Crobat 16.15
|-heal|p1a: Crobat 16.15|373\/373
|cant|p2a: Defender|slp
|
|-damage|p1a: Crobat 16.15|327\/373|[from] move: Infestation|[partiallytrapped]
|turn|28
|-message|Ritualist forfeited.
|
|win|DaWeezingDuckDH
|raw|Ladder updating...
|leave|Ritualist
|player|p2
|raw|DaWeezingDuckDH's rating: 1402 &rarr; <strong>1422<\/strong><br \/>(+20 for winning)
|raw|Ritualist's rating: 1401 &rarr; <strong>1381<\/strong><br \/>(-20 for losing)