|join|Ritualist
|join|Doouchebag
|player|p1|Ritualist|205
|player|p2|Doouchebag|266
|gametype|singles
|gen|6
|tier|UU
|rated
|rule|Sleep Clause Mod: Limit one foe put to sleep
|rule|Species Clause: Limit one of each PokÃ©mon
|rule|OHKO Clause: OHKO moves are banned
|rule|Moody Clause: Moody is banned
|rule|Evasion Moves Clause: Evasion moves are banned
|rule|Endless Battle Clause: Forcing endless battles is banned
|rule|HP Percentage Mod: HP is shown in percentages
|clearpoke
|poke|p1|Donphan, M
|poke|p1|Blissey, F, shiny
|poke|p1|Cloyster, M, shiny
|poke|p1|Whimsicott, F
|poke|p1|Shuckle, M
|poke|p1|Xatu, F, shiny
|poke|p2|Swampert, F
|poke|p2|Crobat, M
|poke|p2|Noivern, M
|poke|p2|Vaporeon, M
|poke|p2|Mienshao, M
|poke|p2|Celebi
|rule|Swagger Clause: Swagger is banned
|rule|Baton Pass Clause: Limit one PokÃ©mon knowing Baton Pass
|teampreview
|
|start
|switch|p1a: Warrior|Donphan, M|381\/381
|switch|p2a: Mienshao|Mienshao, M|271\/271
|turn|1
|
|move|p2a: Mienshao|U-turn|p1a: Warrior
|-damage|p1a: Warrior|329\/381
|
|switch|p2a: Swampert|Swampert, F|404\/404
|move|p1a: Warrior|Stealth Rock|p2a: Swampert
|-sidestart|p2: Doouchebag|move: Stealth Rock
|
|-heal|p1a: Warrior|352\/381|[from] item: Leftovers
|turn|2
|
|switch|p1a: Assassin|Whimsicott, F|230\/230
|detailschange|p2a: Swampert|Swampert-Mega, F
|-mega|p2a: Swampert|Swampert|Swampertite
|move|p2a: Swampert|Waterfall|p1a: Assassin
|-resisted|p1a: Assassin
|-damage|p1a: Assassin|168\/230
|
|-heal|p1a: Assassin|182\/230|[from] item: Leftovers
|turn|3
|
|switch|p2a: Crobat|Crobat, M|373\/373
|-damage|p2a: Crobat|280\/373|[from] Stealth Rock
|move|p1a: Assassin|Leech Seed|p2a: Crobat|[miss]
|-miss|p1a: Assassin|p2a: Crobat
|
|-heal|p2a: Crobat|303\/373|[from] item: Black Sludge
|-heal|p1a: Assassin|196\/230|[from] item: Leftovers
|turn|4
|
|switch|p1a: Defender|Shuckle, M|244\/244
|move|p2a: Crobat|Brave Bird|p1a: Defender
|-damage|p1a: Defender|189\/244
|-damage|p2a: Crobat|285\/373|[from] recoil|[of] p1a: Defender
|
|-heal|p2a: Crobat|308\/373|[from] item: Black Sludge
|-heal|p1a: Defender|204\/244|[from] item: Leftovers
|turn|5
|
|move|p2a: Crobat|Brave Bird|p1a: Defender
|-damage|p1a: Defender|150\/244
|-damage|p2a: Crobat|290\/373|[from] recoil|[of] p1a: Defender
|move|p1a: Defender|Shell Smash|p1a: Defender
|-unboost|p1a: Defender|atk|2
|-unboost|p1a: Defender|spa|2
|-unboost|p1a: Defender|spe|2
|-boost|p1a: Defender|def|1
|-boost|p1a: Defender|spd|1
|
|-heal|p2a: Crobat|313\/373|[from] item: Black Sludge
|-heal|p1a: Defender|165\/244|[from] item: Leftovers
|turn|6
|
|move|p2a: Crobat|Brave Bird|p1a: Defender
|-damage|p1a: Defender|129\/244
|-damage|p2a: Crobat|301\/373|[from] recoil|[of] p1a: Defender
|move|p1a: Defender|Toxic|p2a: Crobat
|-fail|p2a: Crobat
|
|-heal|p2a: Crobat|324\/373|[from] item: Black Sludge
|-heal|p1a: Defender|144\/244|[from] item: Leftovers
|turn|7
|
|move|p2a: Crobat|Defog|p1a: Defender
|-boost|p1a: Defender|evasion|1
|-sideend|p2: Doouchebag|Stealth Rock|[from] move: Defog|[of] p2a: Crobat
|move|p1a: Defender|Infestation|p2a: Crobat
|-resisted|p2a: Crobat
|-damage|p2a: Crobat|323\/373
|-activate|p2a: Crobat|move: Infestation|[of] p1a: Defender
|
|-heal|p2a: Crobat|346\/373|[from] item: Black Sludge
|-heal|p1a: Defender|159\/244|[from] item: Leftovers
|-damage|p2a: Crobat|300\/373|[from] move: Infestation|[partiallytrapped]
|turn|8
|
|move|p2a: Crobat|U-turn|p1a: Defender
|-damage|p1a: Defender|144\/244
|
|switch|p2a: Noivern|Noivern, M|311\/311
|move|p1a: Defender|Shell Smash|p1a: Defender
|-unboost|p1a: Defender|atk|2
|-unboost|p1a: Defender|spa|2
|-unboost|p1a: Defender|spe|2
|-boost|p1a: Defender|def|1
|-boost|p1a: Defender|spd|1
|
|-heal|p1a: Defender|159\/244|[from] item: Leftovers
|turn|9
|
|move|p2a: Noivern|Switcheroo|p1a: Defender
|-activate|p2a: Noivern|move: Trick|[of] p1a: Defender
|-item|p1a: Defender|Choice Specs|[from] Trick
|-item|p2a: Noivern|Leftovers|[from] Trick
|move|p1a: Defender|Toxic|p2a: Noivern
|-status|p2a: Noivern|tox
|
|-damage|p2a: Noivern|292\/311 tox|[from] psn
|turn|10
|
|switch|p2a: Crobat|Crobat, M|300\/373
|move|p1a: Defender|Toxic|p2a: Crobat
|-fail|p2a: Crobat
|
|-heal|p2a: Crobat|323\/373|[from] item: Black Sludge
|turn|11
|
|switch|p1a: Warrior|Donphan, M|352\/381
|move|p2a: Crobat|U-turn|p1a: Warrior
|-damage|p1a: Warrior|314\/381
|
|switch|p2a: Vaporeon|Vaporeon, M|464\/464
|
|-heal|p1a: Warrior|337\/381|[from] item: Leftovers
|turn|12
|
|switch|p1a: Magician|Xatu, F, shiny|334\/334
|move|p2a: Vaporeon|Scald|p1a: Magician
|-damage|p1a: Magician|190\/334
|
|-heal|p1a: Magician|210\/334|[from] item: Leftovers
|turn|13
|
|move|p1a: Magician|Confuse Ray|p2a: Vaporeon
|-start|p2a: Vaporeon|confusion
|-activate|p2a: Vaporeon|confusion
|move|p2a: Vaporeon|Wish|p2a: Vaporeon
|
|-heal|p1a: Magician|230\/334|[from] item: Leftovers
|turn|14
|
|switch|p2a: Mienshao|Mienshao, M|271\/271
|move|p1a: Magician|Thunder Wave|p2a: Mienshao
|-status|p2a: Mienshao|par
|
|-heal|p1a: Magician|250\/334|[from] item: Leftovers
|turn|15
|
|move|p1a: Magician|Confuse Ray|p2a: Mienshao
|-start|p2a: Mienshao|confusion
|cant|p2a: Mienshao|par
|
|-heal|p1a: Magician|270\/334|[from] item: Leftovers
|turn|16
|
|move|p1a: Magician|U-turn|p2a: Mienshao
|-resisted|p2a: Mienshao
|-damage|p2a: Mienshao|236\/271 par
|
|switch|p1a: Defender|Shuckle, M|159\/244
|cant|p2a: Mienshao|par
|
|turn|17
|
|switch|p1a: Assassin|Whimsicott, F|196\/230
|-activate|p2a: Mienshao|confusion
|-damage|p2a: Mienshao|171\/271 par|[from] confusion
|
|-heal|p1a: Assassin|210\/230|[from] item: Leftovers
|turn|18
|
|switch|p2a: Crobat|Crobat, M|323\/373
|move|p1a: Assassin|Leech Seed|p2a: Crobat|[miss]
|-miss|p1a: Assassin|p2a: Crobat
|
|-heal|p2a: Crobat|346\/373|[from] item: Black Sludge
|-heal|p1a: Assassin|224\/230|[from] item: Leftovers
|turn|19
|
|switch|p1a: Defender|Shuckle, M|159\/244
|move|p2a: Crobat|Brave Bird|p1a: Defender
|-damage|p1a: Defender|108\/244
|-damage|p2a: Crobat|329\/373|[from] recoil|[of] p1a: Defender
|
|-heal|p2a: Crobat|352\/373|[from] item: Black Sludge
|turn|20
|
|move|p2a: Crobat|Brave Bird|p1a: Defender
|-damage|p1a: Defender|54\/244
|-damage|p2a: Crobat|334\/373|[from] recoil|[of] p1a: Defender
|move|p1a: Defender|Rest|p1a: Defender
|-status|p1a: Defender|slp
|-heal|p1a: Defender|244\/244 slp|[silent]
|-status|p1a: Defender|slp|[from] move: Rest
|
|-heal|p2a: Crobat|357\/373|[from] item: Black Sludge
|turn|21
|
|switch|p1a: Warrior|Donphan, M|337\/381
|move|p2a: Crobat|U-turn|p1a: Warrior
|-damage|p1a: Warrior|302\/381
|
|switch|p2a: Vaporeon|Vaporeon, M|464\/464
|
|-heal|p1a: Warrior|325\/381|[from] item: Leftovers
|turn|22
|
|switch|p1a: Assassin|Whimsicott, F|224\/230
|move|p2a: Vaporeon|Scald|p1a: Assassin
|-resisted|p1a: Assassin
|-damage|p1a: Assassin|180\/230
|-status|p1a: Assassin|brn
|
|-heal|p1a: Assassin|194\/230 brn|[from] item: Leftovers
|-damage|p1a: Assassin|166\/230 brn|[from] brn
|turn|23
|
|switch|p2a: Crobat|Crobat, M|357\/373
|move|p1a: Assassin|Leech Seed|p2a: Crobat
|-start|p2a: Crobat|move: Leech Seed
|
|-heal|p2a: Crobat|373\/373|[from] item: Black Sludge
|-heal|p1a: Assassin|180\/230 brn|[from] item: Leftovers
|-damage|p2a: Crobat|327\/373|[from] Leech Seed|[of] p1a: Assassin
|-heal|p1a: Assassin|226\/230 brn|[silent]
|-damage|p1a: Assassin|198\/230 brn|[from] brn
|turn|24
|
|switch|p1a: Ranger|Cloyster, M, shiny|241\/241
|move|p2a: Crobat|U-turn|p1a: Ranger
|-damage|p1a: Ranger|211\/241
|
|switch|p2a: Vaporeon|Vaporeon, M|464\/464
|
|turn|25
|
|switch|p1a: Assassin|Whimsicott, F|198\/230 brn
|move|p2a: Vaporeon|Scald|p1a: Assassin
|-resisted|p1a: Assassin
|-damage|p1a: Assassin|153\/230 brn
|
|-heal|p1a: Assassin|167\/230 brn|[from] item: Leftovers
|-damage|p1a: Assassin|139\/230 brn|[from] brn
|turn|26
|
|switch|p2a: Crobat|Crobat, M|327\/373
|move|p1a: Assassin|Leech Seed|p2a: Crobat
|-start|p2a: Crobat|move: Leech Seed
|
|-heal|p2a: Crobat|350\/373|[from] item: Black Sludge
|-heal|p1a: Assassin|153\/230 brn|[from] item: Leftovers
|-damage|p2a: Crobat|304\/373|[from] Leech Seed|[of] p1a: Assassin
|-heal|p1a: Assassin|199\/230 brn|[silent]
|-damage|p1a: Assassin|171\/230 brn|[from] brn
|turn|27
|
|switch|p1a: Ranger|Cloyster, M, shiny|211\/241
|move|p2a: Crobat|U-turn|p1a: Ranger
|-crit|p1a: Ranger
|-damage|p1a: Ranger|159\/241
|
|switch|p2a: Vaporeon|Vaporeon, M|464\/464
|
|turn|28
|
|switch|p1a: Healer|Blissey, F, shiny|714\/714
|move|p2a: Vaporeon|Scald|p1a: Healer
|-damage|p1a: Healer|654\/714
|-status|p1a: Healer|brn
|
|-heal|p1a: Healer|698\/714 brn|[from] item: Leftovers
|-damage|p1a: Healer|609\/714 brn|[from] brn
|turn|29
|
|switch|p2a: Swampert|Swampert-Mega, F|404\/404
|move|p1a: Healer|Heal Bell|p1a: Healer
|-cureteam|p1a: Healer|[from] move: HealBell
|
|-heal|p1a: Healer|653\/714|[from] item: Leftovers
|turn|30
|
|switch|p1a: Assassin|Whimsicott, F|171\/230
|move|p2a: Swampert|Waterfall|p1a: Assassin
|-resisted|p1a: Assassin
|-damage|p1a: Assassin|114\/230
|
|-heal|p1a: Assassin|128\/230|[from] item: Leftovers
|turn|31
|
|switch|p2a: Crobat|Crobat, M|304\/373
|move|p1a: Assassin|Leech Seed|p2a: Crobat|[miss]
|-miss|p1a: Assassin|p2a: Crobat
|
|-heal|p2a: Crobat|327\/373|[from] item: Black Sludge
|-heal|p1a: Assassin|142\/230|[from] item: Leftovers
|turn|32
|c|âRitualist|ffs, 3rd time leech seed misses now
|
|switch|p1a: Defender|Shuckle, M|244\/244
|move|p2a: Crobat|Brave Bird|p1a: Defender
|-damage|p1a: Defender|187\/244
|-damage|p2a: Crobat|308\/373|[from] recoil|[of] p1a: Defender
|
|-heal|p2a: Crobat|331\/373|[from] item: Black Sludge
|turn|33
|
|move|p2a: Crobat|Brave Bird|p1a: Defender
|-damage|p1a: Defender|135\/244
|-damage|p2a: Crobat|314\/373|[from] recoil|[of] p1a: Defender
|move|p1a: Defender|Toxic|p2a: Crobat
|-fail|p2a: Crobat
|
|-heal|p2a: Crobat|337\/373|[from] item: Black Sludge
|turn|34
|
|switch|p1a: Warrior|Donphan, M|325\/381
|move|p2a: Crobat|Brave Bird|p1a: Warrior
|-damage|p1a: Warrior|240\/381
|-damage|p2a: Crobat|309\/373|[from] recoil|[of] p1a: Warrior
|
|-heal|p2a: Crobat|332\/373|[from] item: Black Sludge
|-heal|p1a: Warrior|263\/381|[from] item: Leftovers
|turn|35
|
|move|p2a: Crobat|U-turn|p1a: Warrior
|-damage|p1a: Warrior|230\/381
|
|switch|p2a: Vaporeon|Vaporeon, M|464\/464
|move|p1a: Warrior|Stealth Rock|p2a: Vaporeon
|-sidestart|p2: Doouchebag|move: Stealth Rock
|
|-heal|p1a: Warrior|253\/381|[from] item: Leftovers
|turn|36
|
|switch|p1a: Assassin|Whimsicott, F|142\/230
|move|p2a: Vaporeon|Wish|p2a: Vaporeon
|
|-heal|p1a: Assassin|156\/230|[from] item: Leftovers
|turn|37
|
|switch|p2a: Noivern|Noivern, M|292\/311 tox
|-damage|p2a: Noivern|215\/311 tox|[from] Stealth Rock
|move|p1a: Assassin|Leech Seed|p2a: Noivern
|-start|p2a: Noivern|move: Leech Seed
|
|-heal|p2a: Noivern|311\/311 tox|[from] move: Wish|[wisher] Vaporeon
|-heal|p1a: Assassin|170\/230|[from] item: Leftovers
|-damage|p2a: Noivern|273\/311 tox|[from] Leech Seed|[of] p1a: Assassin
|-heal|p1a: Assassin|208\/230|[silent]
|-damage|p2a: Noivern|254\/311 tox|[from] psn
|turn|38
|
|switch|p1a: Healer|Blissey, F, shiny|653\/714
|move|p2a: Noivern|Air Slash|p1a: Healer
|-damage|p1a: Healer|587\/714
|
|-heal|p2a: Noivern|273\/311 tox|[from] item: Leftovers
|-heal|p1a: Healer|631\/714|[from] item: Leftovers
|-damage|p2a: Noivern|235\/311 tox|[from] Leech Seed|[of] p1a: Healer
|-heal|p1a: Healer|669\/714|[silent]
|-damage|p2a: Noivern|197\/311 tox|[from] psn
|turn|39
|
|switch|p2a: Celebi|Celebi|403\/403
|-damage|p2a: Celebi|353\/403|[from] Stealth Rock
|move|p1a: Healer|Wish|p1a: Healer
|
|-heal|p2a: Celebi|378\/403|[from] item: Leftovers
|-heal|p1a: Healer|713\/714|[from] item: Leftovers
|turn|40
|
|switch|p1a: Magician|Xatu, F, shiny|270\/334
|move|p2a: Celebi|Stealth Rock|p1a: Magician
|move|p1a: Magician|Stealth Rock|p2a: Celebi|[from]Magic Bounce
|-fail|p2a: Celebi
|
|-heal|p1a: Magician|334\/334|[from] move: Wish|[wisher] Healer
|-heal|p2a: Celebi|403\/403|[from] item: Leftovers
|turn|41
|
|switch|p2a: Swampert|Swampert-Mega, F|404\/404
|-damage|p2a: Swampert|379\/404|[from] Stealth Rock
|move|p1a: Magician|Thunder Wave|p2a: Swampert
|-immune|p2a: Swampert|[msg]
|
|turn|42
|
|move|p1a: Magician|Confuse Ray|p2a: Swampert
|-start|p2a: Swampert|confusion
|-activate|p2a: Swampert|confusion
|-damage|p2a: Swampert|335\/404|[from] confusion
|
|turn|43
|
|move|p1a: Magician|U-turn|p2a: Swampert
|-damage|p2a: Swampert|298\/404
|
|switch|p1a: Assassin|Whimsicott, F|208\/230
|-activate|p2a: Swampert|confusion
|-damage|p2a: Swampert|253\/404|[from] confusion
|
|-heal|p1a: Assassin|222\/230|[from] item: Leftovers
|turn|44
|
|switch|p2a: Vaporeon|Vaporeon, M|464\/464
|-damage|p2a: Vaporeon|406\/464|[from] Stealth Rock
|move|p1a: Assassin|Leech Seed|p2a: Vaporeon
|-start|p2a: Vaporeon|move: Leech Seed
|
|-heal|p1a: Assassin|230\/230|[from] item: Leftovers
|-heal|p2a: Vaporeon|435\/464|[from] item: Leftovers
|-damage|p2a: Vaporeon|377\/464|[from] Leech Seed|[of] p1a: Assassin
|turn|45
|
|move|p1a: Assassin|Toxic|p2a: Vaporeon
|-status|p2a: Vaporeon|tox
|move|p2a: Vaporeon|Heal Bell|p2a: Vaporeon
|-cureteam|p2a: Vaporeon|[from] move: HealBell
|
|-heal|p2a: Vaporeon|406\/464|[from] item: Leftovers
|-damage|p2a: Vaporeon|348\/464|[from] Leech Seed|[of] p1a: Assassin
|turn|46
|
|switch|p2a: Crobat|Crobat, M|332\/373
|-damage|p2a: Crobat|239\/373|[from] Stealth Rock
|move|p1a: Assassin|Toxic|p2a: Crobat
|-fail|p2a: Crobat
|
|-heal|p2a: Crobat|262\/373|[from] item: Black Sludge
|turn|47
|
|switch|p1a: Defender|Shuckle, M|135\/244
|move|p2a: Crobat|Brave Bird|p1a: Defender
|-damage|p1a: Defender|77\/244
|-damage|p2a: Crobat|243\/373|[from] recoil|[of] p1a: Defender
|
|-heal|p2a: Crobat|266\/373|[from] item: Black Sludge
|turn|48
|
|move|p2a: Crobat|Brave Bird|p1a: Defender
|-damage|p1a: Defender|26\/244
|-damage|p2a: Crobat|249\/373|[from] recoil|[of] p1a: Defender
|move|p1a: Defender|Rest|p1a: Defender
|-status|p1a: Defender|slp
|-heal|p1a: Defender|244\/244 slp|[silent]
|-status|p1a: Defender|slp|[from] move: Rest
|
|-heal|p2a: Crobat|272\/373|[from] item: Black Sludge
|turn|49
|
|move|p2a: Crobat|Defog|p1a: Defender
|-boost|p1a: Defender|evasion|1
|-sideend|p2: Doouchebag|Stealth Rock|[from] move: Defog|[of] p2a: Crobat
|cant|p1a: Defender|slp
|
|-heal|p2a: Crobat|295\/373|[from] item: Black Sludge
|turn|50
|
|move|p2a: Crobat|U-turn|p1a: Defender
|-damage|p1a: Defender|222\/244 slp
|
|switch|p2a: Swampert|Swampert-Mega, F|253\/404
|cant|p1a: Defender|slp
|
|turn|51
|
|switch|p1a: Assassin|Whimsicott, F|230\/230
|move|p2a: Swampert|Waterfall|p1a: Assassin
|-resisted|p1a: Assassin
|-damage|p1a: Assassin|171\/230
|
|-heal|p1a: Assassin|185\/230|[from] item: Leftovers
|turn|52
|
|move|p1a: Assassin|Leech Seed|p2a: Swampert
|-start|p2a: Swampert|move: Leech Seed
|move|p2a: Swampert|Curse|p2a: Swampert
|-boost|p2a: Swampert|atk|1
|-boost|p2a: Swampert|def|1
|-unboost|p2a: Swampert|spe|1
|
|-heal|p1a: Assassin|199\/230|[from] item: Leftovers
|-damage|p2a: Swampert|203\/404|[from] Leech Seed|[of] p1a: Assassin
|-heal|p1a: Assassin|230\/230|[silent]
|turn|53
|
|move|p1a: Assassin|Encore|p2a: Swampert
|-start|p2a: Swampert|Encore
|move|p2a: Swampert|Curse|p2a: Swampert
|-boost|p2a: Swampert|atk|1
|-boost|p2a: Swampert|def|1
|-unboost|p2a: Swampert|spe|1
|
|-damage|p2a: Swampert|153\/404|[from] Leech Seed|[of] p1a: Assassin
|turn|54
|
|switch|p2a: Crobat|Crobat, M|295\/373
|move|p1a: Assassin|Leech Seed|p2a: Crobat
|-start|p2a: Crobat|move: Leech Seed
|
|-heal|p2a: Crobat|318\/373|[from] item: Black Sludge
|-damage|p2a: Crobat|272\/373|[from] Leech Seed|[of] p1a: Assassin
|turn|55
|
|switch|p1a: Warrior|Donphan, M|253\/381
|move|p2a: Crobat|U-turn|p1a: Warrior
|-damage|p1a: Warrior|215\/381
|
|switch|p2a: Noivern|Noivern, M|197\/311
|
|-heal|p2a: Noivern|216\/311|[from] item: Leftovers
|-heal|p1a: Warrior|238\/381|[from] item: Leftovers
|turn|56
|
|switch|p1a: Healer|Blissey, F, shiny|713\/714
|move|p2a: Noivern|Air Slash|p1a: Healer
|-damage|p1a: Healer|652\/714
|
|-heal|p2a: Noivern|235\/311|[from] item: Leftovers
|-heal|p1a: Healer|696\/714|[from] item: Leftovers
|turn|57
|
|move|p2a: Noivern|Switcheroo|p1a: Healer
|-activate|p2a: Noivern|move: Trick|[of] p1a: Healer
|-item|p1a: Healer|Leftovers|[from] Trick
|-item|p2a: Noivern|Leftovers|[from] Trick
|move|p1a: Healer|Wish|p1a: Healer
|
|-heal|p2a: Noivern|254\/311|[from] item: Leftovers
|-heal|p1a: Healer|714\/714|[from] item: Leftovers
|turn|58
|
|switch|p2a: Celebi|Celebi|403\/403
|switch|p1a: Warrior|Donphan, M|238\/381
|
|-heal|p1a: Warrior|381\/381|[from] move: Wish|[wisher] Healer
|turn|59
|
|switch|p1a: Magician|Xatu, F, shiny|334\/334
|move|p2a: Celebi|Giga Drain|p1a: Magician
|-resisted|p1a: Magician
|-damage|p1a: Magician|270\/334
|
|-heal|p1a: Magician|290\/334|[from] item: Leftovers
|turn|60
|
|move|p1a: Magician|Confuse Ray|p2a: Celebi
|-start|p2a: Celebi|confusion
|-activate|p2a: Celebi|confusion
|-damage|p2a: Celebi|372\/403|[from] confusion
|
|-heal|p1a: Magician|310\/334|[from] item: Leftovers
|-heal|p2a: Celebi|397\/403|[from] item: Leftovers
|turn|61
|
|switch|p2a: Mienshao|Mienshao, M|261\/271
|move|p1a: Magician|Thunder Wave|p2a: Mienshao
|-status|p2a: Mienshao|par
|
|-heal|p1a: Magician|330\/334|[from] item: Leftovers
|turn|62
|
|move|p1a: Magician|Confuse Ray|p2a: Mienshao
|-start|p2a: Mienshao|confusion
|-activate|p2a: Mienshao|confusion
|move|p2a: Mienshao|Stone Edge|p1a: Magician
|-supereffective|p1a: Magician
|-damage|p1a: Magician|32\/334
|
|-heal|p1a: Magician|52\/334|[from] item: Leftovers
|turn|63
|
|switch|p2a: Crobat|Crobat, M|272\/373
|move|p1a: Magician|Roost|p1a: Magician
|-heal|p1a: Magician|219\/334
|
|-heal|p2a: Crobat|295\/373|[from] item: Black Sludge
|-heal|p1a: Magician|239\/334|[from] item: Leftovers
|turn|64
|
|switch|p1a: Warrior|Donphan, M|381\/381
|move|p2a: Crobat|Brave Bird|p1a: Warrior
|-damage|p1a: Warrior|290\/381
|-damage|p2a: Crobat|265\/373|[from] recoil|[of] p1a: Warrior
|
|-heal|p2a: Crobat|288\/373|[from] item: Black Sludge
|-heal|p1a: Warrior|313\/381|[from] item: Leftovers
|turn|65
|
|move|p2a: Crobat|U-turn|p1a: Warrior
|-damage|p1a: Warrior|276\/381
|
|switch|p2a: Vaporeon|Vaporeon, M|348\/464
|move|p1a: Warrior|Stealth Rock|p2a: Vaporeon
|-sidestart|p2: Doouchebag|move: Stealth Rock
|
|-heal|p2a: Vaporeon|377\/464|[from] item: Leftovers
|-heal|p1a: Warrior|299\/381|[from] item: Leftovers
|turn|66
|
|switch|p1a: Assassin|Whimsicott, F|230\/230
|move|p2a: Vaporeon|Scald|p1a: Assassin
|-resisted|p1a: Assassin
|-damage|p1a: Assassin|188\/230
|-status|p1a: Assassin|brn
|
|-heal|p1a: Assassin|202\/230 brn|[from] item: Leftovers
|-heal|p2a: Vaporeon|406\/464|[from] item: Leftovers
|-damage|p1a: Assassin|174\/230 brn|[from] brn
|turn|67
|
|move|p1a: Assassin|Leech Seed|p2a: Vaporeon
|-start|p2a: Vaporeon|move: Leech Seed
|move|p2a: Vaporeon|Wish|p2a: Vaporeon
|
|-heal|p1a: Assassin|188\/230 brn|[from] item: Leftovers
|-heal|p2a: Vaporeon|435\/464|[from] item: Leftovers
|-damage|p2a: Vaporeon|377\/464|[from] Leech Seed|[of] p1a: Assassin
|-heal|p1a: Assassin|230\/230 brn|[silent]
|-damage|p1a: Assassin|202\/230 brn|[from] brn
|turn|68
|
|switch|p2a: Swampert|Swampert-Mega, F|153\/404
|-damage|p2a: Swampert|128\/404|[from] Stealth Rock
|move|p1a: Assassin|Leech Seed|p2a: Swampert
|-start|p2a: Swampert|move: Leech Seed
|
|-heal|p2a: Swampert|360\/404|[from] move: Wish|[wisher] Vaporeon
|-heal|p1a: Assassin|216\/230 brn|[from] item: Leftovers
|-damage|p2a: Swampert|310\/404|[from] Leech Seed|[of] p1a: Assassin
|-heal|p1a: Assassin|230\/230 brn|[silent]
|-damage|p1a: Assassin|202\/230 brn|[from] brn
|turn|69
|
|switch|p1a: Ranger|Cloyster, M, shiny|159\/241
|switch|p2a: Celebi|Celebi|397\/403
|-damage|p2a: Celebi|347\/403|[from] Stealth Rock
|
|-heal|p2a: Celebi|372\/403|[from] item: Leftovers
|turn|70
|
|switch|p1a: Magician|Xatu, F, shiny|239\/334
|switch|p2a: Vaporeon|Vaporeon, M|377\/464
|-damage|p2a: Vaporeon|319\/464|[from] Stealth Rock
|
|-heal|p1a: Magician|259\/334|[from] item: Leftovers
|-heal|p2a: Vaporeon|348\/464|[from] item: Leftovers
|turn|71
|
|move|p1a: Magician|Confuse Ray|p2a: Vaporeon
|-start|p2a: Vaporeon|confusion
|-activate|p2a: Vaporeon|confusion
|-damage|p2a: Vaporeon|327\/464|[from] confusion
|
|-heal|p1a: Magician|279\/334|[from] item: Leftovers
|-heal|p2a: Vaporeon|356\/464|[from] item: Leftovers
|turn|72
|
|move|p1a: Magician|Thunder Wave|p2a: Vaporeon
|-status|p2a: Vaporeon|par
|-activate|p2a: Vaporeon|confusion
|-damage|p2a: Vaporeon|336\/464 par|[from] confusion
|
|-heal|p1a: Magician|299\/334|[from] item: Leftovers
|-heal|p2a: Vaporeon|365\/464 par|[from] item: Leftovers
|turn|73
|
|move|p1a: Magician|U-turn|p2a: Vaporeon
|-damage|p2a: Vaporeon|326\/464 par
|
|switch|p1a: Healer|Blissey, F, shiny|714\/714
|-activate|p2a: Vaporeon|confusion
|-damage|p2a: Vaporeon|306\/464 par|[from] confusion
|
|-heal|p2a: Vaporeon|335\/464 par|[from] item: Leftovers
|turn|74
|
|switch|p2a: Mienshao|Mienshao, M|271\/271 par
|-damage|p2a: Mienshao|255\/271 par|[from] Stealth Rock
|move|p1a: Healer|Heal Bell|p1a: Healer
|-cureteam|p1a: Healer|[from] move: HealBell
|
|turn|75
|
|switch|p1a: Warrior|Donphan, M|299\/381
|move|p2a: Mienshao|Knock Off|p1a: Warrior
|-damage|p1a: Warrior|227\/381
|-enditem|p1a: Warrior|Leftovers|[from] move: Knock Off|[of] p2a: Mienshao
|
|turn|76
|
|switch|p2a: Vaporeon|Vaporeon, M|335\/464 par
|-damage|p2a: Vaporeon|277\/464 par|[from] Stealth Rock
|move|p1a: Warrior|Earthquake|p2a: Vaporeon
|-damage|p2a: Vaporeon|135\/464 par
|
|-heal|p2a: Vaporeon|164\/464 par|[from] item: Leftovers
|turn|77
|
|move|p1a: Warrior|Earthquake|p2a: Vaporeon
|-damage|p2a: Vaporeon|16\/464 par
|move|p2a: Vaporeon|Wish|p2a: Vaporeon
|
|-heal|p2a: Vaporeon|45\/464 par|[from] item: Leftovers
|turn|78
|
|move|p2a: Vaporeon|Protect|p2a: Vaporeon
|-singleturn|p2a: Vaporeon|Protect
|move|p1a: Warrior|Earthquake|p2a: Vaporeon
|-activate|p2a: Vaporeon|Protect
|
|-heal|p2a: Vaporeon|277\/464 par|[from] move: Wish|[wisher] Vaporeon
|-heal|p2a: Vaporeon|306\/464 par|[from] item: Leftovers
|turn|79
|
|switch|p1a: Magician|Xatu, F, shiny|299\/334
|cant|p2a: Vaporeon|par
|
|-heal|p1a: Magician|319\/334|[from] item: Leftovers
|-heal|p2a: Vaporeon|335\/464 par|[from] item: Leftovers
|turn|80
|
|move|p1a: Magician|Confuse Ray|p2a: Vaporeon
|-start|p2a: Vaporeon|confusion
|cant|p2a: Vaporeon|par
|
|-heal|p1a: Magician|334\/334|[from] item: Leftovers
|-heal|p2a: Vaporeon|364\/464 par|[from] item: Leftovers
|turn|81
|
|move|p1a: Magician|U-turn|p2a: Vaporeon
|-damage|p2a: Vaporeon|322\/464 par
|
|switch|p1a: Healer|Blissey, F, shiny|714\/714
|-activate|p2a: Vaporeon|confusion
|move|p2a: Vaporeon|Heal Bell|p2a: Vaporeon
|-cureteam|p2a: Vaporeon|[from] move: HealBell
|
|-heal|p2a: Vaporeon|351\/464|[from] item: Leftovers
|turn|82
|
|switch|p2a: Swampert|Swampert-Mega, F|310\/404
|-damage|p2a: Swampert|285\/404|[from] Stealth Rock
|move|p1a: Healer|Wish|p1a: Healer
|
|turn|83
|
|switch|p1a: Ranger|Cloyster, M, shiny|159\/241
|move|p2a: Swampert|Waterfall|p1a: Ranger
|-resisted|p1a: Ranger
|-damage|p1a: Ranger|116\/241
|
|-heal|p1a: Ranger|241\/241|[from] move: Wish|[wisher] Healer
|turn|84
|
|switch|p1a: Assassin|Whimsicott, F|202\/230
|switch|p2a: Vaporeon|Vaporeon, M|351\/464
|-damage|p2a: Vaporeon|293\/464|[from] Stealth Rock
|
|-heal|p1a: Assassin|216\/230|[from] item: Leftovers
|-heal|p2a: Vaporeon|322\/464|[from] item: Leftovers
|turn|85
|
|move|p1a: Assassin|Toxic|p2a: Vaporeon
|-status|p2a: Vaporeon|tox
|move|p2a: Vaporeon|Wish|p2a: Vaporeon
|
|-heal|p1a: Assassin|230\/230|[from] item: Leftovers
|-heal|p2a: Vaporeon|351\/464 tox|[from] item: Leftovers
|-damage|p2a: Vaporeon|322\/464 tox|[from] psn
|turn|86
|
|switch|p2a: Noivern|Noivern, M|254\/311
|-damage|p2a: Noivern|177\/311|[from] Stealth Rock
|move|p1a: Assassin|Leech Seed|p2a: Noivern
|-start|p2a: Noivern|move: Leech Seed
|
|-heal|p2a: Noivern|311\/311|[from] move: Wish|[wisher] Vaporeon
|-damage|p2a: Noivern|273\/311|[from] Leech Seed|[of] p1a: Assassin
|turn|87
|
|switch|p2a: Mienshao|Mienshao, M|271\/271
|-damage|p2a: Mienshao|255\/271|[from] Stealth Rock
|switch|p1a: Healer|Blissey, F, shiny|714\/714
|
|turn|88
|
|switch|p1a: Defender|Shuckle, M|222\/244
|move|p2a: Mienshao|High Jump Kick|p1a: Defender
|-crit|p1a: Defender
|-damage|p1a: Defender|78\/244
|
|turn|89
|
|switch|p1a: Assassin|Whimsicott, F|230\/230
|move|p2a: Mienshao|High Jump Kick|p1a: Assassin
|-resisted|p1a: Assassin
|-damage|p1a: Assassin|132\/230
|
|-heal|p1a: Assassin|146\/230|[from] item: Leftovers
|turn|90
|
|move|p1a: Assassin|Toxic|p2a: Mienshao
|-status|p2a: Mienshao|tox
|move|p2a: Mienshao|High Jump Kick|p1a: Assassin
|-resisted|p1a: Assassin
|-damage|p1a: Assassin|46\/230
|
|-heal|p1a: Assassin|60\/230|[from] item: Leftovers
|-damage|p2a: Mienshao|239\/271 tox|[from] psn
|turn|91
|
|switch|p1a: Magician|Xatu, F, shiny|334\/334
|move|p2a: Mienshao|High Jump Kick|p1a: Magician
|-resisted|p1a: Magician
|-damage|p1a: Magician|265\/334
|
|-heal|p1a: Magician|285\/334|[from] item: Leftovers
|-damage|p2a: Mienshao|207\/271 tox|[from] psn
|turn|92
|
|switch|p2a: Swampert|Swampert-Mega, F|285\/404
|-damage|p2a: Swampert|260\/404|[from] Stealth Rock
|move|p1a: Magician|Confuse Ray|p2a: Swampert
|-start|p2a: Swampert|confusion
|
|-heal|p1a: Magician|305\/334|[from] item: Leftovers
|turn|93
|
|move|p1a: Magician|U-turn|p2a: Swampert
|-damage|p2a: Swampert|219\/404
|
|switch|p1a: Assassin|Whimsicott, F|60\/230
|-activate|p2a: Swampert|confusion
|-damage|p2a: Swampert|175\/404|[from] confusion
|
|-heal|p1a: Assassin|74\/230|[from] item: Leftovers
|turn|94
|
|move|p1a: Assassin|Leech Seed|p2a: Swampert
|-start|p2a: Swampert|move: Leech Seed
|-activate|p2a: Swampert|confusion
|move|p2a: Swampert|Waterfall|p1a: Assassin
|-resisted|p1a: Assassin
|-damage|p1a: Assassin|17\/230
|
|-heal|p1a: Assassin|31\/230|[from] item: Leftovers
|-damage|p2a: Swampert|125\/404|[from] Leech Seed|[of] p1a: Assassin
|-heal|p1a: Assassin|81\/230|[silent]
|turn|95
|
|switch|p1a: Ranger|Cloyster, M, shiny|241\/241
|switch|p2a: Celebi|Celebi|372\/403
|-damage|p2a: Celebi|322\/403|[from] Stealth Rock
|
|-heal|p2a: Celebi|347\/403|[from] item: Leftovers
|turn|96
|
|switch|p1a: Magician|Xatu, F, shiny|305\/334
|move|p2a: Celebi|Giga Drain|p1a: Magician
|-resisted|p1a: Magician
|-damage|p1a: Magician|242\/334
|-heal|p2a: Celebi|379\/403|[from] drain|[of] p1a: Magician
|
|-heal|p1a: Magician|262\/334|[from] item: Leftovers
|-heal|p2a: Celebi|403\/403|[from] item: Leftovers
|turn|97
|
|move|p1a: Magician|Thunder Wave|p2a: Celebi
|-status|p2a: Celebi|par
|move|p2a: Celebi|Perish Song|p2a: Celebi
|-fieldactivate|move: Perish Song
|
|-start|p1a: Magician|perish3
|-start|p2a: Celebi|perish3
|-heal|p1a: Magician|282\/334|[from] item: Leftovers
|turn|98
|
|move|p1a: Magician|U-turn|p2a: Celebi
|-supereffective|p2a: Celebi
|-damage|p2a: Celebi|219\/403 par
|
|switch|p1a: Defender|Shuckle, M|78\/244
|move|p2a: Celebi|Giga Drain|p1a: Defender
|-damage|p1a: Defender|35\/244
|-heal|p2a: Celebi|241\/403 par|[from] drain|[of] p1a: Defender
|
|-start|p2a: Celebi|perish2
|-heal|p2a: Celebi|266\/403 par|[from] item: Leftovers
|turn|99
|
|switch|p1a: Magician|Xatu, F, shiny|282\/334
|move|p2a: Celebi|Giga Drain|p1a: Magician
|-resisted|p1a: Magician
|-damage|p1a: Magician|227\/334
|-heal|p2a: Celebi|294\/403 par|[from] drain|[of] p1a: Magician
|
|-start|p2a: Celebi|perish1
|-heal|p1a: Magician|247\/334|[from] item: Leftovers
|-heal|p2a: Celebi|319\/403 par|[from] item: Leftovers
|turn|100
|
|switch|p2a: Crobat|Crobat, M|288\/373
|-damage|p2a: Crobat|195\/373|[from] Stealth Rock
|move|p1a: Magician|Confuse Ray|p2a: Crobat
|-start|p2a: Crobat|confusion
|
|-heal|p2a: Crobat|218\/373|[from] item: Black Sludge
|-heal|p1a: Magician|267\/334|[from] item: Leftovers
|turn|101
|
|-activate|p2a: Crobat|confusion
|-damage|p2a: Crobat|181\/373|[from] confusion
|move|p1a: Magician|Thunder Wave|p2a: Crobat
|-status|p2a: Crobat|par
|
|-heal|p1a: Magician|287\/334|[from] item: Leftovers
|-heal|p2a: Crobat|204\/373 par|[from] item: Black Sludge
|turn|102
|
|move|p1a: Magician|U-turn|p2a: Crobat
|-resisted|p2a: Crobat
|-damage|p2a: Crobat|190\/373 par
|
|switch|p1a: Ranger|Cloyster, M, shiny|241\/241
|-activate|p2a: Crobat|confusion
|move|p2a: Crobat|Defog|p1a: Ranger
|-unboost|p1a: Ranger|evasion|1
|-sideend|p2: Doouchebag|Stealth Rock|[from] move: Defog|[of] p2a: Crobat
|
|-heal|p2a: Crobat|213\/373 par|[from] item: Black Sludge
|turn|103
|
|switch|p2a: Vaporeon|Vaporeon, M|322\/464 tox
|move|p1a: Ranger|Shell Smash|p1a: Ranger
|-boost|p1a: Ranger|atk|2
|-boost|p1a: Ranger|spa|2
|-boost|p1a: Ranger|spe|2
|-unboost|p1a: Ranger|def|1
|-unboost|p1a: Ranger|spd|1
|
|-heal|p2a: Vaporeon|351\/464 tox|[from] item: Leftovers
|-damage|p2a: Vaporeon|322\/464 tox|[from] psn
|turn|104
|
|move|p1a: Ranger|Rock Blast|p2a: Vaporeon
|-damage|p2a: Vaporeon|268\/464 tox
|-crit|p2a: Vaporeon
|-damage|p2a: Vaporeon|186\/464 tox
|-damage|p2a: Vaporeon|137\/464 tox
|-damage|p2a: Vaporeon|84\/464 tox
|-damage|p2a: Vaporeon|35\/464 tox
|-hitcount|p2a: Vaporeon|5
|cant|p2a: Vaporeon|flinch
|
|-heal|p2a: Vaporeon|64\/464 tox|[from] item: Leftovers
|-damage|p2a: Vaporeon|6\/464 tox|[from] psn
|turn|105
|
|move|p1a: Ranger|Icicle Spear|p2a: Vaporeon
|-resisted|p2a: Vaporeon
|-damage|p2a: Vaporeon|0 fnt
|-hitcount|p2a: Vaporeon|1
|faint|p2a: Vaporeon
|
|
|switch|p2a: Mienshao|Mienshao, M|271\/271 tox
|turn|106
|c|âRitualist|turn 105, first kill
|
|move|p2a: Mienshao|High Jump Kick|p1a: Ranger
|-supereffective|p1a: Ranger
|-damage|p1a: Ranger|0 fnt
|faint|p1a: Ranger
|
|-damage|p2a: Mienshao|255\/271 tox|[from] psn
|
|switch|p1a: Magician|Xatu, F, shiny|287\/334
|turn|107
|
|switch|p2a: Swampert|Swampert-Mega, F|125\/404
|move|p1a: Magician|Confuse Ray|p2a: Swampert
|-start|p2a: Swampert|confusion
|
|-heal|p1a: Magician|307\/334|[from] item: Leftovers
|turn|108
|
|move|p1a: Magician|U-turn|p2a: Swampert
|-damage|p2a: Swampert|81\/404
|
|switch|p1a: Assassin|Whimsicott, F|81\/230
|-activate|p2a: Swampert|confusion
|-damage|p2a: Swampert|35\/404|[from] confusion
|
|-heal|p1a: Assassin|95\/230|[from] item: Leftovers
|turn|109
|
|move|p1a: Assassin|Leech Seed|p2a: Swampert|[miss]
|-miss|p1a: Assassin|p2a: Swampert
|-end|p2a: Swampert|confusion
|move|p2a: Swampert|Rest|p2a: Swampert
|-status|p2a: Swampert|slp
|-heal|p2a: Swampert|404\/404 slp|[silent]
|-status|p2a: Swampert|slp|[from] move: Rest
|
|-heal|p1a: Assassin|109\/230|[from] item: Leftovers
|turn|110
|
|switch|p1a: Healer|Blissey, F, shiny|714\/714
|switch|p2a: Celebi|Celebi|319\/403
|
|-heal|p2a: Celebi|344\/403|[from] item: Leftovers
|turn|111
|
|switch|p2a: Swampert|Swampert-Mega, F|404\/404 slp
|switch|p1a: Magician|Xatu, F, shiny|307\/334
|
|-heal|p1a: Magician|327\/334|[from] item: Leftovers
|turn|112
|
|switch|p1a: Healer|Blissey, F, shiny|714\/714
|cant|p2a: Swampert|slp
|move|p2a: Swampert|Sleep Talk|p2a: Swampert
|move|p2a: Swampert|Waterfall|p1a: Healer|[from]Sleep Talk
|-damage|p1a: Healer|140\/714
|
|-heal|p1a: Healer|184\/714|[from] item: Leftovers
|turn|113
|
|cant|p2a: Swampert|slp
|move|p2a: Swampert|Sleep Talk|p2a: Swampert
|move|p2a: Swampert|Curse|p2a: Swampert|[from]Sleep Talk
|-boost|p2a: Swampert|atk|1
|-boost|p2a: Swampert|def|1
|-unboost|p2a: Swampert|spe|1
|move|p1a: Healer|Wish|p1a: Healer
|
|-heal|p1a: Healer|228\/714|[from] item: Leftovers
|turn|114
|
|switch|p1a: Assassin|Whimsicott, F|109\/230
|-curestatus|p2a: Swampert|slp
|move|p2a: Swampert|Waterfall|p1a: Assassin
|-resisted|p1a: Assassin
|-damage|p1a: Assassin|18\/230
|
|-heal|p1a: Assassin|230\/230|[from] move: Wish|[wisher] Healer
|turn|115
|
|move|p1a: Assassin|Leech Seed|p2a: Swampert
|-start|p2a: Swampert|move: Leech Seed
|move|p2a: Swampert|Waterfall|p1a: Assassin
|-resisted|p1a: Assassin
|-damage|p1a: Assassin|137\/230
|
|-heal|p1a: Assassin|151\/230|[from] item: Leftovers
|-damage|p2a: Swampert|354\/404|[from] Leech Seed|[of] p1a: Assassin
|-heal|p1a: Assassin|201\/230|[silent]
|turn|116
|
|switch|p2a: Celebi|Celebi|344\/403
|move|p1a: Assassin|Toxic|p2a: Celebi
|-status|p2a: Celebi|tox
|
|-heal|p1a: Assassin|215\/230|[from] item: Leftovers
|-heal|p2a: Celebi|369\/403 tox|[from] item: Leftovers
|-damage|p2a: Celebi|344\/403 tox|[from] psn
|turn|117
|
|switch|p1a: Magician|Xatu, F, shiny|327\/334
|move|p2a: Celebi|Perish Song|p2a: Celebi
|-fieldactivate|move: Perish Song
|
|-start|p1a: Magician|perish3
|-start|p2a: Celebi|perish3
|-heal|p1a: Magician|334\/334|[from] item: Leftovers
|-heal|p2a: Celebi|369\/403 tox|[from] item: Leftovers
|-damage|p2a: Celebi|319\/403 tox|[from] psn
|turn|118
|c|âDoouchebag|i just ended a telephone conversation and now my question: Do you have no life or why r u playing such a stally team?
|
|switch|p2a: Mienshao|Mienshao, M|271\/271 tox
|move|p1a: Magician|Confuse Ray|p2a: Mienshao
|-start|p2a: Mienshao|confusion
|
|-start|p1a: Magician|perish2
|-damage|p2a: Mienshao|255\/271 tox|[from] psn
|turn|119
|c|âDoouchebag|turn 118 and two pokes died
|
|-activate|p2a: Mienshao|confusion
|-damage|p2a: Mienshao|185\/271 tox|[from] confusion
|move|p1a: Magician|U-turn|p2a: Mienshao
|-resisted|p2a: Mienshao
|-damage|p2a: Mienshao|152\/271 tox
|
|switch|p1a: Warrior|Donphan, M|227\/381
|
|-damage|p2a: Mienshao|120\/271 tox|[from] psn
|turn|120
|
|switch|p2a: Swampert|Swampert-Mega, F|354\/404
|move|p1a: Warrior|Stealth Rock|p2a: Swampert
|-sidestart|p2: Doouchebag|move: Stealth Rock
|
|turn|121
|
|switch|p1a: Assassin|Whimsicott, F|215\/230
|move|p2a: Swampert|Waterfall|p1a: Assassin
|-resisted|p1a: Assassin
|-damage|p1a: Assassin|161\/230
|
|-heal|p1a: Assassin|175\/230|[from] item: Leftovers
|turn|122
|
|switch|p2a: Celebi|Celebi|319\/403
|-damage|p2a: Celebi|269\/403|[from] Stealth Rock
|move|p1a: Assassin|Toxic|p2a: Celebi
|-status|p2a: Celebi|tox
|
|-heal|p1a: Assassin|189\/230|[from] item: Leftovers
|-heal|p2a: Celebi|294\/403 tox|[from] item: Leftovers
|-damage|p2a: Celebi|269\/403 tox|[from] psn
|turn|123
|
|switch|p1a: Healer|Blissey, F, shiny|228\/714
|move|p2a: Celebi|Recover|p2a: Celebi
|-heal|p2a: Celebi|403\/403 tox
|
|-heal|p1a: Healer|272\/714|[from] item: Leftovers
|-damage|p2a: Celebi|353\/403 tox|[from] psn
|turn|124
|
|switch|p2a: Mienshao|Mienshao, M|210\/271 tox
|-damage|p2a: Mienshao|194\/271 tox|[from] Stealth Rock
|switch|p1a: Magician|Xatu, F, shiny|334\/334
|
|-damage|p2a: Mienshao|178\/271 tox|[from] psn
|turn|125
|c|âRitualist|the team isnt stally, you just got lucky and avoided a lot of moves, so i had to resort to stall
|
|move|p2a: Mienshao|Knock Off|p1a: Magician
|-supereffective|p1a: Magician
|-damage|p1a: Magician|18\/334
|-enditem|p1a: Magician|Leftovers|[from] move: Knock Off|[of] p2a: Mienshao
|move|p1a: Magician|Confuse Ray|p2a: Mienshao
|-start|p2a: Mienshao|confusion
|
|-damage|p2a: Mienshao|146\/271 tox|[from] psn
|turn|126
|
|-activate|p2a: Mienshao|confusion
|-damage|p2a: Mienshao|81\/271 tox|[from] confusion
|move|p1a: Magician|U-turn|p2a: Mienshao
|-resisted|p2a: Mienshao
|-damage|p2a: Mienshao|48\/271 tox
|
|switch|p1a: Defender|Shuckle, M|35\/244
|
|-damage|p2a: Mienshao|0 fnt|[from] psn
|faint|p2a: Mienshao
|c|âDoouchebag|FUCKING CONFUSION HAX!
|
|switch|p2a: Swampert|Swampert-Mega, F|354\/404
|-damage|p2a: Swampert|329\/404|[from] Stealth Rock
|turn|127
|
|switch|p1a: Assassin|Whimsicott, F|189\/230
|move|p2a: Swampert|Waterfall|p1a: Assassin
|-resisted|p1a: Assassin
|-damage|p1a: Assassin|130\/230
|
|-heal|p1a: Assassin|144\/230|[from] item: Leftovers
|turn|128
|
|move|p1a: Assassin|Leech Seed|p2a: Swampert
|-start|p2a: Swampert|move: Leech Seed
|move|p2a: Swampert|Waterfall|p1a: Assassin
|-resisted|p1a: Assassin
|-damage|p1a: Assassin|87\/230
|
|-heal|p1a: Assassin|101\/230|[from] item: Leftovers
|-damage|p2a: Swampert|279\/404|[from] Leech Seed|[of] p1a: Assassin
|-heal|p1a: Assassin|151\/230|[silent]
|turn|129
|
|switch|p2a: Noivern|Noivern, M|273\/311
|-damage|p2a: Noivern|196\/311|[from] Stealth Rock
|move|p1a: Assassin|Toxic|p2a: Noivern
|-status|p2a: Noivern|tox
|
|-heal|p2a: Noivern|215\/311 tox|[from] item: Leftovers
|-heal|p1a: Assassin|165\/230|[from] item: Leftovers
|-damage|p2a: Noivern|196\/311 tox|[from] psn
|turn|130
|
|switch|p2a: Swampert|Swampert-Mega, F|279\/404
|-damage|p2a: Swampert|254\/404|[from] Stealth Rock
|switch|p1a: Healer|Blissey, F, shiny|272\/714
|
|-heal|p1a: Healer|316\/714|[from] item: Leftovers
|turn|131
|
|move|p1a: Healer|Protect|p1a: Healer
|-singleturn|p1a: Healer|Protect
|move|p2a: Swampert|Waterfall|p1a: Healer
|-activate|p1a: Healer|Protect
|
|-heal|p1a: Healer|360\/714|[from] item: Leftovers
|turn|132
|
|switch|p1a: Assassin|Whimsicott, F|165\/230
|move|p2a: Swampert|Waterfall|p1a: Assassin
|-resisted|p1a: Assassin
|-damage|p1a: Assassin|102\/230
|
|-heal|p1a: Assassin|116\/230|[from] item: Leftovers
|turn|133
|
|switch|p1a: Healer|Blissey, F, shiny|360\/714
|move|p2a: Swampert|Waterfall|p1a: Healer
|-damage|p1a: Healer|0 fnt
|faint|p1a: Healer
|
|
|switch|p1a: Magician|Xatu, F, shiny|18\/334
|turn|134
|
|move|p1a: Magician|Confuse Ray|p2a: Swampert
|-start|p2a: Swampert|confusion
|-activate|p2a: Swampert|confusion
|-damage|p2a: Swampert|212\/404|[from] confusion
|
|turn|135
|
|move|p1a: Magician|Roost|p1a: Magician
|-heal|p1a: Magician|185\/334
|-activate|p2a: Swampert|confusion
|-damage|p2a: Swampert|173\/404|[from] confusion
|
|turn|136
|c|âDoouchebag|and this shit begins again
|
|move|p1a: Magician|Roost|p1a: Magician
|-heal|p1a: Magician|334\/334
|-activate|p2a: Swampert|confusion
|move|p2a: Swampert|Waterfall|p1a: Magician
|-crit|p1a: Magician
|-damage|p1a: Magician|81\/334
|
|turn|137
|
|move|p1a: Magician|Roost|p1a: Magician
|-heal|p1a: Magician|248\/334
|-end|p2a: Swampert|confusion
|move|p2a: Swampert|Curse|p2a: Swampert
|-boost|p2a: Swampert|atk|1
|-boost|p2a: Swampert|def|1
|-unboost|p2a: Swampert|spe|1
|
|turn|138
|
|move|p1a: Magician|Confuse Ray|p2a: Swampert
|-start|p2a: Swampert|confusion
|-activate|p2a: Swampert|confusion
|-damage|p2a: Swampert|131\/404|[from] confusion
|
|turn|139
|
|move|p1a: Magician|Roost|p1a: Magician
|-heal|p1a: Magician|334\/334
|-end|p2a: Swampert|confusion
|move|p2a: Swampert|Rest|p2a: Swampert
|-status|p2a: Swampert|slp
|-heal|p2a: Swampert|404\/404 slp|[silent]
|-status|p2a: Swampert|slp|[from] move: Rest
|
|turn|140
|c|âRitualist|oh well
|c|âRitualist|next time you wont be so lucky
|-message|Ritualist forfeited.
|leave|Ritualist
|
|win|Doouchebag
|raw|Ladder updating...
|player|p1
|raw|Ritualist's rating: 1372 &rarr; <strong>1350<\/strong><br \/>(-22 for losing)
|raw|Doouchebag's rating: 1341 &rarr; <strong>1362<\/strong><br \/>(+21 for winning)
|c|âDoouchebag|asshole