|join|BellyDrumZohan
|join|Ritualist
|player|p1|BellyDrumZohan|76
|player|p2|Ritualist|205
|gametype|singles
|gen|6
|tier|UU
|rated
|rule|Sleep Clause Mod: Limit one foe put to sleep
|rule|Species Clause: Limit one of each PokÃ©mon
|rule|OHKO Clause: OHKO moves are banned
|rule|Moody Clause: Moody is banned
|rule|Evasion Moves Clause: Evasion moves are banned
|rule|Endless Battle Clause: Forcing endless battles is banned
|rule|HP Percentage Mod: HP is shown in percentages
|clearpoke
|poke|p1|Swampert, F
|poke|p1|Kingdra, M
|poke|p1|Crobat, M
|poke|p1|Omastar, M
|poke|p1|Ludicolo, F
|poke|p1|Tornadus, M
|poke|p2|Donphan, M
|poke|p2|Blissey, F, shiny
|poke|p2|Cloyster, M, shiny
|poke|p2|Whimsicott, F
|poke|p2|Shuckle, M
|poke|p2|Xatu, F, shiny
|rule|Swagger Clause: Swagger is banned
|rule|Baton Pass Clause: Limit one PokÃ©mon knowing Baton Pass
|teampreview
|
|start
|switch|p1a: Omastar|Omastar, M|281\/281
|switch|p2a: Warrior|Donphan, M|381\/381
|turn|1
|
|switch|p1a: Crobat|Crobat, M|373\/373
|switch|p2a: Assassin|Whimsicott, F|230\/230
|
|turn|2
|
|switch|p2a: Warrior|Donphan, M|381\/381
|move|p1a: Crobat|Brave Bird|p2a: Warrior
|-damage|p2a: Warrior|305\/381
|-damage|p1a: Crobat|348\/373|[from] recoil|[of] p2a: Warrior
|
|-heal|p2a: Warrior|328\/381|[from] item: Leftovers
|turn|3
|
|switch|p2a: Magician|Xatu, F, shiny|334\/334
|move|p1a: Crobat|Rain Dance|p1a: Crobat
|-weather|RainDance
|
|-weather|RainDance|[upkeep]
|turn|4
|
|move|p1a: Crobat|U-turn|p2a: Magician
|-damage|p2a: Magician|261\/334
|
|switch|p1a: Omastar|Omastar, M|281\/281
|move|p2a: Magician|Thunder Wave|p1a: Omastar
|-status|p1a: Omastar|par
|
|-weather|RainDance|[upkeep]
|-heal|p2a: Magician|281\/334|[from] item: Leftovers
|turn|5
|
|move|p2a: Magician|U-turn|p1a: Omastar
|-crit|p1a: Omastar
|-damage|p1a: Omastar|221\/281 par
|
|switch|p2a: Assassin|Whimsicott, F|230\/230
|move|p1a: Omastar|Scald|p2a: Assassin
|-resisted|p2a: Assassin
|-damage|p2a: Assassin|144\/230
|
|-weather|RainDance|[upkeep]
|-heal|p2a: Assassin|158\/230|[from] item: Leftovers
|turn|6
|
|move|p2a: Assassin|Leech Seed|p1a: Omastar
|-start|p1a: Omastar|move: Leech Seed
|cant|p1a: Omastar|par
|
|-weather|RainDance|[upkeep]
|-heal|p2a: Assassin|172\/230|[from] item: Leftovers
|-damage|p1a: Omastar|186\/281 par|[from] Leech Seed|[of] p2a: Assassin
|-heal|p2a: Assassin|207\/230|[silent]
|turn|7
|
|switch|p2a: Magician|Xatu, F, shiny|281\/334
|move|p1a: Omastar|Stealth Rock|p2a: Magician
|move|p2a: Magician|Stealth Rock|p1a: Omastar|[from]Magic Bounce
|-sidestart|p1: BellyDrumZohan|move: Stealth Rock
|
|-weather|RainDance|[upkeep]
|-heal|p2a: Magician|301\/334|[from] item: Leftovers
|-damage|p1a: Omastar|151\/281 par|[from] Leech Seed|[of] p2a: Magician
|-heal|p2a: Magician|334\/334|[silent]
|turn|8
|
|move|p2a: Magician|Confuse Ray|p1a: Omastar
|-start|p1a: Omastar|confusion
|-activate|p1a: Omastar|confusion
|-damage|p1a: Omastar|137\/281 par|[from] confusion
|
|-weather|RainDance|[upkeep]
|-damage|p1a: Omastar|102\/281 par|[from] Leech Seed|[of] p2a: Magician
|turn|9
|
|move|p2a: Magician|U-turn|p1a: Omastar
|-damage|p1a: Omastar|66\/281 par
|
|switch|p2a: Ranger|Cloyster, M, shiny|241\/241
|-activate|p1a: Omastar|confusion
|move|p1a: Omastar|Scald|p2a: Ranger
|-resisted|p2a: Ranger
|-damage|p2a: Ranger|65\/241
|-status|p2a: Ranger|brn
|
|-weather|RainDance|[upkeep]
|-damage|p1a: Omastar|31\/281 par|[from] Leech Seed|[of] p2a: Ranger
|-heal|p2a: Ranger|100\/241 brn|[silent]
|-damage|p2a: Ranger|70\/241 brn|[from] brn
|turn|10
|
|switch|p2a: Magician|Xatu, F, shiny|334\/334
|-end|p1a: Omastar|confusion
|move|p1a: Omastar|Stealth Rock|p2a: Magician
|move|p2a: Magician|Stealth Rock|p1a: Omastar|[from]Magic Bounce
|-fail|p1a: Omastar
|
|-weather|none
|-damage|p1a: Omastar|0 fnt|[from] Leech Seed|[of] p2a: Magician
|faint|p1a: Omastar
|
|switch|p1a: Tornadus|Tornadus, M|301\/301
|-damage|p1a: Tornadus|226\/301|[from] Stealth Rock
|turn|11
|
|move|p1a: Tornadus|Rain Dance|p1a: Tornadus
|-weather|RainDance
|move|p2a: Magician|Confuse Ray|p1a: Tornadus
|-start|p1a: Tornadus|confusion
|
|-weather|RainDance|[upkeep]
|turn|12
|
|switch|p1a: Swampert|Swampert, F|341\/341
|-damage|p1a: Swampert|320\/341|[from] Stealth Rock
|move|p2a: Magician|Thunder Wave|p1a: Swampert
|-immune|p1a: Swampert|[msg]
|
|-weather|RainDance|[upkeep]
|turn|13
|
|detailschange|p1a: Swampert|Swampert-Mega, F
|-mega|p1a: Swampert|Swampert|Swampertite
|move|p2a: Magician|Confuse Ray|p1a: Swampert
|-start|p1a: Swampert|confusion
|-activate|p1a: Swampert|confusion
|-damage|p1a: Swampert|269\/341|[from] confusion
|
|-weather|RainDance|[upkeep]
|turn|14
|
|switch|p1a: Ludicolo|Ludicolo, F|301\/301
|-damage|p1a: Ludicolo|264\/301|[from] Stealth Rock
|move|p2a: Magician|U-turn|p1a: Ludicolo
|-supereffective|p1a: Ludicolo
|-damage|p1a: Ludicolo|140\/301
|
|switch|p2a: Healer|Blissey, F, shiny|714\/714
|
|-weather|RainDance|[upkeep]
|turn|15
|
|move|p1a: Ludicolo|Giga Drain|p2a: Healer
|-damage|p2a: Healer|623\/714
|-heal|p1a: Ludicolo|186\/301|[from] drain|[of] p2a: Healer
|-damage|p1a: Ludicolo|156\/301|[from] item: Life Orb
|move|p2a: Healer|Heal Bell|p2a: Healer
|-cureteam|p2a: Healer|[from] move: HealBell
|
|-weather|RainDance|[upkeep]
|-heal|p2a: Healer|667\/714|[from] item: Leftovers
|turn|16
|
|move|p1a: Ludicolo|Giga Drain|p2a: Healer
|-damage|p2a: Healer|585\/714
|-heal|p1a: Ludicolo|197\/301|[from] drain|[of] p2a: Healer
|-damage|p1a: Ludicolo|167\/301|[from] item: Life Orb
|move|p2a: Healer|Wish|p2a: Healer
|
|-weather|RainDance|[upkeep]
|-heal|p2a: Healer|629\/714|[from] item: Leftovers
|turn|17
|
|switch|p1a: Tornadus|Tornadus, M|226\/301
|-damage|p1a: Tornadus|151\/301|[from] Stealth Rock
|switch|p2a: Magician|Xatu, F, shiny|334\/334
|
|-weather|RainDance|[upkeep]
|turn|18
|
|move|p1a: Tornadus|Hurricane|p2a: Magician
|-damage|p2a: Magician|76\/334
|-start|p2a: Magician|confusion
|-activate|p2a: Magician|confusion
|move|p2a: Magician|Thunder Wave|p1a: Tornadus
|-status|p1a: Tornadus|par
|
|-weather|none
|-heal|p2a: Magician|96\/334|[from] item: Leftovers
|turn|19
|
|switch|p2a: Healer|Blissey, F, shiny|629\/714
|move|p1a: Tornadus|Rain Dance|p1a: Tornadus
|-weather|RainDance
|
|-weather|RainDance|[upkeep]
|-heal|p2a: Healer|673\/714|[from] item: Leftovers
|turn|20
|
|move|p1a: Tornadus|Taunt|p2a: Healer
|-start|p2a: Healer|move: Taunt
|cant|p2a: Healer|move: Taunt|Wish
|
|-weather|RainDance|[upkeep]
|-heal|p2a: Healer|714\/714|[from] item: Leftovers
|turn|21
|
|switch|p1a: Swampert|Swampert-Mega, F|269\/341
|-damage|p1a: Swampert|248\/341|[from] Stealth Rock
|move|p2a: Healer|Seismic Toss|p1a: Swampert
|-damage|p1a: Swampert|148\/341
|
|-weather|RainDance|[upkeep]
|turn|22
|
|switch|p2a: Assassin|Whimsicott, F|207\/230
|move|p1a: Swampert|Power-Up Punch|p2a: Assassin
|-resisted|p2a: Assassin
|-damage|p2a: Assassin|181\/230
|-boost|p1a: Swampert|atk|1
|
|-weather|RainDance|[upkeep]
|-heal|p2a: Assassin|195\/230|[from] item: Leftovers
|turn|23
|
|switch|p1a: Crobat|Crobat, M|348\/373
|-damage|p1a: Crobat|255\/373|[from] Stealth Rock
|move|p2a: Assassin|Leech Seed|p1a: Crobat|[miss]
|-miss|p2a: Assassin|p1a: Crobat
|
|-weather|RainDance|[upkeep]
|-heal|p2a: Assassin|209\/230|[from] item: Leftovers
|turn|24
|
|switch|p2a: Defender|Shuckle, M|244\/244
|move|p1a: Crobat|Defog|p2a: Defender
|-boost|p2a: Defender|evasion|1
|-sideend|p1: BellyDrumZohan|Stealth Rock|[from] move: Defog|[of] p1a: Crobat
|
|-weather|RainDance|[upkeep]
|turn|25
|
|move|p1a: Crobat|U-turn|p2a: Defender
|-crit|p2a: Defender
|-damage|p2a: Defender|212\/244
|
|switch|p1a: Swampert|Swampert-Mega, F|148\/341
|move|p2a: Defender|Infestation|p1a: Swampert
|-damage|p1a: Swampert|142\/341
|-activate|p1a: Swampert|move: Infestation|[of] p2a: Defender
|
|-weather|RainDance|[upkeep]
|-heal|p2a: Defender|227\/244|[from] item: Leftovers
|-damage|p1a: Swampert|100\/341|[from] move: Infestation|[partiallytrapped]
|turn|26
|
|move|p1a: Swampert|Waterfall|p2a: Defender
|-crit|p2a: Defender
|-supereffective|p2a: Defender
|-damage|p2a: Defender|0 fnt
|faint|p2a: Defender
|
|-weather|none
|-end|p1a: Swampert|Infestation|[partiallytrapped]
|
|switch|p2a: Assassin|Whimsicott, F|209\/230
|turn|27
|
|switch|p1a: Ludicolo|Ludicolo, F|167\/301
|move|p2a: Assassin|Leech Seed|p1a: Ludicolo
|-immune|p1a: Ludicolo|[msg]
|
|-heal|p2a: Assassin|223\/230|[from] item: Leftovers
|turn|28
|
|move|p2a: Assassin|Toxic|p1a: Ludicolo
|-status|p1a: Ludicolo|tox
|move|p1a: Ludicolo|Rain Dance|p1a: Ludicolo
|-weather|RainDance
|
|-weather|RainDance|[upkeep]
|-heal|p2a: Assassin|230\/230|[from] item: Leftovers
|-damage|p1a: Ludicolo|149\/301 tox|[from] psn
|turn|29
|
|switch|p1a: Crobat|Crobat, M|255\/373
|move|p2a: Assassin|Leech Seed|p1a: Crobat
|-start|p1a: Crobat|move: Leech Seed
|
|-weather|RainDance|[upkeep]
|-damage|p1a: Crobat|209\/373|[from] Leech Seed|[of] p2a: Assassin
|turn|30
|
|switch|p2a: Warrior|Donphan, M|328\/381
|move|p1a: Crobat|U-turn|p2a: Warrior
|-damage|p2a: Warrior|295\/381
|
|switch|p1a: Swampert|Swampert-Mega, F|100\/341
|
|-weather|RainDance|[upkeep]
|-heal|p2a: Warrior|318\/381|[from] item: Leftovers
|turn|31
|
|switch|p2a: Assassin|Whimsicott, F|230\/230
|move|p1a: Swampert|Waterfall|p2a: Assassin
|-resisted|p2a: Assassin
|-damage|p2a: Assassin|119\/230
|
|-weather|RainDance|[upkeep]
|-heal|p2a: Assassin|133\/230|[from] item: Leftovers
|turn|32
|
|move|p2a: Assassin|Leech Seed|p1a: Swampert
|-start|p1a: Swampert|move: Leech Seed
|move|p1a: Swampert|Ice Punch|p2a: Assassin
|-supereffective|p2a: Assassin
|-damage|p2a: Assassin|0 fnt
|faint|p2a: Assassin
|
|-weather|none
|
|switch|p2a: Ranger|Cloyster, M, shiny|70\/241
|turn|33
|
|switch|p1a: Tornadus|Tornadus, M|151\/301 par
|move|p2a: Ranger|Substitute|p2a: Ranger
|-start|p2a: Ranger|Substitute
|-damage|p2a: Ranger|10\/241
|
|turn|34
|
|move|p1a: Tornadus|Taunt|p2a: Ranger
|-start|p2a: Ranger|move: Taunt
|cant|p2a: Ranger|move: Taunt|Shell Smash
|
|turn|35
|
|move|p1a: Tornadus|Rain Dance|p1a: Tornadus
|-weather|RainDance
|move|p2a: Ranger|Icicle Spear|p1a: Tornadus
|-supereffective|p1a: Tornadus
|-damage|p1a: Tornadus|35\/301 par
|-supereffective|p1a: Tornadus
|-damage|p1a: Tornadus|0 fnt
|-hitcount|p1a: Tornadus|2
|faint|p1a: Tornadus
|
|-weather|RainDance|[upkeep]
|
|switch|p1a: Ludicolo|Ludicolo, F|149\/301 tox
|turn|36
|
|move|p1a: Ludicolo|Giga Drain|p2a: Ranger
|-supereffective|p2a: Ranger
|-end|p2a: Ranger|Substitute
|-heal|p1a: Ludicolo|179\/301 tox|[from] drain|[of] p2a: Ranger
|-damage|p1a: Ludicolo|149\/301 tox|[from] item: Life Orb
|move|p2a: Ranger|Icicle Spear|p1a: Ludicolo
|-damage|p1a: Ludicolo|94\/301 tox
|-damage|p1a: Ludicolo|42\/301 tox
|-damage|p1a: Ludicolo|0 fnt
|-hitcount|p1a: Ludicolo|3
|faint|p1a: Ludicolo
|
|-weather|RainDance|[upkeep]
|-end|p2a: Ranger|move: Taunt
|
|switch|p1a: Kingdra|Kingdra, M|297\/297
|turn|37
|
|move|p1a: Kingdra|Surf|p2a: Ranger
|-resisted|p2a: Ranger
|-damage|p2a: Ranger|0 fnt
|faint|p2a: Ranger
|
|-weather|RainDance|[upkeep]
|
|switch|p2a: Magician|Xatu, F, shiny|96\/334
|turn|38
|
|move|p1a: Kingdra|Surf|p2a: Magician
|-damage|p2a: Magician|0 fnt
|faint|p2a: Magician
|
|-weather|RainDance|[upkeep]
|
|switch|p2a: Healer|Blissey, F, shiny|714\/714
|turn|39
|
|switch|p1a: Crobat|Crobat, M|209\/373
|move|p2a: Healer|Wish|p2a: Healer
|
|-weather|RainDance|[upkeep]
|turn|40
|
|switch|p2a: Warrior|Donphan, M|318\/381
|move|p1a: Crobat|U-turn|p2a: Warrior
|-damage|p2a: Warrior|285\/381
|
|switch|p1a: Kingdra|Kingdra, M|297\/297
|
|-weather|RainDance|[upkeep]
|-heal|p2a: Warrior|381\/381|[from] move: Wish|[wisher] Healer
|turn|41
|
|switch|p2a: Healer|Blissey, F, shiny|714\/714
|move|p1a: Kingdra|Surf|p2a: Healer
|-damage|p2a: Healer|533\/714
|
|-weather|RainDance|[upkeep]
|-heal|p2a: Healer|577\/714|[from] item: Leftovers
|turn|42
|
|switch|p1a: Crobat|Crobat, M|209\/373
|move|p2a: Healer|Wish|p2a: Healer
|
|-weather|none
|-heal|p2a: Healer|621\/714|[from] item: Leftovers
|turn|43
|
|switch|p2a: Warrior|Donphan, M|381\/381
|move|p1a: Crobat|Rain Dance|p1a: Crobat
|-weather|RainDance
|
|-weather|RainDance|[upkeep]
|turn|44
|
|move|p1a: Crobat|Brave Bird|p2a: Warrior
|-damage|p2a: Warrior|294\/381
|-damage|p1a: Crobat|180\/373|[from] recoil|[of] p2a: Warrior
|move|p2a: Warrior|Earthquake|p1a: Crobat
|-immune|p1a: Crobat|[msg]
|
|-weather|RainDance|[upkeep]
|-heal|p2a: Warrior|317\/381|[from] item: Leftovers
|turn|45
|
|move|p1a: Crobat|Brave Bird|p2a: Warrior
|-damage|p2a: Warrior|230\/381
|-damage|p1a: Crobat|151\/373|[from] recoil|[of] p2a: Warrior
|move|p2a: Warrior|Stealth Rock|p1a: Crobat
|-sidestart|p1: BellyDrumZohan|move: Stealth Rock
|
|-weather|RainDance|[upkeep]
|-heal|p2a: Warrior|253\/381|[from] item: Leftovers
|turn|46
|
|move|p1a: Crobat|Brave Bird|p2a: Warrior
|-damage|p2a: Warrior|175\/381
|-damage|p1a: Crobat|125\/373|[from] recoil|[of] p2a: Warrior
|move|p2a: Warrior|Roar|p1a: Crobat
|drag|p1a: Swampert|Swampert-Mega, F|100\/341
|-damage|p1a: Swampert|79\/341|[from] Stealth Rock
|
|-weather|RainDance|[upkeep]
|-heal|p2a: Warrior|198\/381|[from] item: Leftovers
|turn|47
|
|move|p1a: Swampert|Waterfall|p2a: Warrior
|-supereffective|p2a: Warrior
|-damage|p2a: Warrior|0 fnt
|faint|p2a: Warrior
|
|-weather|RainDance|[upkeep]
|-message|Ritualist forfeited.
|leave|Ritualist
|
|win|BellyDrumZohan
|raw|Ladder updating...
|player|p2
|raw|BellyDrumZohan's rating: 1457 &rarr; <strong>1476<\/strong><br \/>(+19 for winning)
|raw|Ritualist's rating: 1437 &rarr; <strong>1418<\/strong><br \/>(-19 for losing)