|join|P. ID 10
|join|OverSeer
|player|p1|P. ID 10|92
|player|p2|OverSeer|126
|gametype|singles
|gen|6
|tier|OU
|rated
|clearpoke
|poke|p1|Metagross
|poke|p1|Kyurem-Black
|poke|p1|Dragonite, M
|poke|p1|Heatran, F
|poke|p1|Mew
|poke|p1|Keldeo
|poke|p2|Galvantula, M
|poke|p2|Jirachi
|poke|p2|Serperior, F
|poke|p2|Landorus-Therian, M
|poke|p2|Keldeo
|poke|p2|Gardevoir, F
|rule|Swagger Clause: Swagger is banned
|rule|Baton Pass Clause: Limit one PokÃ©mon knowing Baton Pass
|rule|Sleep Clause Mod: Limit one foe put to sleep
|rule|Species Clause: Limit one of each PokÃ©mon
|rule|OHKO Clause: OHKO moves are banned
|rule|Moody Clause: Moody is banned
|rule|Evasion Moves Clause: Evasion moves are banned
|rule|Endless Battle Clause: Forcing endless battles is banned
|rule|HP Percentage Mod: HP is shown in percentages
|teampreview
|
|start
|switch|p1a: Kyurem-Black|Kyurem-Black|391\/391
|switch|p2a: Serperior|Serperior, F|291\/291
|-ability|p1a: Kyurem-Black|Teravolt
|turn|1
|
|switch|p2a: Jirachi|Jirachi|341\/341
|move|p1a: Kyurem-Black|Ice Beam|p2a: Jirachi
|-crit|p2a: Jirachi
|-resisted|p2a: Jirachi
|-damage|p2a: Jirachi|185\/341
|-damage|p1a: Kyurem-Black|352\/391|[from] item: Life Orb
|
|turn|2
|
|switch|p1a: Heatran|Heatran, F|334\/334
|move|p2a: Jirachi|U-turn|p1a: Heatran
|-resisted|p1a: Heatran
|-damage|p1a: Heatran|318\/334
|
|switch|p2a: Landorus-Therian|Landorus-Therian, M|382\/382
|-ability|p2a: Landorus-Therian|Intimidate|[of] p1a: Heatran
|-unboost|p1a: Heatran|atk|1
|
|-heal|p1a: Heatran|334\/334|[from] item: Leftovers
|turn|3
|
|switch|p1a: Mew|Mew|399\/399
|move|p2a: Landorus-Therian|Stealth Rock|p1a: Mew
|-sidestart|p1: P. ID 10|move: Stealth Rock
|
|turn|4
|
|move|p1a: Mew|Defog|p2a: Landorus-Therian
|-unboost|p2a: Landorus-Therian|evasion|1
|-sideend|p1: P. ID 10|Stealth Rock|[from] move: Defog|[of] p1a: Mew
|move|p2a: Landorus-Therian|U-turn|p1a: Mew
|-crit|p1a: Mew
|-supereffective|p1a: Mew
|-damage|p1a: Mew|219\/399
|
|switch|p2a: Serperior|Serperior, F|291\/291
|
|-heal|p1a: Mew|243\/399|[from] item: Leftovers
|turn|5
|
|move|p2a: Serperior|Substitute|p2a: Serperior
|-start|p2a: Serperior|Substitute
|-damage|p2a: Serperior|219\/291
|move|p1a: Mew|Soft-Boiled|p1a: Mew
|-heal|p1a: Mew|399\/399
|
|-heal|p2a: Serperior|237\/291|[from] item: Leftovers
|turn|6
|
|move|p2a: Serperior|Leaf Storm|p1a: Mew
|-damage|p1a: Mew|249\/399
|-boost|p2a: Serperior|spa|2
|move|p1a: Mew|Psychic|p2a: Serperior
|-end|p2a: Serperior|Substitute
|
|-heal|p2a: Serperior|255\/291|[from] item: Leftovers
|-heal|p1a: Mew|273\/399|[from] item: Leftovers
|turn|7
|
|switch|p1a: Dragonite|Dragonite, M|323\/323
|move|p2a: Serperior|Substitute|p2a: Serperior
|-start|p2a: Serperior|Substitute
|-damage|p2a: Serperior|183\/291
|
|-heal|p2a: Serperior|201\/291|[from] item: Leftovers
|turn|8
|
|move|p1a: Dragonite|Extreme Speed|p2a: Serperior
|-end|p2a: Serperior|Substitute
|move|p2a: Serperior|Glare|p1a: Dragonite
|-status|p1a: Dragonite|par
|
|-heal|p2a: Serperior|219\/291|[from] item: Leftovers
|turn|9
|
|switch|p2a: Landorus-Therian|Landorus-Therian, M|382\/382
|-ability|p2a: Landorus-Therian|Intimidate|[of] p1a: Dragonite
|-unboost|p1a: Dragonite|atk|1
|move|p1a: Dragonite|Extreme Speed|p2a: Landorus-Therian
|-damage|p2a: Landorus-Therian|302\/382
|
|-heal|p2a: Landorus-Therian|325\/382|[from] item: Leftovers
|turn|10
|
|switch|p1a: Keldeo|Keldeo|323\/323
|move|p2a: Landorus-Therian|Stealth Rock|p1a: Keldeo
|-sidestart|p1: P. ID 10|move: Stealth Rock
|
|-heal|p2a: Landorus-Therian|348\/382|[from] item: Leftovers
|turn|11
|
|switch|p2a: Gardevoir|Gardevoir, F|277\/277
|move|p1a: Keldeo|Hydro Pump|p2a: Gardevoir
|-damage|p2a: Gardevoir|31\/277
|
|turn|12
|
|switch|p2a: Serperior|Serperior, F|219\/291
|move|p1a: Keldeo|Hydro Pump|p2a: Serperior
|-resisted|p2a: Serperior
|-damage|p2a: Serperior|72\/291
|
|-heal|p2a: Serperior|90\/291|[from] item: Leftovers
|turn|13
|
|switch|p1a: Dragonite|Dragonite, M|323\/323 par
|-damage|p1a: Dragonite|243\/323 par|[from] Stealth Rock
|move|p2a: Serperior|Glare|p1a: Dragonite
|-fail|p1a: Dragonite|par
|
|-heal|p2a: Serperior|108\/291|[from] item: Leftovers
|turn|14
|
|switch|p2a: Landorus-Therian|Landorus-Therian, M|348\/382
|-ability|p2a: Landorus-Therian|Intimidate|[of] p1a: Dragonite
|-unboost|p1a: Dragonite|atk|1
|move|p1a: Dragonite|Extreme Speed|p2a: Landorus-Therian
|-damage|p2a: Landorus-Therian|261\/382
|
|-heal|p2a: Landorus-Therian|284\/382|[from] item: Leftovers
|turn|15
|
|switch|p1a: Keldeo|Keldeo|323\/323
|-damage|p1a: Keldeo|303\/323|[from] Stealth Rock
|move|p2a: Landorus-Therian|Earthquake|p1a: Keldeo
|-damage|p1a: Keldeo|141\/323
|
|-heal|p2a: Landorus-Therian|307\/382|[from] item: Leftovers
|turn|16
|
|switch|p2a: Keldeo|Keldeo|323\/323
|move|p1a: Keldeo|Secret Sword|p2a: Keldeo
|-damage|p2a: Keldeo|68\/323
|
|-heal|p2a: Keldeo|88\/323|[from] item: Leftovers
|turn|17
|
|move|p2a: Keldeo|Scald|p1a: Keldeo
|-resisted|p1a: Keldeo
|-damage|p1a: Keldeo|58\/323
|move|p1a: Keldeo|Secret Sword|p2a: Keldeo
|-damage|p2a: Keldeo|0 fnt
|faint|p2a: Keldeo
|
|
|switch|p2a: Galvantula|Galvantula, M|281\/281
|turn|18
|
|switch|p1a: Heatran|Heatran, F|334\/334
|-damage|p1a: Heatran|293\/334|[from] Stealth Rock
|move|p2a: Galvantula|Thunder|p1a: Heatran|[miss]
|-miss|p2a: Galvantula|p1a: Heatran
|
|-heal|p1a: Heatran|313\/334|[from] item: Leftovers
|turn|19
|
|move|p2a: Galvantula|Sticky Web|p1a: Heatran
|-sidestart|p1: P. ID 10|move: Sticky Web
|move|p1a: Heatran|Lava Plume|p2a: Galvantula
|-supereffective|p2a: Galvantula
|-enditem|p2a: Galvantula|Focus Sash
|-damage|p2a: Galvantula|1\/281
|
|-heal|p1a: Heatran|333\/334|[from] item: Leftovers
|turn|20
|
|move|p2a: Galvantula|Thunder|p1a: Heatran
|-damage|p1a: Heatran|215\/334
|move|p1a: Heatran|Lava Plume|p2a: Galvantula
|-supereffective|p2a: Galvantula
|-damage|p2a: Galvantula|0 fnt
|faint|p2a: Galvantula
|
|-heal|p1a: Heatran|235\/334|[from] item: Leftovers
|
|switch|p2a: Jirachi|Jirachi|185\/341
|turn|21
|
|move|p2a: Jirachi|Healing Wish|p2a: Jirachi
|faint|p2a: Jirachi
|move|p1a: Heatran|Stealth Rock|p2: Jirachi
|-sidestart|p2: OverSeer|move: Stealth Rock
|
|-heal|p1a: Heatran|255\/334|[from] item: Leftovers
|
|switch|p2a: Gardevoir|Gardevoir, F|31\/277
|-heal|p2a: Gardevoir|277\/277|[from] move: Healing Wish
|-damage|p2a: Gardevoir|243\/277|[from] Stealth Rock
|turn|22
|
|detailschange|p2a: Gardevoir|Gardevoir-Mega, F
|-mega|p2a: Gardevoir|Gardevoir|Gardevoirite
|move|p2a: Gardevoir|Hidden Power|p1a: Heatran
|-supereffective|p1a: Heatran
|-damage|p1a: Heatran|3\/334
|move|p1a: Heatran|Toxic|p2a: Gardevoir
|-status|p2a: Gardevoir|tox
|
|-heal|p1a: Heatran|23\/334|[from] item: Leftovers
|-damage|p2a: Gardevoir|226\/277 tox|[from] psn
|turn|23
|
|move|p2a: Gardevoir|Hyper Voice|p1a: Heatran
|-resisted|p1a: Heatran
|-damage|p1a: Heatran|0 fnt
|faint|p1a: Heatran
|
|-damage|p2a: Gardevoir|192\/277 tox|[from] psn
|
|switch|p1a: Metagross|Metagross|301\/301
|-damage|p1a: Metagross|283\/301|[from] Stealth Rock
|-activate|p1a: Metagross|move: Sticky Web
|-fail|p1a: Metagross|unboost|[from] ability: Clear Body|[of] p1a: Metagross
|turn|24
|
|detailschange|p1a: Metagross|Metagross-Mega
|-mega|p1a: Metagross|Metagross|Metagrossite
|move|p2a: Gardevoir|Hidden Power|p1a: Metagross
|-supereffective|p1a: Metagross
|-damage|p1a: Metagross|109\/301
|move|p1a: Metagross|Meteor Mash|p2a: Gardevoir
|-supereffective|p2a: Gardevoir
|-damage|p2a: Gardevoir|0 fnt
|faint|p2a: Gardevoir
|
|
|switch|p2a: Landorus-Therian|Landorus-Therian, M|307\/382
|-damage|p2a: Landorus-Therian|260\/382|[from] Stealth Rock
|-ability|p2a: Landorus-Therian|Intimidate|[of] p1a: Metagross
|-unboost|p1a: Metagross|atk|1
|turn|25
|
|move|p1a: Metagross|Meteor Mash|p2a: Landorus-Therian
|-damage|p2a: Landorus-Therian|130\/382
|move|p2a: Landorus-Therian|Earthquake|p1a: Metagross
|-supereffective|p1a: Metagross
|-damage|p1a: Metagross|0 fnt
|faint|p1a: Metagross
|
|-heal|p2a: Landorus-Therian|153\/382|[from] item: Leftovers
|
|switch|p1a: Mew|Mew|273\/399
|-activate|p1a: Mew|move: Sticky Web
|-unboost|p1a: Mew|spe|1
|-damage|p1a: Mew|224\/399|[from] Stealth Rock
|turn|26
|
|move|p2a: Landorus-Therian|U-turn|p1a: Mew
|-supereffective|p1a: Mew
|-damage|p1a: Mew|104\/399
|
|switch|p2a: Serperior|Serperior, F|108\/291
|-damage|p2a: Serperior|72\/291|[from] Stealth Rock
|move|p1a: Mew|Defog|p2a: Serperior
|-boost|p2a: Serperior|evasion|1
|-sideend|p2: OverSeer|Stealth Rock|[from] move: Defog|[of] p2a: Serperior
|-sideend|p1: P. ID 10|Stealth Rock|[from] move: Defog|[of] p1a: Mew
|-sideend|p1: P. ID 10|Sticky Web|[from] move: Defog|[of] p1a: Mew
|
|-heal|p2a: Serperior|90\/291|[from] item: Leftovers
|-heal|p1a: Mew|128\/399|[from] item: Leftovers
|turn|27
|
|move|p2a: Serperior|Leaf Storm|p1a: Mew
|-damage|p1a: Mew|0 fnt
|-boost|p2a: Serperior|spa|2
|faint|p1a: Mew
|
|-heal|p2a: Serperior|108\/291|[from] item: Leftovers
|
|switch|p1a: Kyurem-Black|Kyurem-Black|352\/391
|-ability|p1a: Kyurem-Black|Teravolt
|turn|28
|c|âOverSeer|I can do I can do this
|
|move|p2a: Serperior|Glare|p1a: Kyurem-Black
|-status|p1a: Kyurem-Black|par
|cant|p1a: Kyurem-Black|par
|
|-heal|p2a: Serperior|126\/291|[from] item: Leftovers
|turn|29
|c|âP. ID 10|hax
|c|âP. ID 10|thanks
|c|âOverSeer|i can do thisssss!!!!!
|
|move|p2a: Serperior|Substitute|p2a: Serperior
|-start|p2a: Serperior|Substitute
|-damage|p2a: Serperior|54\/291
|cant|p1a: Kyurem-Black|par
|
|-heal|p2a: Serperior|72\/291|[from] item: Leftovers
|turn|30
|
|move|p2a: Serperior|Leaf Storm|p1a: Kyurem-Black
|-resisted|p1a: Kyurem-Black
|-damage|p1a: Kyurem-Black|190\/391 par
|-boost|p2a: Serperior|spa|2
|cant|p1a: Kyurem-Black|par
|
|-heal|p2a: Serperior|90\/291|[from] item: Leftovers
|turn|31
|c|âOverSeer|OMG!!!!
|c|âP. ID 10|omg o crl que te foda
|c|âP. ID 10|fucking hax!!!
|c|âP. ID 10|I am much better than you, fucking noob
|
|move|p2a: Serperior|Leaf Storm|p1a: Kyurem-Black
|-resisted|p1a: Kyurem-Black
|-damage|p1a: Kyurem-Black|0 fnt
|-boost|p2a: Serperior|spa|2
|faint|p1a: Kyurem-Black
|
|-heal|p2a: Serperior|108\/291|[from] item: Leftovers
|
|switch|p1a: Dragonite|Dragonite, M|243\/323 par
|turn|32
|c|âOverSeer|sweeep
|
|move|p1a: Dragonite|Extreme Speed|p2a: Serperior|[miss]
|-miss|p1a: Dragonite|p2a: Serperior
|move|p2a: Serperior|Leaf Storm|p1a: Dragonite
|-resisted|p1a: Dragonite
|-damage|p1a: Dragonite|105\/323 par
|
|-heal|p2a: Serperior|126\/291|[from] item: Leftovers
|turn|33
|
|move|p1a: Dragonite|Extreme Speed|p2a: Serperior
|-end|p2a: Serperior|Substitute
|move|p2a: Serperior|Leaf Storm|p1a: Dragonite
|-resisted|p1a: Dragonite
|-damage|p1a: Dragonite|0 fnt
|faint|p1a: Dragonite
|
|-heal|p2a: Serperior|144\/291|[from] item: Leftovers
|
|switch|p1a: Keldeo|Keldeo|58\/323
|turn|34
|
|move|p2a: Serperior|Hidden Power|p1a: Keldeo
|-crit|p1a: Keldeo
|-resisted|p1a: Keldeo
|-damage|p1a: Keldeo|0 fnt
|faint|p1a: Keldeo
|
|win|OverSeer
|raw|Ladder updating...
|raw|P. ID 10's rating: 1356 &rarr; <strong>1338<\/strong><br \/>(-18 for losing)
|raw|OverSeer's rating: 1385 &rarr; <strong>1403<\/strong><br \/>(+18 for winning)
|c|âOverSeer|gg
|c|âP. ID 10|gg?
|c|âP. ID 10|gg your fucking mother
|leave|P. ID 10
|player|p1