|join|ladder troll haha
|join|Great_Expectations
|player|p1|ladder troll haha|2
|player|p2|Great_Expectations|239
|gametype|singles
|gen|6
|tier|OU
|rated
|clearpoke
|poke|p1|Cottonee, F
|poke|p1|Azelf
|poke|p1|Whimsicott, F
|poke|p1|Smeargle, M, shiny
|poke|p1|Espeon, M
|poke|p1|Clefable, F
|poke|p2|Infernape, F
|poke|p2|Pinsir, F
|poke|p2|Latios, M
|poke|p2|Skarmory, F
|poke|p2|Magnezone
|poke|p2|Tentacruel, M
|rule|Swagger Clause: Swagger is banned
|rule|Baton Pass Clause: Limit one PokÃ©mon knowing Baton Pass
|rule|Sleep Clause Mod: Limit one foe put to sleep
|rule|Species Clause: Limit one of each PokÃ©mon
|rule|OHKO Clause: OHKO moves are banned
|rule|Moody Clause: Moody is banned
|rule|Evasion Moves Clause: Evasion moves are banned
|rule|Endless Battle Clause: Forcing endless battles is banned
|rule|HP Percentage Mod: HP is shown in percentages
|teampreview
|
|start
|switch|p1a: CHICHICHI LELELE|Cottonee, F|284\/284
|switch|p2a: Skarmory|Skarmory, F|334\/334
|turn|1
|
|move|p1a: CHICHICHI LELELE|Taunt|p2a: Skarmory
|-start|p2a: Skarmory|move: Taunt
|cant|p2a: Skarmory|move: Taunt|Stealth Rock
|
|turn|2
|
|switch|p2a: Tentacruel|Tentacruel, M|301\/301
|move|p1a: CHICHICHI LELELE|Tailwind|p1a: CHICHICHI LELELE
|-sidestart|p1: ladder troll haha|move: Tailwind
|
|turn|3
|
|move|p1a: CHICHICHI LELELE|Taunt|p2a: Tentacruel
|-start|p2a: Tentacruel|move: Taunt
|move|p2a: Tentacruel|Acid Spray|p1a: CHICHICHI LELELE
|-supereffective|p1a: CHICHICHI LELELE
|-enditem|p1a: CHICHICHI LELELE|Focus Sash
|-damage|p1a: CHICHICHI LELELE|1\/284
|-unboost|p1a: CHICHICHI LELELE|spd|2
|
|turn|4
|
|move|p1a: CHICHICHI LELELE|Memento|p2a: Tentacruel
|-unboost|p2a: Tentacruel|atk|2
|-unboost|p2a: Tentacruel|spa|2
|faint|p1a: CHICHICHI LELELE
|move|p2a: Tentacruel|Acid Spray|p1: CHICHICHI LELELE|[notarget]
|-notarget
|
|
|switch|p1a: VIVA CHILE|Azelf|354\/354
|turn|5
|
|move|p1a: VIVA CHILE|Reflect|p1a: VIVA CHILE
|-sidestart|p1: ladder troll haha|Reflect
|move|p2a: Tentacruel|Acid Spray|p1a: VIVA CHILE
|-damage|p1a: VIVA CHILE|315\/354
|-unboost|p1a: VIVA CHILE|spd|2
|
|-end|p2a: Tentacruel|move: Taunt
|-sideend|p1: ladder troll haha|move: Tailwind
|turn|6
|
|move|p1a: VIVA CHILE|Taunt|p2a: Tentacruel
|-start|p2a: Tentacruel|move: Taunt
|move|p2a: Tentacruel|Acid Spray|p1a: VIVA CHILE
|-crit|p1a: VIVA CHILE
|-damage|p1a: VIVA CHILE|111\/354
|-unboost|p1a: VIVA CHILE|spd|2
|
|turn|7
|
|move|p1a: VIVA CHILE|Light Screen|p1a: VIVA CHILE
|-sidestart|p1: ladder troll haha|move: Light Screen
|move|p2a: Tentacruel|Sludge Bomb|p1a: VIVA CHILE
|-damage|p1a: VIVA CHILE|0 fnt
|faint|p1a: VIVA CHILE
|
|
|switch|p1a: THE BP SAVIOR|Smeargle, M, shiny|251\/251
|turn|8
|
|move|p2a: Tentacruel|Acid Spray|p1a: THE BP SAVIOR
|-damage|p1a: THE BP SAVIOR|227\/251
|-unboost|p1a: THE BP SAVIOR|spd|2
|move|p1a: THE BP SAVIOR|Geomancy|p1a: THE BP SAVIOR|[still]
|-prepare|p1a: THE BP SAVIOR|Geomancy|p1a: THE BP SAVIOR
|-enditem|p1a: THE BP SAVIOR|Power Herb
|-anim|p1a: THE BP SAVIOR|Geomancy|p1a: THE BP SAVIOR
|-boost|p1a: THE BP SAVIOR|spa|2
|-boost|p1a: THE BP SAVIOR|spd|2
|-boost|p1a: THE BP SAVIOR|spe|2
|
|-end|p2a: Tentacruel|move: Taunt
|turn|9
|
|move|p1a: THE BP SAVIOR|Cotton Guard|p1a: THE BP SAVIOR
|-boost|p1a: THE BP SAVIOR|def|3
|move|p2a: Tentacruel|Acid Spray|p1a: THE BP SAVIOR
|-damage|p1a: THE BP SAVIOR|203\/251
|-unboost|p1a: THE BP SAVIOR|spd|2
|
|turn|10
|
|move|p1a: THE BP SAVIOR|Cotton Guard|p1a: THE BP SAVIOR
|-boost|p1a: THE BP SAVIOR|def|3
|move|p2a: Tentacruel|Acid Spray|p1a: THE BP SAVIOR
|-damage|p1a: THE BP SAVIOR|161\/251
|-unboost|p1a: THE BP SAVIOR|spd|2
|
|turn|11
|
|move|p1a: THE BP SAVIOR|Baton Pass|p1a: THE BP SAVIOR
|
|switch|p1a: DON TROLEONE|Espeon, M|321\/321
|move|p2a: Tentacruel|Sludge Bomb|p1a: DON TROLEONE
|-damage|p1a: DON TROLEONE|224\/321
|
|-heal|p1a: DON TROLEONE|244\/321|[from] item: Leftovers
|turn|12
|
|move|p1a: DON TROLEONE|Stored Power|p2a: Tentacruel
|-crit|p2a: Tentacruel
|-supereffective|p2a: Tentacruel
|-damage|p2a: Tentacruel|0 fnt
|faint|p2a: Tentacruel
|
|-heal|p1a: DON TROLEONE|264\/321|[from] item: Leftovers
|-sideend|p1: ladder troll haha|Reflect
|
|switch|p2a: Latios|Latios, M|301\/301
|turn|13
|
|move|p1a: DON TROLEONE|Substitute|p1a: DON TROLEONE
|-start|p1a: DON TROLEONE|Substitute
|-damage|p1a: DON TROLEONE|184\/321
|move|p2a: Latios|Draco Meteor|p1a: DON TROLEONE
|-end|p1a: DON TROLEONE|Substitute
|-unboost|p2a: Latios|spa|2
|
|-heal|p1a: DON TROLEONE|204\/321|[from] item: Leftovers
|turn|14
|
|switch|p2a: Magnezone|Magnezone|341\/341
|move|p1a: DON TROLEONE|Substitute|p1a: DON TROLEONE
|-start|p1a: DON TROLEONE|Substitute
|-damage|p1a: DON TROLEONE|124\/321
|
|-heal|p1a: DON TROLEONE|144\/321|[from] item: Leftovers
|-sideend|p1: ladder troll haha|move: Light Screen
|turn|15
|
|move|p1a: DON TROLEONE|Stored Power|p2a: Magnezone
|-resisted|p2a: Magnezone
|-damage|p2a: Magnezone|108\/341
|move|p2a: Magnezone|Thunderbolt|p1a: DON TROLEONE
|-end|p1a: DON TROLEONE|Substitute
|
|-heal|p1a: DON TROLEONE|164\/321|[from] item: Leftovers
|turn|16
|
|move|p1a: DON TROLEONE|Stored Power|p2a: Magnezone
|-resisted|p2a: Magnezone
|-damage|p2a: Magnezone|0 fnt
|faint|p2a: Magnezone
|
|-heal|p1a: DON TROLEONE|184\/321|[from] item: Leftovers
|
|switch|p2a: Latios|Latios, M|301\/301
|turn|17
|
|move|p1a: DON TROLEONE|Substitute|p1a: DON TROLEONE
|-start|p1a: DON TROLEONE|Substitute
|-damage|p1a: DON TROLEONE|104\/321
|move|p2a: Latios|Ice Beam|p1a: DON TROLEONE
|-end|p1a: DON TROLEONE|Substitute
|
|-heal|p1a: DON TROLEONE|124\/321|[from] item: Leftovers
|turn|18
|
|move|p1a: DON TROLEONE|Morning Sun|p1a: DON TROLEONE
|-heal|p1a: DON TROLEONE|284\/321
|move|p2a: Latios|Ice Beam|p1a: DON TROLEONE
|-damage|p1a: DON TROLEONE|0 fnt
|faint|p1a: DON TROLEONE
|
|-message|ladder troll haha forfeited.
|
|win|Great_Expectations
|raw|Ladder updating...
|leave|ladder troll haha
|player|p1
|raw|ladder troll haha's rating: 1676 &rarr; <strong>1653<\/strong><br \/>(-23 for losing)
|raw|Great_Expectations's rating: 1617 &rarr; <strong>1640<\/strong><br \/>(+23 for winning)