|join|testitesttesti
|join|ladder troll haha
|player|p1|testitesttesti|101
|player|p2|ladder troll haha|288
|gametype|singles
|gen|6
|tier|OU
|rated
|clearpoke
|poke|p1|Sceptile, F
|poke|p1|Bisharp, F
|poke|p1|Rotom-Wash
|poke|p1|Talonflame, M
|poke|p1|Tentacruel, M
|poke|p1|Mamoswine, F
|poke|p2|Keldeo
|poke|p2|Venusaur, M, shiny
|poke|p2|Tyranitar, M, shiny
|poke|p2|Slowbro, M, shiny
|poke|p2|Heatran, M, shiny
|poke|p2|Clefable, M, shiny
|rule|Swagger Clause: Swagger is banned
|rule|Baton Pass Clause: Limit one PokÃ©mon knowing Baton Pass
|rule|Sleep Clause Mod: Limit one foe put to sleep
|rule|Species Clause: Limit one of each PokÃ©mon
|rule|OHKO Clause: OHKO moves are banned
|rule|Moody Clause: Moody is banned
|rule|Evasion Moves Clause: Evasion moves are banned
|rule|Endless Battle Clause: Forcing endless battles is banned
|rule|HP Percentage Mod: HP is shown in percentages
|teampreview
|
|start
|switch|p1a: Mamoswine|Mamoswine, F|361\/361
|switch|p2a: Venusaur|Venusaur, M, shiny|353\/353
|turn|1
|
|detailschange|p2a: Venusaur|Venusaur-Mega, M, shiny
|message|Venusaur has Mega Evolved into Mega Venusaur!
|move|p1a: Mamoswine|Stealth Rock|p2a: Venusaur
|-sidestart|p2: ladder troll haha|move: Stealth Rock
|move|p2a: Venusaur|Giga Drain|p1a: Mamoswine
|-supereffective|p1a: Mamoswine
|-enditem|p1a: Mamoswine|Focus Sash
|-damage|p1a: Mamoswine|1\/361
|
|turn|2
|
|move|p1a: Mamoswine|Icicle Crash|p2a: Venusaur|[miss]
|-miss|p1a: Mamoswine|p2a: Venusaur
|move|p2a: Venusaur|Sludge Bomb|p1a: Mamoswine
|-resisted|p1a: Mamoswine
|-damage|p1a: Mamoswine|0 fnt
|faint|p1a: Mamoswine
|
|
|switch|p1a: Tentacruel|Tentacruel, M|364\/364
|turn|3
|
|move|p1a: Tentacruel|Toxic Spikes|p2a: Venusaur
|-sidestart|p2: ladder troll haha|move: Toxic Spikes
|move|p2a: Venusaur|Giga Drain|p1a: Tentacruel
|-damage|p1a: Tentacruel|277\/364
|-damage|p2a: Venusaur|309\/353|[from] ability: Liquid Ooze|[of] p1a: Tentacruel
|
|-heal|p1a: Tentacruel|299\/364|[from] item: Black Sludge
|turn|4
|
|switch|p2a: Clefable|Clefable, M, shiny|394\/394
|-status|p2a: Clefable|psn
|move|p1a: Tentacruel|Scald|p2a: Clefable
|-damage|p2a: Clefable|333\/394 psn
|
|-heal|p1a: Tentacruel|321\/364|[from] item: Black Sludge
|-heal|p2a: Clefable|357\/394 psn|[from] item: Leftovers
|turn|5
|
|switch|p2a: Venusaur|Venusaur-Mega, M, shiny|309\/353
|-sideend|p2: ladder troll haha|move: Toxic Spikes|[of] p2a: Venusaur
|-damage|p2a: Venusaur|265\/353|[from] Stealth Rock
|move|p1a: Tentacruel|Acid Spray|p2a: Venusaur
|-damage|p2a: Venusaur|234\/353
|-unboost|p2a: Venusaur|spd|2
|
|-heal|p1a: Tentacruel|343\/364|[from] item: Black Sludge
|turn|6
|
|switch|p2a: Slowbro|Slowbro, M, shiny|393\/393
|-damage|p2a: Slowbro|344\/393|[from] Stealth Rock
|move|p1a: Tentacruel|Acid Spray|p2a: Slowbro
|-damage|p2a: Slowbro|292\/393
|-unboost|p2a: Slowbro|spd|2
|
|-heal|p1a: Tentacruel|364\/364|[from] item: Black Sludge
|-heal|p2a: Slowbro|316\/393|[from] item: Leftovers
|turn|7
|
|switch|p1a: Rotom-Wash|Rotom-Wash|303\/303
|move|p2a: Slowbro|Scald|p1a: Rotom-Wash
|-resisted|p1a: Rotom-Wash
|-damage|p1a: Rotom-Wash|262\/303
|-status|p1a: Rotom-Wash|brn
|
|-heal|p1a: Rotom-Wash|280\/303 brn|[from] item: Leftovers
|-heal|p2a: Slowbro|340\/393|[from] item: Leftovers
|-damage|p1a: Rotom-Wash|243\/303 brn|[from] brn
|turn|8
|
|move|p1a: Rotom-Wash|Volt Switch|p2a: Slowbro
|-supereffective|p2a: Slowbro
|-damage|p2a: Slowbro|0 fnt
|faint|p2a: Slowbro
|
|switch|p1a: Tentacruel|Tentacruel, M|364\/364
|
|
|switch|p2a: Tyranitar|Tyranitar, M, shiny|341\/341
|-damage|p2a: Tyranitar|299\/341|[from] Stealth Rock
|-weather|Sandstorm
|turn|9
|
|switch|p1a: Rotom-Wash|Rotom-Wash|243\/303 brn
|move|p2a: Tyranitar|Stone Edge|p1a: Rotom-Wash
|-damage|p1a: Rotom-Wash|119\/303 brn
|
|-weather|Sandstorm|[upkeep]
|-damage|p1a: Rotom-Wash|101\/303 brn|[from] sandstorm
|-heal|p1a: Rotom-Wash|119\/303 brn|[from] item: Leftovers
|-damage|p1a: Rotom-Wash|82\/303 brn|[from] brn
|turn|10
|
|move|p2a: Tyranitar|Stone Edge|p1a: Rotom-Wash|[miss]
|-miss|p2a: Tyranitar|p1a: Rotom-Wash
|move|p1a: Rotom-Wash|Will-O-Wisp|p2a: Tyranitar
|-status|p2a: Tyranitar|brn
|
|-weather|Sandstorm|[upkeep]
|-damage|p1a: Rotom-Wash|64\/303 brn|[from] sandstorm
|-heal|p1a: Rotom-Wash|82\/303 brn|[from] item: Leftovers
|-damage|p2a: Tyranitar|257\/341 brn|[from] brn
|-damage|p1a: Rotom-Wash|45\/303 brn|[from] brn
|turn|11
|
|switch|p2a: Keldeo|Keldeo|323\/323
|-damage|p2a: Keldeo|303\/323|[from] Stealth Rock
|move|p1a: Rotom-Wash|Hydro Pump|p2a: Keldeo|[miss]
|-miss|p1a: Rotom-Wash|p2a: Keldeo
|
|-weather|Sandstorm|[upkeep]
|-damage|p2a: Keldeo|283\/323|[from] sandstorm
|-damage|p1a: Rotom-Wash|27\/303 brn|[from] sandstorm
|-heal|p1a: Rotom-Wash|45\/303 brn|[from] item: Leftovers
|-damage|p1a: Rotom-Wash|8\/303 brn|[from] brn
|turn|12
|
|move|p2a: Keldeo|Secret Sword|p1a: Rotom-Wash
|-damage|p1a: Rotom-Wash|0 fnt
|faint|p1a: Rotom-Wash
|
|-weather|Sandstorm|[upkeep]
|-damage|p2a: Keldeo|263\/323|[from] sandstorm
|
|switch|p1a: Talonflame|Talonflame, M|297\/297
|turn|13
|
|switch|p2a: Heatran|Heatran, M, shiny|385\/385
|-damage|p2a: Heatran|337\/385|[from] Stealth Rock
|move|p1a: Talonflame|U-turn|p2a: Heatran
|-resisted|p2a: Heatran
|-damage|p2a: Heatran|312\/385
|
|switch|p1a: Tentacruel|Tentacruel, M|364\/364
|
|-weather|none
|-heal|p2a: Heatran|336\/385|[from] item: Leftovers
|turn|14
|
|switch|p2a: Clefable|Clefable, M, shiny|357\/394 psn
|move|p1a: Tentacruel|Scald|p2a: Clefable
|-crit|p2a: Clefable
|-damage|p2a: Clefable|261\/394 psn
|
|-heal|p2a: Clefable|285\/394 psn|[from] item: Leftovers
|turn|15
|
|move|p1a: Tentacruel|Acid Spray|p2a: Clefable
|-supereffective|p2a: Clefable
|-damage|p2a: Clefable|223\/394 psn
|-unboost|p2a: Clefable|spd|2
|move|p2a: Clefable|Heal Bell|p2a: Clefable
|-cureteam|p2a: Clefable|[from] move: HealBell
|
|-heal|p2a: Clefable|247\/394|[from] item: Leftovers
|turn|16
|
|switch|p2a: Heatran|Heatran, M, shiny|336\/385
|-damage|p2a: Heatran|288\/385|[from] Stealth Rock
|move|p1a: Tentacruel|Scald|p2a: Heatran
|-supereffective|p2a: Heatran
|-damage|p2a: Heatran|180\/385
|
|-heal|p2a: Heatran|204\/385|[from] item: Leftovers
|turn|17
|
|move|p2a: Heatran|Protect|p2a: Heatran
|-singleturn|p2a: Heatran|Protect
|move|p1a: Tentacruel|Scald|p2a: Heatran
|-activate|p2a: Heatran|Protect
|
|-heal|p2a: Heatran|228\/385|[from] item: Leftovers
|turn|18
|
|move|p1a: Tentacruel|Scald|p2a: Heatran
|-supereffective|p2a: Heatran
|-damage|p2a: Heatran|120\/385
|move|p2a: Heatran|Lava Plume|p1a: Tentacruel
|-resisted|p1a: Tentacruel
|-damage|p1a: Tentacruel|324\/364
|
|-heal|p1a: Tentacruel|346\/364|[from] item: Black Sludge
|-heal|p2a: Heatran|144\/385|[from] item: Leftovers
|turn|19
|
|move|p2a: Heatran|Protect|p2a: Heatran
|-singleturn|p2a: Heatran|Protect
|move|p1a: Tentacruel|Toxic Spikes|p2a: Heatran
|-sidestart|p2: ladder troll haha|move: Toxic Spikes
|
|-heal|p1a: Tentacruel|364\/364|[from] item: Black Sludge
|-heal|p2a: Heatran|168\/385|[from] item: Leftovers
|turn|20
|
|switch|p2a: Clefable|Clefable, M, shiny|247\/394
|-status|p2a: Clefable|psn
|move|p1a: Tentacruel|Scald|p2a: Clefable
|-damage|p2a: Clefable|175\/394 psn
|
|-heal|p2a: Clefable|199\/394 psn|[from] item: Leftovers
|turn|21
|
|move|p1a: Tentacruel|Acid Spray|p2a: Clefable
|-supereffective|p2a: Clefable
|-damage|p2a: Clefable|125\/394 psn
|-unboost|p2a: Clefable|spd|2
|move|p2a: Clefable|Soft-Boiled|p2a: Clefable
|-heal|p2a: Clefable|322\/394 psn
|
|-heal|p2a: Clefable|346\/394 psn|[from] item: Leftovers
|turn|22
|raw|<div class="broadcast-red"><b>The server is restarting soon.<\/b><br \/>Please finish your battles quickly. No new battles can be started until the server resets in a few minutes.<\/div>
|raw|<div class="broadcast-red"><b>Moderated chat was set to +!<\/b><br \/>Only users of rank + and higher can talk.<\/div>
|
|move|p1a: Tentacruel|Acid Spray|p2a: Clefable
|-supereffective|p2a: Clefable
|-damage|p2a: Clefable|202\/394 psn
|-unboost|p2a: Clefable|spd|2
|move|p2a: Clefable|Moonblast|p1a: Tentacruel
|-resisted|p1a: Tentacruel
|-damage|p1a: Tentacruel|328\/364
|
|-heal|p1a: Tentacruel|350\/364|[from] item: Black Sludge
|-heal|p2a: Clefable|226\/394 psn|[from] item: Leftovers
|turn|23
|
|switch|p2a: Venusaur|Venusaur-Mega, M, shiny|234\/353
|-sideend|p2: ladder troll haha|move: Toxic Spikes|[of] p2a: Venusaur
|-damage|p2a: Venusaur|190\/353|[from] Stealth Rock
|move|p1a: Tentacruel|Acid Spray|p2a: Venusaur
|-damage|p2a: Venusaur|153\/353
|-unboost|p2a: Venusaur|spd|2
|
|-heal|p1a: Tentacruel|364\/364|[from] item: Black Sludge
|turn|24
|
|switch|p2a: Tyranitar|Tyranitar, M, shiny|257\/341
|-damage|p2a: Tyranitar|215\/341|[from] Stealth Rock
|-weather|Sandstorm
|move|p1a: Tentacruel|Acid Spray|p2a: Tyranitar
|-crit|p2a: Tyranitar
|-resisted|p2a: Tyranitar
|-damage|p2a: Tyranitar|194\/341
|-unboost|p2a: Tyranitar|spd|2
|
|-weather|Sandstorm|[upkeep]
|-damage|p1a: Tentacruel|342\/364|[from] sandstorm
|-heal|p1a: Tentacruel|364\/364|[from] item: Black Sludge
|turn|25
|
|move|p2a: Tyranitar|Pursuit|p1a: Tentacruel|[from]Pursuit
|-damage|p1a: Tentacruel|162\/364
|switch|p1a: Bisharp|Bisharp, F|277\/277
|
|-weather|Sandstorm|[upkeep]
|turn|26
|
|switch|p2a: Heatran|Heatran, M, shiny|168\/385
|-damage|p2a: Heatran|120\/385|[from] Stealth Rock
|move|p1a: Bisharp|Iron Head|p2a: Heatran
|-resisted|p2a: Heatran
|-damage|p2a: Heatran|73\/385
|-damage|p1a: Bisharp|250\/277|[from] item: Life Orb
|
|-weather|Sandstorm|[upkeep]
|-heal|p2a: Heatran|97\/385|[from] item: Leftovers
|turn|27
|
|move|p2a: Heatran|Protect|p2a: Heatran
|-singleturn|p2a: Heatran|Protect
|move|p1a: Bisharp|Knock Off|p2a: Heatran
|-activate|p2a: Heatran|Protect
|
|-weather|Sandstorm|[upkeep]
|-heal|p2a: Heatran|121\/385|[from] item: Leftovers
|turn|28
|
|move|p1a: Bisharp|Knock Off|p2a: Heatran
|-damage|p2a: Heatran|0 fnt
|-enditem|p2a: Heatran|Leftovers|[from] move: Knock Off|[of] p1a: Bisharp
|-damage|p1a: Bisharp|223\/277|[from] item: Life Orb
|faint|p2a: Heatran
|
|-weather|none
|
|switch|p2a: Keldeo|Keldeo|263\/323
|-damage|p2a: Keldeo|243\/323|[from] Stealth Rock
|turn|29
|
|switch|p1a: Tentacruel|Tentacruel, M|162\/364
|move|p2a: Keldeo|Secret Sword|p1a: Tentacruel
|-resisted|p1a: Tentacruel
|-damage|p1a: Tentacruel|3\/364
|
|-heal|p1a: Tentacruel|25\/364|[from] item: Black Sludge
|turn|30
|
|move|p2a: Keldeo|Secret Sword|p1a: Tentacruel
|-resisted|p1a: Tentacruel
|-damage|p1a: Tentacruel|0 fnt
|faint|p1a: Tentacruel
|
|
|switch|p1a: Talonflame|Talonflame, M|297\/297
|turn|31
|
|switch|p2a: Venusaur|Venusaur-Mega, M, shiny|153\/353
|-damage|p2a: Venusaur|109\/353|[from] Stealth Rock
|move|p1a: Talonflame|Brave Bird|p2a: Venusaur
|-supereffective|p2a: Venusaur
|-damage|p2a: Venusaur|0 fnt
|-damage|p1a: Talonflame|261\/297|[from] recoil|[of] p2a: Venusaur
|faint|p2a: Venusaur
|
|
|switch|p2a: Tyranitar|Tyranitar, M, shiny|194\/341
|-damage|p2a: Tyranitar|152\/341|[from] Stealth Rock
|-weather|Sandstorm
|turn|32
|
|move|p1a: Talonflame|Brave Bird|p2a: Tyranitar
|-resisted|p2a: Tyranitar
|-damage|p2a: Tyranitar|36\/341
|-damage|p1a: Talonflame|223\/297|[from] recoil|[of] p2a: Tyranitar
|move|p2a: Tyranitar|Stone Edge|p1a: Talonflame
|-supereffective|p1a: Talonflame
|-damage|p1a: Talonflame|0 fnt
|faint|p1a: Talonflame
|
|-weather|Sandstorm|[upkeep]
|
|switch|p1a: Sceptile|Sceptile, F|281\/281
|turn|33
|
|detailschange|p1a: Sceptile|Sceptile-Mega, F
|message|Sceptile has Mega Evolved into Mega Sceptile!
|move|p2a: Tyranitar|Stone Edge|p1a: Sceptile
|-crit|p1a: Sceptile
|-damage|p1a: Sceptile|0 fnt
|faint|p1a: Sceptile
|
|-weather|Sandstorm|[upkeep]
|
|switch|p1a: Bisharp|Bisharp, F|223\/277
|turn|34
|
|move|p2a: Tyranitar|Stone Edge|p1a: Bisharp
|-resisted|p1a: Bisharp
|-damage|p1a: Bisharp|130\/277
|move|p1a: Bisharp|Knock Off|p2a: Tyranitar
|-resisted|p2a: Tyranitar
|-damage|p2a: Tyranitar|0 fnt
|-enditem|p2a: Tyranitar|Choice Scarf|[from] move: Knock Off|[of] p1a: Bisharp
|-damage|p1a: Bisharp|103\/277|[from] item: Life Orb
|faint|p2a: Tyranitar
|
|-weather|Sandstorm|[upkeep]
|
|switch|p2a: Keldeo|Keldeo|243\/323
|-damage|p2a: Keldeo|223\/323|[from] Stealth Rock
|turn|35
|
|move|p1a: Bisharp|Sucker Punch|p2a: Keldeo
|-resisted|p2a: Keldeo
|-damage|p2a: Keldeo|120\/323
|-boost|p2a: Keldeo|atk|1|[from] ability: Justified
|-damage|p1a: Bisharp|76\/277|[from] item: Life Orb
|move|p2a: Keldeo|Secret Sword|p1a: Bisharp
|-supereffective|p1a: Bisharp
|-damage|p1a: Bisharp|0 fnt
|faint|p1a: Bisharp
|
|win|ladder troll haha
|raw|Ladder updating...
|raw|testitesttesti's rating: 1539 &rarr; <strong>1523<\/strong><br \/>(-16 for losing)
|raw|ladder troll haha's rating: 1620 &rarr; <strong>1635<\/strong><br \/>(+15 for winning)
|c|âtestitesttesti|gg
|c|âladder troll haha|gg