|join|Fairy Peak!
|join|mapotofuuu
|player|p1|Fairy Peak!|289
|player|p2|mapotofuuu|265
|gametype|singles
|gen|6
|tier|OU
|rated
|clearpoke
|poke|p1|Empoleon, F
|poke|p1|Raikou
|poke|p1|Landorus-Therian, M
|poke|p1|Azumarill, F
|poke|p1|Pinsir, M
|poke|p1|Bisharp, M
|poke|p2|Whimsicott, F
|poke|p2|Sableye, F
|poke|p2|Sylveon, F
|poke|p2|Heatran, M
|poke|p2|Gyarados, F
|poke|p2|Gengar, M
|rule|Swagger Clause: Swagger is banned
|rule|Baton Pass Clause: Limit one PokÃ©mon knowing Baton Pass
|rule|Sleep Clause Mod: Limit one foe put to sleep
|rule|Species Clause: Limit one of each PokÃ©mon
|rule|OHKO Clause: OHKO moves are banned
|rule|Moody Clause: Moody is banned
|rule|Evasion Moves Clause: Evasion moves are banned
|rule|Endless Battle Clause: Forcing endless battles is banned
|rule|HP Percentage Mod: HP is shown in percentages
|teampreview
|c|âFairy Peak!|Gl.
|
|start
|switch|p1a: I'm A Electric Dog|Raikou|322\/322
|switch|p2a: Gyarados|Gyarados, F|332\/332
|-ability|p1a: I'm A Electric Dog|Pressure
|-ability|p2a: Gyarados|Intimidate|[of] p1a: I'm A Electric Dog
|-unboost|p1a: I'm A Electric Dog|atk|1
|turn|1
|
|detailschange|p2a: Gyarados|Gyarados-Mega, F
|message|Gyarados has Mega Evolved into Mega Gyarados!
|-ability|p2a: Gyarados|Mold Breaker
|move|p1a: I'm A Electric Dog|Volt Switch|p2a: Gyarados
|-supereffective|p2a: Gyarados
|-damage|p2a: Gyarados|144\/332
|
|switch|p1a: I'm A Flying Dog|Landorus-Therian, M|320\/320
|-ability|p1a: I'm A Flying Dog|Intimidate|[of] p2a: Gyarados
|-unboost|p2a: Gyarados|atk|1
|move|p2a: Gyarados|Dragon Dance|p2a: Gyarados
|-boost|p2a: Gyarados|atk|1
|-boost|p2a: Gyarados|spe|1
|
|turn|2
|
|move|p1a: I'm A Flying Dog|Earthquake|p2a: Gyarados
|-crit|p2a: Gyarados
|-damage|p2a: Gyarados|0 fnt
|faint|p2a: Gyarados
|
|
|switch|p2a: Sableye|Sableye, F|304\/304
|turn|3
|
|switch|p1a: I'm A Pinguin|Empoleon, F|372\/372
|move|p2a: Sableye|Will-O-Wisp|p1a: I'm A Pinguin
|-status|p1a: I'm A Pinguin|brn
|
|-damage|p1a: I'm A Pinguin|326\/372 brn|[from] brn
|turn|4
|
|move|p1a: I'm A Pinguin|Stealth Rock|p2a: Sableye
|-sidestart|p2: mapotofuuu|move: Stealth Rock
|move|p2a: Sableye|Knock Off|p1a: I'm A Pinguin
|-damage|p1a: I'm A Pinguin|226\/372 brn
|-enditem|p1a: I'm A Pinguin|Leftovers|[from] move: Knock Off|[of] p2a: Sableye
|
|-damage|p1a: I'm A Pinguin|180\/372 brn|[from] brn
|turn|5
|
|move|p2a: Sableye|Taunt|p1a: I'm A Pinguin
|-start|p1a: I'm A Pinguin|move: Taunt
|move|p1a: I'm A Pinguin|Scald|p2a: Sableye
|-damage|p2a: Sableye|202\/304
|
|-heal|p2a: Sableye|221\/304|[from] item: Leftovers
|-damage|p1a: I'm A Pinguin|134\/372 brn|[from] brn
|turn|6
|
|move|p1a: I'm A Pinguin|Scald|p2a: Sableye
|-damage|p2a: Sableye|118\/304
|move|p2a: Sableye|Knock Off|p1a: I'm A Pinguin
|-damage|p1a: I'm A Pinguin|65\/372 brn
|
|-heal|p2a: Sableye|137\/304|[from] item: Leftovers
|-damage|p1a: I'm A Pinguin|19\/372 brn|[from] brn
|turn|7
|
|move|p2a: Sableye|Recover|p2a: Sableye
|-heal|p2a: Sableye|289\/304
|move|p1a: I'm A Pinguin|Scald|p2a: Sableye
|-damage|p2a: Sableye|145\/304
|
|-heal|p2a: Sableye|164\/304|[from] item: Leftovers
|-damage|p1a: I'm A Pinguin|0 fnt|[from] brn
|faint|p1a: I'm A Pinguin
|
|switch|p1a: I'm A Electric Dog|Raikou|322\/322
|-ability|p1a: I'm A Electric Dog|Pressure
|turn|8
|
|switch|p2a: Sylveon|Sylveon, F|394\/394
|-damage|p2a: Sylveon|345\/394|[from] Stealth Rock
|move|p1a: I'm A Electric Dog|Thunderbolt|p2a: Sylveon
|-damage|p2a: Sylveon|255\/394
|
|-heal|p2a: Sylveon|279\/394|[from] item: Leftovers
|turn|9
|
|move|p1a: I'm A Electric Dog|Volt Switch|p2a: Sylveon
|-damage|p2a: Sylveon|207\/394
|
|switch|p1a: I'm Baddass|Bisharp, M|272\/272
|move|p2a: Sylveon|Wish|p2a: Sylveon
|
|-heal|p2a: Sylveon|231\/394|[from] item: Leftovers
|turn|10
|
|switch|p2a: Sableye|Sableye, F|164\/304
|-damage|p2a: Sableye|126\/304|[from] Stealth Rock
|move|p1a: I'm Baddass|Iron Head|p2a: Sableye
|-damage|p2a: Sableye|0 fnt
|-damage|p1a: I'm Baddass|245\/272|[from] item: Life Orb
|faint|p2a: Sableye
|
|
|switch|p2a: Heatran|Heatran, M|386\/386
|-damage|p2a: Heatran|338\/386|[from] Stealth Rock
|turn|11
|
|switch|p1a: I'm A Water Rabbit|Azumarill, F|404\/404
|move|p2a: Heatran|Heat Wave|p1a: I'm A Water Rabbit
|-resisted|p1a: I'm A Water Rabbit
|-damage|p1a: I'm A Water Rabbit|314\/404
|
|-heal|p2a: Heatran|362\/386|[from] item: Leftovers
|turn|12
|
|move|p2a: Heatran|Stealth Rock|p1a: I'm A Water Rabbit
|-sidestart|p1: Fairy Peak!|move: Stealth Rock
|move|p1a: I'm A Water Rabbit|Waterfall|p2a: Heatran
|-supereffective|p2a: Heatran
|-damage|p2a: Heatran|0 fnt
|faint|p2a: Heatran
|
|
|switch|p2a: Gengar|Gengar, M|261\/261
|-damage|p2a: Gengar|229\/261|[from] Stealth Rock
|turn|13
|
|switch|p1a: I'm Baddass|Bisharp, M|245\/272
|-damage|p1a: I'm Baddass|228\/272|[from] Stealth Rock
|move|p2a: Gengar|Substitute|p2a: Gengar
|-start|p2a: Gengar|Substitute
|-damage|p2a: Gengar|164\/261
|
|-heal|p2a: Gengar|180\/261|[from] item: Leftovers
|turn|14
|
|-singleturn|p2a: Gengar|move: Focus Punch
|move|p1a: I'm Baddass|Sucker Punch|p2a: Gengar
|-supereffective|p2a: Gengar
|-end|p2a: Gengar|Substitute
|-damage|p1a: I'm Baddass|201\/272|[from] item: Life Orb
|move|p2a: Gengar|Focus Punch|p1a: I'm Baddass
|-supereffective|p1a: I'm Baddass
|-damage|p1a: I'm Baddass|0 fnt
|faint|p1a: I'm Baddass
|
|-heal|p2a: Gengar|196\/261|[from] item: Leftovers
|c|âFairy Peak!|WTF
|c|âFairy Peak!|OMG
|
|switch|p1a: I'm A Flying Dog|Landorus-Therian, M|320\/320
|-damage|p1a: I'm A Flying Dog|280\/320|[from] Stealth Rock
|-ability|p1a: I'm A Flying Dog|Intimidate|[of] p2a: Gengar
|-unboost|p2a: Gengar|atk|1
|turn|15
|c|âFairy Peak!|I'm gonna rec this battle.
|c|âFairy Peak!|Because it's amazing.
|
|switch|p2a: Sylveon|Sylveon, F|231\/394
|-damage|p2a: Sylveon|182\/394|[from] Stealth Rock
|move|p1a: I'm A Flying Dog|Knock Off|p2a: Sylveon
|-resisted|p2a: Sylveon
|-damage|p2a: Sylveon|93\/394
|-enditem|p2a: Sylveon|Leftovers|[from] move: Knock Off|[of] p1a: I'm A Flying Dog
|
|turn|16
|
|switch|p1a: I'm A ???|Pinsir, M|272\/272
|-damage|p1a: I'm A ???|204\/272|[from] Stealth Rock
|move|p2a: Sylveon|Toxic|p1a: I'm A ???
|-status|p1a: I'm A ???|tox
|
|-damage|p1a: I'm A ???|187\/272 tox|[from] psn
|turn|17
|
|detailschange|p1a: I'm A ???|Pinsir-Mega, M
|message|Pinsir has Mega Evolved into Mega Pinsir!
|move|p1a: I'm A ???|Return|p2a: Sylveon
|-damage|p2a: Sylveon|0 fnt
|faint|p2a: Sylveon
|
|-damage|p1a: I'm A ???|153\/272 tox|[from] psn
|
|switch|p2a: Whimsicott|Whimsicott, F|261\/261
|-damage|p2a: Whimsicott|229\/261|[from] Stealth Rock
|turn|18
|
|move|p2a: Whimsicott|Substitute|p2a: Whimsicott
|-start|p2a: Whimsicott|Substitute
|-damage|p2a: Whimsicott|164\/261
|move|p1a: I'm A ???|Return|p2a: Whimsicott
|-supereffective|p2a: Whimsicott
|-end|p2a: Whimsicott|Substitute
|
|-heal|p2a: Whimsicott|180\/261|[from] item: Leftovers
|-damage|p1a: I'm A ???|102\/272 tox|[from] psn
|turn|19
|
|move|p2a: Whimsicott|Substitute|p2a: Whimsicott
|-start|p2a: Whimsicott|Substitute
|-damage|p2a: Whimsicott|115\/261
|move|p1a: I'm A ???|Return|p2a: Whimsicott
|-supereffective|p2a: Whimsicott
|-end|p2a: Whimsicott|Substitute
|
|-heal|p2a: Whimsicott|131\/261|[from] item: Leftovers
|-damage|p1a: I'm A ???|34\/272 tox|[from] psn
|turn|20
|
|move|p2a: Whimsicott|Substitute|p2a: Whimsicott
|-start|p2a: Whimsicott|Substitute
|-damage|p2a: Whimsicott|66\/261
|move|p1a: I'm A ???|Return|p2a: Whimsicott
|-supereffective|p2a: Whimsicott
|-end|p2a: Whimsicott|Substitute
|
|-heal|p2a: Whimsicott|82\/261|[from] item: Leftovers
|-damage|p1a: I'm A ???|0 fnt|[from] psn
|faint|p1a: I'm A ???
|
|switch|p1a: I'm A Flying Dog|Landorus-Therian, M|280\/320
|-damage|p1a: I'm A Flying Dog|240\/320|[from] Stealth Rock
|-ability|p1a: I'm A Flying Dog|Intimidate|[of] p2a: Whimsicott
|-unboost|p2a: Whimsicott|atk|1
|turn|21
|
|move|p2a: Whimsicott|Leech Seed|p1a: I'm A Flying Dog
|-start|p1a: I'm A Flying Dog|move: Leech Seed
|move|p1a: I'm A Flying Dog|Stone Edge|p2a: Whimsicott
|-damage|p2a: Whimsicott|0 fnt
|faint|p2a: Whimsicott
|
|
|switch|p2a: Gengar|Gengar, M|196\/261
|-damage|p2a: Gengar|164\/261|[from] Stealth Rock
|turn|22
|
|move|p1a: I'm A Flying Dog|Stone Edge|p2a: Gengar
|-damage|p2a: Gengar|0 fnt
|faint|p2a: Gengar
|
|win|Fairy Peak!
|raw|Ladder updating...
|raw|Fairy Peak!'s rating: 1321 &rarr; <strong>1344<\/strong><br \/>(+23 for winning)
|raw|mapotofuuu's rating: 1369 &rarr; <strong>1347<\/strong><br \/>(-22 for losing)
|c|âFairy Peak!|Gg
|c|âmapotofuuu|gg
|c|âFairy Peak!|Amazing Gengar bro.
|leave|mapotofuuu
|player|p2