|join|Fairy Peak!
|join|LT3X Bloo
|player|p1|Fairy Peak!|289
|player|p2|LT3X Bloo|292
|gametype|singles
|gen|6
|tier|OU
|rated
|clearpoke
|poke|p1|Azumarill, M, shiny
|poke|p1|Terrakion
|poke|p1|Landorus-Therian, M
|poke|p1|Latias, F
|poke|p1|Magnezone
|poke|p1|Pinsir, F
|poke|p2|Heatran, F
|poke|p2|Landorus-Therian, M
|poke|p2|Greninja, F
|poke|p2|Venusaur, F
|poke|p2|Mew
|poke|p2|Raikou
|rule|Swagger Clause: Swagger is banned
|rule|Baton Pass Clause: Limit one PokÃ©mon knowing Baton Pass
|rule|Sleep Clause Mod: Limit one foe put to sleep
|rule|Species Clause: Limit one of each PokÃ©mon
|rule|OHKO Clause: OHKO moves are banned
|rule|Moody Clause: Moody is banned
|rule|Evasion Moves Clause: Evasion moves are banned
|rule|Endless Battle Clause: Forcing endless battles is banned
|rule|HP Percentage Mod: HP is shown in percentages
|teampreview
|join|y4
|c|âFairy Peak!|Gl.
|
|start
|switch|p1a: Lead4Ever|Terrakion|323\/323
|switch|p2a: Mew|Mew|404\/404
|turn|1
|join|DaSpecs
|join|IAmGingy
|join|cute trap
|
|switch|p2a: Venusaur|Venusaur, F|349\/349
|move|p1a: Lead4Ever|Taunt|p2a: Venusaur
|-start|p2a: Venusaur|move: Taunt
|
|turn|2
|join|BlooDropin
|
|switch|p1a: Over Kraked|Pinsir, F|271\/271
|detailschange|p2a: Venusaur|Venusaur-Mega, F
|message|Venusaur has Mega Evolved into Mega Venusaur!
|move|p2a: Venusaur|Giga Drain|p1a: Over Kraked
|-resisted|p1a: Over Kraked
|-damage|p1a: Over Kraked|184\/271
|
|turn|3
|join|bro fist
|join|fingerscrossed
|join|dedic
|
|switch|p2a: Heatran|Heatran, F|386\/386
|detailschange|p1a: Over Kraked|Pinsir-Mega, F
|message|Pinsir has Mega Evolved into Mega Pinsir!
|move|p1a: Over Kraked|Return|p2a: Heatran
|-resisted|p2a: Heatran
|-damage|p2a: Heatran|260\/386
|
|-heal|p2a: Heatran|284\/386|[from] item: Leftovers
|turn|4
|join|QuiVeuxDuPain ???
|join|yuy
|
|switch|p1a: Just A Hug|Azumarill, M, shiny|404\/404
|switch|p2a: Landorus-Therian|Landorus-Therian, M|325\/325
|-ability|p2a: Landorus-Therian|Intimidate|[of] p1a: Just A Hug
|-unboost|p1a: Just A Hug|atk|1
|
|turn|5
|join|Lt3G McM
|
|switch|p2a: Venusaur|Venusaur-Mega, F|349\/349
|switch|p1a: Just Badass|Landorus-Therian, M|320\/320
|-ability|p1a: Just Badass|Intimidate|[of] p2a: Venusaur
|-unboost|p2a: Venusaur|atk|1
|
|turn|6
|
|move|p1a: Just Badass|U-turn|p2a: Venusaur
|-damage|p2a: Venusaur|271\/349
|
|switch|p1a: I â¥ You|Latias, F|302\/302
|move|p2a: Venusaur|Sludge Bomb|p1a: I â¥ You
|-damage|p1a: I â¥ You|167\/302
|
|turn|7
|
|switch|p1a: It's A Trap !|Magnezone|282\/282
|switch|p2a: Heatran|Heatran, F|284\/386
|
|-heal|p2a: Heatran|308\/386|[from] item: Leftovers
|turn|8
|
|move|p1a: It's A Trap !|Volt Switch|p2a: Heatran
|-damage|p2a: Heatran|199\/386
|
|switch|p1a: Just A Hug|Azumarill, M, shiny|404\/404
|move|p2a: Heatran|Lava Plume|p1a: Just A Hug
|-resisted|p1a: Just A Hug
|-damage|p1a: Just A Hug|339\/404
|
|-heal|p2a: Heatran|223\/386|[from] item: Leftovers
|turn|9
|
|switch|p2a: Venusaur|Venusaur-Mega, F|271\/349
|switch|p1a: Over Kraked|Pinsir-Mega, F|184\/271
|
|turn|10
|leave|cute trap
|
|switch|p2a: Landorus-Therian|Landorus-Therian, M|325\/325
|-ability|p2a: Landorus-Therian|Intimidate|[of] p1a: Over Kraked
|-unboost|p1a: Over Kraked|atk|1
|move|p1a: Over Kraked|Return|p2a: Landorus-Therian
|-damage|p2a: Landorus-Therian|120\/325
|
|turn|11
|
|switch|p1a: Just Badass|Landorus-Therian, M|320\/320
|-ability|p1a: Just Badass|Intimidate|[of] p2a: Landorus-Therian
|-unboost|p2a: Landorus-Therian|atk|1
|move|p2a: Landorus-Therian|U-turn|p1a: Just Badass
|-resisted|p1a: Just Badass
|-damage|p1a: Just Badass|286\/320
|
|switch|p2a: Mew|Mew|404\/404
|
|turn|12
|join|bro flst
|join|cute trap
|
|move|p1a: Just Badass|U-turn|p2a: Mew
|-supereffective|p2a: Mew
|-damage|p2a: Mew|264\/404
|
|switch|p1a: I â¥ You|Latias, F|167\/302
|move|p2a: Mew|Will-O-Wisp|p1a: I â¥ You
|-status|p1a: I â¥ You|brn
|
|-heal|p2a: Mew|289\/404|[from] item: Leftovers
|-damage|p1a: I â¥ You|130\/302 brn|[from] brn
|turn|13
|
|switch|p1a: Just Badass|Landorus-Therian, M|286\/320
|-ability|p1a: Just Badass|Intimidate|[of] p2a: Mew
|-unboost|p2a: Mew|atk|1
|switch|p2a: Heatran|Heatran, F|223\/386
|
|-heal|p2a: Heatran|247\/386|[from] item: Leftovers
|turn|14
|
|switch|p1a: Just A Hug|Azumarill, M, shiny|339\/404
|move|p2a: Heatran|Protect|p2a: Heatran
|-fail|p2a: Heatran
|
|-heal|p2a: Heatran|271\/386|[from] item: Leftovers
|turn|15
|
|switch|p2a: Venusaur|Venusaur-Mega, F|271\/349
|switch|p1a: Over Kraked|Pinsir-Mega, F|184\/271
|
|turn|16
|
|switch|p2a: Heatran|Heatran, F|271\/386
|move|p1a: Over Kraked|Return|p2a: Heatran
|-resisted|p2a: Heatran
|-damage|p2a: Heatran|153\/386
|
|-heal|p2a: Heatran|177\/386|[from] item: Leftovers
|turn|17
|
|switch|p2a: Landorus-Therian|Landorus-Therian, M|120\/325
|-ability|p2a: Landorus-Therian|Intimidate|[of] p1a: Over Kraked
|-unboost|p1a: Over Kraked|atk|1
|move|p1a: Over Kraked|Earthquake|p2a: Landorus-Therian
|-immune|p2a: Landorus-Therian|[msg]
|
|turn|18
|
|switch|p1a: Just Badass|Landorus-Therian, M|286\/320
|-ability|p1a: Just Badass|Intimidate|[of] p2a: Landorus-Therian
|-unboost|p2a: Landorus-Therian|atk|1
|move|p2a: Landorus-Therian|U-turn|p1a: Just Badass
|-resisted|p1a: Just Badass
|-damage|p1a: Just Badass|254\/320
|
|switch|p2a: Mew|Mew|289\/404
|
|-heal|p2a: Mew|314\/404|[from] item: Leftovers
|turn|19
|join|Not A Gym Ldr
|
|move|p1a: Just Badass|U-turn|p2a: Mew
|-supereffective|p2a: Mew
|-damage|p2a: Mew|158\/404
|
|switch|p1a: Over Kraked|Pinsir-Mega, F|184\/271
|move|p2a: Mew|Roost|p2a: Mew
|-heal|p2a: Mew|360\/404
|
|-heal|p2a: Mew|385\/404|[from] item: Leftovers
|turn|20
|
|switch|p1a: I â¥ You|Latias, F|130\/302 brn
|move|p2a: Mew|Will-O-Wisp|p1a: I â¥ You
|-fail|p1a: I â¥ You|brn
|
|-heal|p2a: Mew|404\/404|[from] item: Leftovers
|-damage|p1a: I â¥ You|93\/302 brn|[from] brn
|turn|21
|join|Grinding
|
|move|p1a: I â¥ You|Draco Meteor|p2a: Mew
|-damage|p2a: Mew|126\/404
|-unboost|p1a: I â¥ You|spa|2
|-damage|p1a: I â¥ You|63\/302 brn|[from] item: Life Orb
|move|p2a: Mew|Knock Off|p1a: I â¥ You
|-supereffective|p1a: I â¥ You
|-damage|p1a: I â¥ You|0 fnt
|-enditem|p1a: I â¥ You|Life Orb|[from] move: Knock Off|[of] p2a: Mew
|faint|p1a: I â¥ You
|
|-heal|p2a: Mew|151\/404|[from] item: Leftovers
|join|tele
|
|switch|p1a: Over Kraked|Pinsir-Mega, F|184\/271
|turn|22
|
|switch|p2a: Landorus-Therian|Landorus-Therian, M|120\/325
|-ability|p2a: Landorus-Therian|Intimidate|[of] p1a: Over Kraked
|-unboost|p1a: Over Kraked|atk|1
|move|p1a: Over Kraked|Return|p2a: Landorus-Therian
|-damage|p2a: Landorus-Therian|0 fnt
|faint|p2a: Landorus-Therian
|
|
|switch|p2a: Raikou|Raikou|321\/321
|-ability|p2a: Raikou|Pressure
|turn|23
|join|Zenzer0
|
|switch|p1a: It's A Trap !|Magnezone|282\/282
|move|p2a: Raikou|Volt Switch|p1a: It's A Trap !
|-resisted|p1a: It's A Trap !
|-damage|p1a: It's A Trap !|216\/282
|join|Fluffiest Flareon
|
|switch|p2a: Heatran|Heatran, F|177\/386
|
|-heal|p2a: Heatran|201\/386|[from] item: Leftovers
|turn|24
|
|move|p1a: It's A Trap !|Volt Switch|p2a: Heatran
|-damage|p2a: Heatran|102\/386
|
|switch|p1a: Lead4Ever|Terrakion|323\/323
|move|p2a: Heatran|Stealth Rock|p1a: Lead4Ever
|-sidestart|p1: Fairy Peak!|move: Stealth Rock
|
|-heal|p2a: Heatran|126\/386|[from] item: Leftovers
|turn|25
|
|switch|p2a: Venusaur|Venusaur-Mega, F|271\/349
|move|p1a: Lead4Ever|Stealth Rock|p2a: Venusaur
|-sidestart|p2: LT3X Bloo|move: Stealth Rock
|
|turn|26
|
|move|p1a: Lead4Ever|Stone Edge|p2a: Venusaur
|-damage|p2a: Venusaur|124\/349
|move|p2a: Venusaur|Giga Drain|p1a: Lead4Ever
|-supereffective|p1a: Lead4Ever
|-damage|p1a: Lead4Ever|9\/323
|-heal|p2a: Venusaur|281\/349|[from] drain|[of] p1a: Lead4Ever
|
|turn|27
|
|move|p1a: Lead4Ever|Stone Edge|p2a: Venusaur
|-damage|p2a: Venusaur|125\/349
|move|p2a: Venusaur|Synthesis|p2a: Venusaur
|-heal|p2a: Venusaur|299\/349
|
|turn|28
|
|move|p1a: Lead4Ever|Stone Edge|p2a: Venusaur
|-damage|p2a: Venusaur|148\/349
|move|p2a: Venusaur|Synthesis|p2a: Venusaur
|-heal|p2a: Venusaur|322\/349
|
|turn|29
|
|move|p1a: Lead4Ever|Stone Edge|p2a: Venusaur
|-damage|p2a: Venusaur|187\/349
|move|p2a: Venusaur|Giga Drain|p1a: Lead4Ever
|-supereffective|p1a: Lead4Ever
|-damage|p1a: Lead4Ever|0 fnt
|-heal|p2a: Venusaur|192\/349|[from] drain|[of] p1a: Lead4Ever
|faint|p1a: Lead4Ever
|
|
|switch|p1a: Over Kraked|Pinsir-Mega, F|184\/271
|-damage|p1a: Over Kraked|49\/271|[from] Stealth Rock
|turn|30
|
|switch|p2a: Heatran|Heatran, F|126\/386
|-damage|p2a: Heatran|78\/386|[from] Stealth Rock
|move|p1a: Over Kraked|Earthquake|p2a: Heatran
|-supereffective|p2a: Heatran
|-damage|p2a: Heatran|0 fnt
|faint|p2a: Heatran
|
|
|switch|p2a: Raikou|Raikou|321\/321
|-damage|p2a: Raikou|281\/321|[from] Stealth Rock
|-ability|p2a: Raikou|Pressure
|turn|31
|
|move|p1a: Over Kraked|Quick Attack|p2a: Raikou
|-resisted|p2a: Raikou
|-damage|p2a: Raikou|212\/321
|move|p2a: Raikou|Hidden Power|p1a: Over Kraked
|-supereffective|p1a: Over Kraked
|-damage|p1a: Over Kraked|0 fnt
|faint|p1a: Over Kraked
|
|
|switch|p1a: Just Badass|Landorus-Therian, M|254\/320
|-damage|p1a: Just Badass|214\/320|[from] Stealth Rock
|-ability|p1a: Just Badass|Intimidate|[of] p2a: Raikou
|-unboost|p2a: Raikou|atk|1
|turn|32
|leave|Zenzer0
|
|move|p1a: Just Badass|Earthquake|p2a: Raikou
|-supereffective|p2a: Raikou
|-damage|p2a: Raikou|0 fnt
|faint|p2a: Raikou
|
|join|uCan'tSeeMe
|join|Bedschibaer
|
|switch|p2a: Greninja|Greninja, F|286\/286
|-damage|p2a: Greninja|251\/286|[from] Stealth Rock
|turn|33
|join|Trenchcoat
|join|Dropin
|c| Dropin|da rolls
|
|move|p1a: Just Badass|Earthquake|p2a: Greninja
|-damage|p2a: Greninja|0 fnt
|faint|p2a: Greninja
|
|
|switch|p2a: Venusaur|Venusaur-Mega, F|192\/349
|-damage|p2a: Venusaur|149\/349|[from] Stealth Rock
|turn|34
|
|move|p1a: Just Badass|Earthquake|p2a: Venusaur
|-crit|p2a: Venusaur
|-damage|p2a: Venusaur|0 fnt
|faint|p2a: Venusaur
|
|
|switch|p2a: Mew|Mew|151\/404
|-damage|p2a: Mew|101\/404|[from] Stealth Rock
|turn|35
|
|move|p1a: Just Badass|Earthquake|p2a: Mew
|-damage|p2a: Mew|0 fnt
|faint|p2a: Mew
|
|win|Fairy Peak!
|raw|Ladder updating...
|raw|Fairy Peak!'s rating: 1750 &rarr; <strong>1775<\/strong><br \/>(+25 for winning)
|raw|LT3X Bloo's rating: 1846 &rarr; <strong>1821<\/strong><br \/>(-25 for losing)
|c|âFairy Peak!|Gg
|leave|LT3X Bloo
|player|p2
|leave|bro fist
|leave|cute trap
|leave|dedic
|leave|uCan'tSeeMe
|leave|Bedschibaer
|leave|QuiVeuxDuPain ???
|leave|Trenchcoat
|leave|Dropin
|join|henry is radical
|leave|yuy
|leave|y4
|leave|Not A Gym Ldr
|join|TOTEMO
|join|Dropin
|leave|Dropin
|leave|henry is radical
|leave|IAmGingy
|join|IAmGingy
|leave|IAmGingy
|join|uCan'tSeeMe
|leave|uCan'tSeeMe
|join|henry is euphoric
|leave|henry is euphoric
|join|CleanerThanRotom-W
|leave|CleanerThanRotom-W
|leave|tele
|join|lil manaphy
|leave|lil manaphy
|join|bro fist
|leave|bro fist
|leave|Lt3G McM
|leave|Grinding