|join|ox the fox
|join|Fairy Peak!
|player|p1|ox the fox|39
|player|p2|Fairy Peak!|18
|gametype|singles
|gen|6
|tier|OU
|rated
|clearpoke
|poke|p1|Slowbro, F
|poke|p1|Landorus-Therian, M
|poke|p1|Latios, M
|poke|p1|Clefable, F
|poke|p1|Scizor, M
|poke|p1|Keldeo
|poke|p2|Azumarill, M, shiny
|poke|p2|Terrakion
|poke|p2|Landorus-Therian, M
|poke|p2|Latias, F, shiny
|poke|p2|Magnezone
|poke|p2|Pinsir, F
|rule|Swagger Clause: Swagger is banned
|rule|Baton Pass Clause: Limit one PokÃ©mon knowing Baton Pass
|rule|Sleep Clause Mod: Limit one foe put to sleep
|rule|Species Clause: Limit one of each PokÃ©mon
|rule|OHKO Clause: OHKO moves are banned
|rule|Moody Clause: Moody is banned
|rule|Evasion Moves Clause: Evasion moves are banned
|rule|Endless Battle Clause: Forcing endless battles is banned
|rule|HP Percentage Mod: HP is shown in percentages
|teampreview
|c|âFairy Peak!|Gl.
|
|start
|switch|p1a: Landorus-Therian|Landorus-Therian, M|368\/368
|switch|p2a: Lead4Ever|Terrakion|323\/323
|-ability|p1a: Landorus-Therian|Intimidate|[of] p2a: Lead4Ever
|-unboost|p2a: Lead4Ever|atk|1
|turn|1
|
|switch|p2a: Just Badass|Landorus-Therian, M|320\/320
|-ability|p2a: Just Badass|Intimidate|[of] p1a: Landorus-Therian
|-unboost|p1a: Landorus-Therian|atk|1
|move|p1a: Landorus-Therian|Earthquake|p2a: Just Badass
|-immune|p2a: Just Badass|[msg]
|
|turn|2
|
|move|p2a: Just Badass|U-turn|p1a: Landorus-Therian
|-resisted|p1a: Landorus-Therian
|-damage|p1a: Landorus-Therian|336\/368
|
|switch|p2a: I â¥ You|Latias, F, shiny|302\/302
|move|p1a: Landorus-Therian|Stealth Rock|p2a: I â¥ You
|-sidestart|p2: Fairy Peak!|move: Stealth Rock
|
|-heal|p1a: Landorus-Therian|359\/368|[from] item: Leftovers
|turn|3
|
|switch|p1a: Clefable|Clefable, F|394\/394
|move|p2a: I â¥ You|Draco Meteor|p1a: Clefable
|-immune|p1a: Clefable|[msg]
|
|turn|4
|
|move|p2a: I â¥ You|Defog|p1a: Clefable
|-unboost|p1a: Clefable|evasion|1
|-sideend|p2: Fairy Peak!|Stealth Rock|[from] move: Defog|[of] p2a: I â¥ You
|move|p1a: Clefable|Flamethrower|p2a: I â¥ You
|-resisted|p2a: I â¥ You
|-damage|p2a: I â¥ You|277\/302
|
|turn|5
|
|switch|p2a: Just A Hug|Azumarill, M, shiny|404\/404
|move|p1a: Clefable|Flamethrower|p2a: Just A Hug
|-resisted|p2a: Just A Hug
|-damage|p2a: Just A Hug|364\/404
|
|turn|6
|
|switch|p1a: Slowbro|Slowbro, F|394\/394
|switch|p2a: It's A Trap !|Magnezone|282\/282
|
|turn|7
|
|move|p2a: It's A Trap !|Flash Cannon|p1a: Slowbro
|-resisted|p1a: Slowbro
|-damage|p1a: Slowbro|311\/394
|move|p1a: Slowbro|Scald|p2a: It's A Trap !
|-damage|p2a: It's A Trap !|185\/282
|
|-heal|p1a: Slowbro|335\/394|[from] item: Leftovers
|turn|8
|
|switch|p2a: I â¥ You|Latias, F, shiny|277\/302
|move|p1a: Slowbro|Scald|p2a: I â¥ You
|-resisted|p2a: I â¥ You
|-damage|p2a: I â¥ You|238\/302
|-status|p2a: I â¥ You|brn
|
|-heal|p1a: Slowbro|359\/394|[from] item: Leftovers
|-damage|p2a: I â¥ You|201\/302 brn|[from] brn
|turn|9
|
|switch|p2a: It's A Trap !|Magnezone|185\/282
|switch|p1a: Clefable|Clefable, F|394\/394
|
|turn|10
|
|switch|p1a: Landorus-Therian|Landorus-Therian, M|359\/368
|-ability|p1a: Landorus-Therian|Intimidate|[of] p2a: It's A Trap !
|-unboost|p2a: It's A Trap !|atk|1
|move|p2a: It's A Trap !|Volt Switch|p1a: Landorus-Therian
|-immune|p1a: Landorus-Therian|[msg]
|
|-heal|p1a: Landorus-Therian|368\/368|[from] item: Leftovers
|turn|11
|
|switch|p2a: I â¥ You|Latias, F, shiny|201\/302 brn
|move|p1a: Landorus-Therian|Toxic|p2a: I â¥ You
|-fail|p2a: I â¥ You
|
|-damage|p2a: I â¥ You|164\/302 brn|[from] brn
|turn|12
|c|âox the fox|orite
|c|âox the fox|lol
|c|âFairy Peak!|^^'
|
|switch|p2a: It's A Trap !|Magnezone|185\/282
|switch|p1a: Clefable|Clefable, F|394\/394
|
|turn|13
|
|move|p2a: It's A Trap !|Volt Switch|p1a: Clefable
|-crit|p1a: Clefable
|-damage|p1a: Clefable|217\/394
|
|switch|p2a: Just A Hug|Azumarill, M, shiny|364\/404
|move|p1a: Clefable|Flamethrower|p2a: Just A Hug
|-resisted|p2a: Just A Hug
|-damage|p2a: Just A Hug|321\/404
|-status|p2a: Just A Hug|brn
|
|-heal|p1a: Clefable|241\/394|[from] item: Leftovers
|-damage|p2a: Just A Hug|271\/404 brn|[from] brn
|turn|14
|c|âFairy Peak!|Hmm...
|c|âox the fox|;[
|
|switch|p2a: It's A Trap !|Magnezone|185\/282
|move|p1a: Clefable|Soft-Boiled|p1a: Clefable
|-heal|p1a: Clefable|394\/394
|
|turn|15
|
|switch|p1a: Scizor|Scizor, M|330\/330
|move|p2a: It's A Trap !|Flash Cannon|p1a: Scizor
|-resisted|p1a: Scizor
|-damage|p1a: Scizor|244\/330
|
|turn|16
|
|switch|p2a: Just Badass|Landorus-Therian, M|320\/320
|-ability|p2a: Just Badass|Intimidate|[of] p1a: Scizor
|-unboost|p1a: Scizor|atk|1
|detailschange|p1a: Scizor|Scizor-Mega, M
|message|Scizor has Mega Evolved into Mega Scizor!
|move|p1a: Scizor|Bullet Punch|p2a: Just Badass
|-damage|p2a: Just Badass|236\/320
|
|turn|17
|
|switch|p1a: Landorus-Therian|Landorus-Therian, M|368\/368
|-ability|p1a: Landorus-Therian|Intimidate|[of] p2a: Just Badass
|-unboost|p2a: Just Badass|atk|1
|move|p2a: Just Badass|U-turn|p1a: Landorus-Therian
|-resisted|p1a: Landorus-Therian
|-damage|p1a: Landorus-Therian|347\/368
|
|switch|p2a: Just A Hug|Azumarill, M, shiny|271\/404 brn
|
|-heal|p1a: Landorus-Therian|368\/368|[from] item: Leftovers
|-damage|p2a: Just A Hug|221\/404 brn|[from] brn
|turn|18
|
|move|p1a: Landorus-Therian|Stealth Rock|p2a: Just A Hug
|-sidestart|p2: Fairy Peak!|move: Stealth Rock
|move|p2a: Just A Hug|Waterfall|p1a: Landorus-Therian
|-supereffective|p1a: Landorus-Therian
|-damage|p1a: Landorus-Therian|144\/368
|
|-heal|p1a: Landorus-Therian|167\/368|[from] item: Leftovers
|-damage|p2a: Just A Hug|171\/404 brn|[from] brn
|turn|19
|
|switch|p2a: I â¥ You|Latias, F, shiny|164\/302 brn
|-damage|p2a: I â¥ You|127\/302 brn|[from] Stealth Rock
|move|p1a: Landorus-Therian|U-turn|p2a: I â¥ You
|-supereffective|p2a: I â¥ You
|-damage|p2a: I â¥ You|0 fnt
|faint|p2a: I â¥ You
|c|âox the fox|that did too much
|
|switch|p1a: Keldeo|Keldeo|323\/323
|
|
|switch|p2a: It's A Trap !|Magnezone|185\/282
|-damage|p2a: It's A Trap !|168\/282|[from] Stealth Rock
|turn|20
|
|switch|p1a: Latios|Latios, M|301\/301
|move|p2a: It's A Trap !|Volt Switch|p1a: Latios
|-resisted|p1a: Latios
|-damage|p1a: Latios|240\/301
|
|switch|p2a: Just Badass|Landorus-Therian, M|236\/320
|-damage|p2a: Just Badass|196\/320|[from] Stealth Rock
|-ability|p2a: Just Badass|Intimidate|[of] p1a: Latios
|-unboost|p1a: Latios|atk|1
|
|turn|21
|
|move|p1a: Latios|Draco Meteor|p2a: Just Badass
|-damage|p2a: Just Badass|0 fnt
|-unboost|p1a: Latios|spa|2
|faint|p2a: Just Badass
|
|
|switch|p2a: Over Kraked|Pinsir, F|271\/271
|-damage|p2a: Over Kraked|204\/271|[from] Stealth Rock
|turn|22
|
|detailschange|p2a: Over Kraked|Pinsir-Mega, F
|message|Pinsir has Mega Evolved into Mega Pinsir!
|move|p1a: Latios|Draco Meteor|p2a: Over Kraked
|-damage|p2a: Over Kraked|80\/271
|-unboost|p1a: Latios|spa|2
|move|p2a: Over Kraked|Swords Dance|p2a: Over Kraked
|-boost|p2a: Over Kraked|atk|2
|
|turn|23
|
|move|p1a: Latios|Draco Meteor|p2a: Over Kraked|[miss]
|-miss|p1a: Latios|p2a: Over Kraked
|move|p2a: Over Kraked|Swords Dance|p2a: Over Kraked
|-boost|p2a: Over Kraked|atk|2
|
|turn|24
|c|âox the fox|FUCK
|
|move|p2a: Over Kraked|Quick Attack|p1a: Latios
|-damage|p1a: Latios|0 fnt
|faint|p1a: Latios
|
|c|âox the fox|now i lose :\/
|
|switch|p1a: Landorus-Therian|Landorus-Therian, M|167\/368
|-ability|p1a: Landorus-Therian|Intimidate|[of] p2a: Over Kraked
|-unboost|p2a: Over Kraked|atk|1
|turn|25
|
|switch|p1a: Slowbro|Slowbro, F|394\/394
|move|p2a: Over Kraked|Quick Attack|p1a: Slowbro
|-damage|p1a: Slowbro|231\/394
|
|-heal|p1a: Slowbro|255\/394|[from] item: Leftovers
|turn|26
|
|switch|p1a: Clefable|Clefable, F|394\/394
|move|p2a: Over Kraked|Return|p1a: Clefable
|-damage|p1a: Clefable|0 fnt
|faint|p1a: Clefable
|
|
|switch|p1a: Landorus-Therian|Landorus-Therian, M|167\/368
|-ability|p1a: Landorus-Therian|Intimidate|[of] p2a: Over Kraked
|-unboost|p2a: Over Kraked|atk|1
|turn|27
|
|move|p2a: Over Kraked|Return|p1a: Landorus-Therian
|-damage|p1a: Landorus-Therian|0 fnt
|faint|p1a: Landorus-Therian
|
|
|switch|p1a: Slowbro|Slowbro, F|386\/394
|turn|28
|
|move|p2a: Over Kraked|Return|p1a: Slowbro
|-damage|p1a: Slowbro|20\/394
|move|p1a: Slowbro|Scald|p2a: Over Kraked
|-damage|p2a: Over Kraked|0 fnt
|faint|p2a: Over Kraked
|
|-heal|p1a: Slowbro|44\/394|[from] item: Leftovers
|
|switch|p2a: It's A Trap !|Magnezone|168\/282
|-damage|p2a: It's A Trap !|151\/282|[from] Stealth Rock
|turn|29
|
|move|p2a: It's A Trap !|Volt Switch|p1a: Slowbro
|-supereffective|p1a: Slowbro
|-damage|p1a: Slowbro|0 fnt
|faint|p1a: Slowbro
|
|switch|p2a: Just A Hug|Azumarill, M, shiny|171\/404 brn
|-damage|p2a: Just A Hug|121\/404 brn|[from] Stealth Rock
|
|-damage|p2a: Just A Hug|71\/404 brn|[from] brn
|
|switch|p1a: Keldeo|Keldeo|323\/323
|turn|30
|
|move|p2a: Just A Hug|Aqua Jet|p1a: Keldeo
|-resisted|p1a: Keldeo
|-damage|p1a: Keldeo|286\/323
|move|p1a: Keldeo|Secret Sword|p2a: Just A Hug
|-resisted|p2a: Just A Hug
|-damage|p2a: Just A Hug|0 fnt
|faint|p2a: Just A Hug
|
|
|switch|p2a: It's A Trap !|Magnezone|151\/282
|-damage|p2a: It's A Trap !|134\/282|[from] Stealth Rock
|turn|31
|
|move|p2a: It's A Trap !|Thunderbolt|p1a: Keldeo
|-crit|p1a: Keldeo
|-supereffective|p1a: Keldeo
|-damage|p1a: Keldeo|0 fnt
|faint|p1a: Keldeo
|
|
|switch|p1a: Scizor|Scizor-Mega, M|244\/330
|turn|32
|
|switch|p2a: Lead4Ever|Terrakion|323\/323
|-damage|p2a: Lead4Ever|303\/323|[from] Stealth Rock
|move|p1a: Scizor|Swords Dance|p1a: Scizor
|-boost|p1a: Scizor|atk|2
|
|turn|33
|
|move|p1a: Scizor|Bullet Punch|p2a: Lead4Ever
|-supereffective|p2a: Lead4Ever
|-damage|p2a: Lead4Ever|0 fnt
|faint|p2a: Lead4Ever
|
|
|switch|p2a: It's A Trap !|Magnezone|134\/282
|-damage|p2a: It's A Trap !|117\/282|[from] Stealth Rock
|turn|34
|c|âox the fox|yeah i lost when u crit me :[
|
|move|p2a: It's A Trap !|Hidden Power|p1a: Scizor
|-supereffective|p1a: Scizor
|-damage|p1a: Scizor|0 fnt
|faint|p1a: Scizor
|
|win|Fairy Peak!
|raw|Ladder updating...
|c|âox the fox|gg
|raw|ox the fox's rating: 1785 &rarr; <strong>1768<\/strong><br \/>(-17 for losing)
|raw|Fairy Peak!'s rating: 1833 &rarr; <strong>1850<\/strong><br \/>(+17 for winning)
|c|âFairy Peak!|gG; 
|c|âox the fox|*when i missed
|leave|ox the fox
|player|p1
|c|âFairy Peak!|Sorry. ^^'