|join|Azuko
|join|Fairy Peak!
|player|p1|Azuko|294
|player|p2|Fairy Peak!|18
|gametype|singles
|gen|6
|tier|OU
|clearpoke
|poke|p1|Venusaur, M
|poke|p1|Heatran, M
|poke|p1|Azumarill, M
|poke|p1|Mew
|poke|p1|Landorus-Therian, M
|poke|p1|Latias, F
|poke|p2|Azumarill, M, shiny
|poke|p2|Terrakion
|poke|p2|Landorus-Therian, M
|poke|p2|Latias, F, shiny
|poke|p2|Magnezone
|poke|p2|Pinsir, M
|rule|Swagger Clause: Swagger is banned
|rule|Baton Pass Clause: Limit one PokÃ©mon knowing Baton Pass
|rule|Sleep Clause Mod: Limit one foe put to sleep
|rule|Species Clause: Limit one of each PokÃ©mon
|rule|OHKO Clause: OHKO moves are banned
|rule|Moody Clause: Moody is banned
|rule|Evasion Moves Clause: Evasion moves are banned
|rule|Endless Battle Clause: Forcing endless battles is banned
|rule|HP Percentage Mod: HP is shown in percentages
|teampreview
|join|Azelfi
|c|âFairy Peak!|Gl.
|c|âAzuko|Hf 
|join|0 Sky Dragon
|join|HeadHunâ er
|
|start
|switch|p1a: Heatran|Heatran, M|323\/323
|switch|p2a: Lead4Ever|Terrakion|323\/323
|turn|1
|
|switch|p1a: Venusaur|Venusaur, M|353\/353
|move|p2a: Lead4Ever|Stealth Rock|p1a: Venusaur
|-sidestart|p1: Azuko|move: Stealth Rock
|
|turn|2
|join|Furihâ»
|
|switch|p2a: I â¥ You|Latias, F, shiny|302\/302
|detailschange|p1a: Venusaur|Venusaur-Mega, M
|message|Venusaur has Mega Evolved into Mega Venusaur!
|move|p1a: Venusaur|Giga Drain|p2a: I â¥ You
|-crit|p2a: I â¥ You
|-resisted|p2a: I â¥ You
|-damage|p2a: I â¥ You|215\/302
|
|turn|3
|
|switch|p1a: Heatran|Heatran, M|323\/323
|-damage|p1a: Heatran|283\/323|[from] Stealth Rock
|move|p2a: I â¥ You|Draco Meteor|p1a: Heatran
|-resisted|p1a: Heatran
|-damage|p1a: Heatran|162\/323
|-unboost|p2a: I â¥ You|spa|2
|-damage|p2a: I â¥ You|185\/302|[from] item: Life Orb
|
|turn|4
|
|switch|p2a: It's A Trap !|Magnezone|282\/282
|move|p1a: Heatran|Flash Cannon|p2a: It's A Trap !
|-resisted|p2a: It's A Trap !
|-damage|p2a: It's A Trap !|242\/282
|
|turn|5
|
|move|p1a: Heatran|Flash Cannon|p2a: It's A Trap !
|-resisted|p2a: It's A Trap !
|-damage|p2a: It's A Trap !|196\/282
|-unboost|p2a: It's A Trap !|spd|1
|move|p2a: It's A Trap !|Thunderbolt|p1a: Heatran
|-damage|p1a: Heatran|18\/323
|
|turn|6
|
|move|p1a: Heatran|Flash Cannon|p2a: It's A Trap !
|-resisted|p2a: It's A Trap !
|-damage|p2a: It's A Trap !|138\/282
|move|p2a: It's A Trap !|Thunderbolt|p1a: Heatran
|-damage|p1a: Heatran|0 fnt
|faint|p1a: Heatran
|
|
|switch|p1a: Venusaur|Venusaur-Mega, M|353\/353
|-damage|p1a: Venusaur|309\/353|[from] Stealth Rock
|turn|7
|
|switch|p2a: I â¥ You|Latias, F, shiny|185\/302
|move|p1a: Venusaur|Sludge Bomb|p2a: I â¥ You
|-damage|p2a: I â¥ You|44\/302
|
|turn|8
|
|switch|p1a: Azumarill|Azumarill, M|378\/378
|-damage|p1a: Azumarill|331\/378|[from] Stealth Rock
|move|p2a: I â¥ You|Draco Meteor|p1a: Azumarill
|-immune|p1a: Azumarill|[msg]
|
|turn|9
|
|move|p2a: I â¥ You|Psyshock|p1a: Azumarill
|-damage|p1a: Azumarill|123\/378
|-damage|p2a: I â¥ You|14\/302|[from] item: Life Orb
|move|p1a: Azumarill|Waterfall|p2a: I â¥ You
|-resisted|p2a: I â¥ You
|-damage|p2a: I â¥ You|0 fnt
|faint|p2a: I â¥ You
|
|
|switch|p2a: Over Kraked|Pinsir, M|271\/271
|turn|10
|
|detailschange|p2a: Over Kraked|Pinsir-Mega, M
|message|Pinsir has Mega Evolved into Mega Pinsir!
|move|p2a: Over Kraked|Return|p1a: Azumarill
|-damage|p1a: Azumarill|0 fnt
|faint|p1a: Azumarill
|
|
|switch|p1a: Landorus-Therian|Landorus-Therian, M|379\/379
|-damage|p1a: Landorus-Therian|332\/379|[from] Stealth Rock
|-ability|p1a: Landorus-Therian|Intimidate|[of] p2a: Over Kraked
|-unboost|p2a: Over Kraked|atk|1
|turn|11
|c|âFairy Peak!|J'ai peur du belly drum maintenant.
|c|âFairy Peak!|O_o
|
|switch|p2a: It's A Trap !|Magnezone|138\/282
|move|p1a: Landorus-Therian|Stealth Rock|p2a: It's A Trap !
|-sidestart|p2: Fairy Peak!|move: Stealth Rock
|
|-heal|p1a: Landorus-Therian|355\/379|[from] item: Leftovers
|turn|12
|join|Nilaya
|c|âAzuko|j'aime pas le BD \/x
|c|âFairy Peak!|^^'
|
|move|p2a: It's A Trap !|Flash Cannon|p1a: Landorus-Therian
|-damage|p1a: Landorus-Therian|175\/379
|move|p1a: Landorus-Therian|Earthquake|p2a: It's A Trap !
|-supereffective|p2a: It's A Trap !
|-damage|p2a: It's A Trap !|0 fnt
|faint|p2a: It's A Trap !
|
|-heal|p1a: Landorus-Therian|198\/379|[from] item: Leftovers
|
|switch|p2a: Over Kraked|Pinsir-Mega, M|271\/271
|-damage|p2a: Over Kraked|136\/271|[from] Stealth Rock
|turn|13
|
|move|p2a: Over Kraked|Return|p1a: Landorus-Therian
|-damage|p1a: Landorus-Therian|0 fnt
|faint|p1a: Landorus-Therian
|
|
|switch|p1a: Mew|Mew|403\/403
|-damage|p1a: Mew|353\/403|[from] Stealth Rock
|turn|14
|c|âAzuko|genre il tient pas 
|c|âAzuko|le fdp
|leave|Nilaya
|
|move|p2a: Over Kraked|Return|p1a: Mew
|-damage|p1a: Mew|85\/403
|move|p1a: Mew|Will-O-Wisp|p2a: Over Kraked
|-status|p2a: Over Kraked|brn
|
|-heal|p1a: Mew|110\/403|[from] item: Leftovers
|-damage|p2a: Over Kraked|103\/271 brn|[from] brn
|turn|15
|
|move|p2a: Over Kraked|Return|p1a: Mew
|-damage|p1a: Mew|0 fnt
|faint|p1a: Mew
|
|-damage|p2a: Over Kraked|70\/271 brn|[from] brn
|
|switch|p1a: Latias|Latias, F|317\/317
|-damage|p1a: Latias|278\/317|[from] Stealth Rock
|turn|16
|
|move|p2a: Over Kraked|Quick Attack|p1a: Latias
|-damage|p1a: Latias|220\/317
|move|p1a: Latias|Psyshock|p2a: Over Kraked
|-damage|p2a: Over Kraked|0 fnt
|-damage|p1a: Latias|189\/317|[from] item: Life Orb
|faint|p2a: Over Kraked
|
|
|switch|p2a: Just Badass|Landorus-Therian, M|320\/320
|-damage|p2a: Just Badass|280\/320|[from] Stealth Rock
|-ability|p2a: Just Badass|Intimidate|[of] p1a: Latias
|-unboost|p1a: Latias|atk|1
|turn|17
|
|move|p2a: Just Badass|Knock Off|p1a: Latias
|-supereffective|p1a: Latias
|-damage|p1a: Latias|0 fnt
|-enditem|p1a: Latias|Life Orb|[from] move: Knock Off|[of] p2a: Just Badass
|faint|p1a: Latias
|
|
|switch|p1a: Venusaur|Venusaur-Mega, M|309\/353
|-damage|p1a: Venusaur|265\/353|[from] Stealth Rock
|turn|18
|
|switch|p2a: Lead4Ever|Terrakion|323\/323
|-damage|p2a: Lead4Ever|303\/323|[from] Stealth Rock
|move|p1a: Venusaur|Giga Drain|p2a: Lead4Ever
|-supereffective|p2a: Lead4Ever
|-damage|p2a: Lead4Ever|15\/323
|-heal|p1a: Venusaur|353\/353|[from] drain|[of] p2a: Lead4Ever
|
|turn|19
|join|D-thGun
|
|move|p2a: Lead4Ever|Stone Edge|p1a: Venusaur
|-crit|p1a: Venusaur
|-damage|p1a: Venusaur|113\/353
|move|p1a: Venusaur|Giga Drain|p2a: Lead4Ever
|-supereffective|p2a: Lead4Ever
|-damage|p2a: Lead4Ever|0 fnt
|-heal|p1a: Venusaur|121\/353|[from] drain|[of] p2a: Lead4Ever
|faint|p2a: Lead4Ever
|
|c|âFairy Peak!|Ok.
|c|âFairy Peak!|DÃ©so
|
|switch|p2a: Just Badass|Landorus-Therian, M|280\/320
|-damage|p2a: Just Badass|240\/320|[from] Stealth Rock
|-ability|p2a: Just Badass|Intimidate|[of] p1a: Venusaur
|-unboost|p1a: Venusaur|atk|1
|turn|20
|join|mgsstan
|c|âAzuko|Je perds juste sur Ã§a np
|
|move|p2a: Just Badass|Earthquake|p1a: Venusaur
|-damage|p1a: Venusaur|0 fnt
|faint|p1a: Venusaur
|
|win|Fairy Peak!
|c|âFairy Peak!|:\/
|c|âAzuko|gg
|leave|D-thGun
|leave|Azelfi
|c|âFairy Peak!|Gg
|leave|Fairy Peak!
|player|p2