|join|TheEnder
|join|ekanen
|player|p1|TheEnder|94
|player|p2|ekanen|2
|gametype|singles
|gen|6
|tier|OU
|rated
|clearpoke
|poke|p1|Tyranitar, M
|poke|p1|Altaria, F
|poke|p1|Excadrill, M
|poke|p1|Kyurem-Black
|poke|p1|Ferrothorn, M
|poke|p1|Talonflame, F
|poke|p2|Gallade, M
|poke|p2|Rotom-Wash
|poke|p2|Ferrothorn, F
|poke|p2|Zapdos
|poke|p2|Latios, M
|poke|p2|Clefable, F
|rule|Swagger Clause: Swagger is banned
|rule|Baton Pass Clause: Limit one PokÃ©mon knowing Baton Pass
|rule|Sleep Clause Mod: Limit one foe put to sleep
|rule|Species Clause: Limit one of each PokÃ©mon
|rule|OHKO Clause: OHKO moves are banned
|rule|Moody Clause: Moody is banned
|rule|Evasion Moves Clause: Evasion moves are banned
|rule|Endless Battle Clause: Forcing endless battles is banned
|rule|HP Percentage Mod: HP is shown in percentages
|teampreview
|join|jake5
|join|ollopa
|join|Bulky Deoxys-A
|c| jake5|btw ender is the mence ban implemented?
|c|âTheEnder|idk :O
|c| Bulky Deoxys-A|should be
|c| jake5|lel and still runnng dos
|c| jake5|havent seen a nigle one so probs
|c| jake5|*single
|
|start
|switch|p1a: Talonflame|Talonflame, F|319\/319
|switch|p2a: Rotom-Wash|Rotom-Wash|303\/303
|turn|1
|c|âTheEnder|>
|
|switch|p1a: Ferrothorn|Ferrothorn, M|352\/352
|move|p2a: Rotom-Wash|Hydro Pump|p1a: Ferrothorn
|-resisted|p1a: Ferrothorn
|-damage|p1a: Ferrothorn|284\/352
|
|-heal|p1a: Ferrothorn|306\/352|[from] item: Leftovers
|turn|2
|c|âTheEnder|:]
|
|move|p2a: Rotom-Wash|Will-O-Wisp|p1a: Ferrothorn
|-status|p1a: Ferrothorn|brn
|move|p1a: Ferrothorn|Spikes|p2a: Rotom-Wash
|-sidestart|p2: ekanen|Spikes
|
|-heal|p1a: Ferrothorn|328\/352 brn|[from] item: Leftovers
|-damage|p1a: Ferrothorn|284\/352 brn|[from] brn
|turn|3
|
|move|p2a: Rotom-Wash|Volt Switch|p1a: Ferrothorn
|-resisted|p1a: Ferrothorn
|-damage|p1a: Ferrothorn|240\/352 brn
|
|switch|p2a: Zapdos|Zapdos|383\/383
|-ability|p2a: Zapdos|Pressure
|move|p1a: Ferrothorn|Leech Seed|p2a: Zapdos
|-start|p2a: Zapdos|move: Leech Seed
|
|-heal|p1a: Ferrothorn|262\/352 brn|[from] item: Leftovers
|-damage|p2a: Zapdos|336\/383|[from] Leech Seed|[of] p1a: Ferrothorn
|-heal|p1a: Ferrothorn|309\/352 brn|[silent]
|-damage|p1a: Ferrothorn|265\/352 brn|[from] brn
|turn|4
|c| jake5|ender absolutery loves ferro
|
|switch|p1a: Tyranitar|Tyranitar, M|403\/403
|-weather|Sandstorm
|move|p2a: Zapdos|Defog|p1a: Tyranitar
|-unboost|p1a: Tyranitar|evasion|1
|-sideend|p2: ekanen|Spikes|[from] move: Defog|[of] p2a: Zapdos
|
|-weather|Sandstorm|[upkeep]
|-damage|p2a: Zapdos|313\/383|[from] sandstorm
|-heal|p2a: Zapdos|336\/383|[from] item: Leftovers
|-damage|p2a: Zapdos|289\/383|[from] Leech Seed|[of] p1a: Tyranitar
|turn|5
|c|âTheEnder|its a god helo o.o
|
|switch|p2a: Rotom-Wash|Rotom-Wash|303\/303
|move|p1a: Tyranitar|Stealth Rock|p2a: Rotom-Wash
|-sidestart|p2: ekanen|move: Stealth Rock
|
|-weather|Sandstorm|[upkeep]
|-damage|p2a: Rotom-Wash|285\/303|[from] sandstorm
|-heal|p2a: Rotom-Wash|303\/303|[from] item: Leftovers
|turn|6
|
|switch|p1a: Ferrothorn|Ferrothorn, M|265\/352 brn
|move|p2a: Rotom-Wash|Volt Switch|p1a: Ferrothorn
|-resisted|p1a: Ferrothorn
|-damage|p1a: Ferrothorn|223\/352 brn
|c| ollopa|it is pretty annoying
|
|switch|p2a: Zapdos|Zapdos|289\/383
|-damage|p2a: Zapdos|194\/383|[from] Stealth Rock
|-ability|p2a: Zapdos|Pressure
|
|-weather|Sandstorm|[upkeep]
|-damage|p2a: Zapdos|171\/383|[from] sandstorm
|-heal|p2a: Zapdos|194\/383|[from] item: Leftovers
|-heal|p1a: Ferrothorn|245\/352 brn|[from] item: Leftovers
|-damage|p1a: Ferrothorn|201\/352 brn|[from] brn
|turn|7
|c| jake5|btw whats your olt status
|join|asdfCookie
|c| jake5|your second match
|
|switch|p1a: Kyurem-Black|Kyurem-Black|413\/413
|-ability|p1a: Kyurem-Black|Teravolt
|move|p2a: Zapdos|Roost|p2a: Zapdos
|-heal|p2a: Zapdos|383\/383
|
|-weather|Sandstorm|[upkeep]
|-damage|p1a: Kyurem-Black|388\/413|[from] sandstorm
|-damage|p2a: Zapdos|360\/383|[from] sandstorm
|-heal|p2a: Zapdos|383\/383|[from] item: Leftovers
|turn|8
|c|âTheEnder|i won second match
|c|âTheEnder|but i lost first
|c|âTheEnder|u_u
|c| jake5|iirc u lost ur winners bracket match ah cool
|
|move|p1a: Kyurem-Black|Ice Beam|p2a: Zapdos
|-supereffective|p2a: Zapdos
|-damage|p2a: Zapdos|35\/383
|move|p2a: Zapdos|Defog|p1a: Kyurem-Black
|-unboost|p1a: Kyurem-Black|evasion|1
|-sideend|p2: ekanen|Stealth Rock|[from] move: Defog|[of] p2a: Zapdos
|
|-weather|Sandstorm|[upkeep]
|-damage|p1a: Kyurem-Black|363\/413|[from] sandstorm
|-damage|p2a: Zapdos|12\/383|[from] sandstorm
|-heal|p2a: Zapdos|35\/383|[from] item: Leftovers
|turn|9
|c| jake5|what score and who u against?
|
|switch|p2a: Ferrothorn|Ferrothorn, F|352\/352
|move|p1a: Kyurem-Black|Ice Beam|p2a: Ferrothorn
|-damage|p2a: Ferrothorn|229\/352
|
|-weather|Sandstorm|[upkeep]
|-damage|p1a: Kyurem-Black|338\/413|[from] sandstorm
|turn|10
|c|âTheEnder|im against
|c|âTheEnder|flamingvictini
|
|switch|p2a: Zapdos|Zapdos|35\/383
|-ability|p2a: Zapdos|Pressure
|move|p1a: Kyurem-Black|Hidden Power|p2a: Zapdos
|-damage|p2a: Zapdos|0 fnt
|faint|p2a: Zapdos
|
|-weather|Sandstorm|[upkeep]
|-damage|p1a: Kyurem-Black|313\/413|[from] sandstorm
|c|âTheEnder|o.o
|c| jake5|u mean u beat him right?
|c|âTheEnder|o
|c|âTheEnder|no im up vs him
|
|switch|p2a: Clefable|Clefable, F|394\/394
|turn|11
|c|âTheEnder|for r3
|
|switch|p1a: Talonflame|Talonflame, F|319\/319
|move|p2a: Clefable|Moonblast|p1a: Talonflame
|-resisted|p1a: Talonflame
|-damage|p1a: Talonflame|244\/319
|
|-weather|none
|turn|12
|c|âTheEnder|i beat thatsjustpeachy 2-0
|c| jake5|ah ok nvm ill go read the thread
|c|âTheEnder|for r2
|c| jake5|ah cool
|
|switch|p1a: Tyranitar|Tyranitar, M|403\/403
|-weather|Sandstorm
|switch|p2a: Rotom-Wash|Rotom-Wash|303\/303
|
|-weather|Sandstorm|[upkeep]
|-damage|p2a: Rotom-Wash|285\/303|[from] sandstorm
|-heal|p2a: Rotom-Wash|303\/303|[from] item: Leftovers
|turn|13
|
|move|p2a: Rotom-Wash|Will-O-Wisp|p1a: Tyranitar
|-status|p1a: Tyranitar|brn
|move|p1a: Tyranitar|Stone Edge|p2a: Rotom-Wash
|-damage|p2a: Rotom-Wash|243\/303
|
|-weather|Sandstorm|[upkeep]
|-damage|p2a: Rotom-Wash|225\/303|[from] sandstorm
|-heal|p2a: Rotom-Wash|243\/303|[from] item: Leftovers
|-damage|p1a: Tyranitar|353\/403 brn|[from] brn
|turn|14
|c| jake5|scrotum is still so common probs cuz of talon
|c|âTheEnder|hng
|c|âTheEnder|misclicked
|
|move|p2a: Rotom-Wash|Volt Switch|p1a: Tyranitar
|-damage|p1a: Tyranitar|305\/403 brn
|
|switch|p2a: Gallade|Gallade, M|278\/278
|move|p1a: Tyranitar|Stealth Rock|p2a: Gallade
|-sidestart|p2: ekanen|move: Stealth Rock
|
|-weather|Sandstorm|[upkeep]
|-damage|p2a: Gallade|261\/278|[from] sandstorm
|-damage|p1a: Tyranitar|255\/403 brn|[from] brn
|turn|15
|
|switch|p1a: Ferrothorn|Ferrothorn, M|201\/352 brn
|detailschange|p2a: Gallade|Gallade-Mega, M
|message|Gallade has Mega Evolved into Mega Gallade!
|move|p2a: Gallade|Close Combat|p1a: Ferrothorn
|-supereffective|p1a: Ferrothorn
|-damage|p1a: Ferrothorn|0 fnt
|-damage|p2a: Gallade|227\/278|[from] ability: Iron Barbs|[of] p1a: Ferrothorn
|-unboost|p2a: Gallade|def|1
|-unboost|p2a: Gallade|spd|1
|faint|p1a: Ferrothorn
|
|-weather|Sandstorm|[upkeep]
|-damage|p2a: Gallade|210\/278|[from] sandstorm
|join|Alvadora
|
|switch|p1a: Altaria|Altaria, F|317\/317
|-ability|p1a: Altaria|Cloud Nine
|turn|16
|
|switch|p2a: Clefable|Clefable, F|394\/394
|detailschange|p1a: Altaria|Altaria-Mega, F
|message|Altaria has Mega Evolved into Mega Altaria!
|move|p1a: Altaria|Earthquake|p2a: Clefable
|-damage|p2a: Clefable|306\/394
|
|-weather|Sandstorm|[upkeep]
|-damage|p1a: Altaria|298\/317|[from] sandstorm
|-heal|p2a: Clefable|330\/394|[from] item: Leftovers
|turn|17
|
|switch|p1a: Talonflame|Talonflame, F|244\/319
|switch|p2a: Ferrothorn|Ferrothorn, F|229\/352
|-damage|p2a: Ferrothorn|207\/352|[from] Stealth Rock
|
|-weather|Sandstorm|[upkeep]
|-damage|p1a: Talonflame|225\/319|[from] sandstorm
|turn|18
|
|switch|p2a: Rotom-Wash|Rotom-Wash|243\/303
|-damage|p2a: Rotom-Wash|206\/303|[from] Stealth Rock
|move|p1a: Talonflame|Swords Dance|p1a: Talonflame
|-boost|p1a: Talonflame|atk|2
|
|-weather|Sandstorm|[upkeep]
|-damage|p1a: Talonflame|206\/319|[from] sandstorm
|-damage|p2a: Rotom-Wash|188\/303|[from] sandstorm
|-heal|p2a: Rotom-Wash|206\/303|[from] item: Leftovers
|turn|19
|
|move|p1a: Talonflame|Brave Bird|p2a: Rotom-Wash
|-resisted|p2a: Rotom-Wash
|-damage|p2a: Rotom-Wash|65\/303
|-damage|p1a: Talonflame|159\/319|[from] recoil|[of] p2a: Rotom-Wash
|move|p2a: Rotom-Wash|Hydro Pump|p1a: Talonflame|[miss]
|-miss|p2a: Rotom-Wash|p1a: Talonflame
|
|-weather|none
|-heal|p2a: Rotom-Wash|83\/303|[from] item: Leftovers
|turn|20
|
|move|p1a: Talonflame|Brave Bird|p2a: Rotom-Wash
|-resisted|p2a: Rotom-Wash
|-damage|p2a: Rotom-Wash|0 fnt
|-damage|p1a: Talonflame|132\/319|[from] recoil|[of] p2a: Rotom-Wash
|faint|p2a: Rotom-Wash
|
|c|âTheEnder|soz
|c|âTheEnder|about that :\/
|
|switch|p2a: Ferrothorn|Ferrothorn, F|207\/352
|-damage|p2a: Ferrothorn|185\/352|[from] Stealth Rock
|turn|21
|
|move|p1a: Talonflame|Flare Blitz|p2a: Ferrothorn
|-crit|p2a: Ferrothorn
|-supereffective|p2a: Ferrothorn
|-damage|p2a: Ferrothorn|0 fnt
|-damage|p1a: Talonflame|93\/319|[from] ability: Iron Barbs|[of] p2a: Ferrothorn
|-damage|p1a: Talonflame|32\/319|[from] recoil|[of] p2a: Ferrothorn
|faint|p2a: Ferrothorn
|
|
|switch|p2a: Clefable|Clefable, F|330\/394
|turn|22
|
|move|p1a: Talonflame|Roost|p1a: Talonflame
|-heal|p1a: Talonflame|192\/319
|move|p2a: Clefable|Soft-Boiled|p2a: Clefable
|-heal|p2a: Clefable|394\/394
|
|turn|23
|
|move|p1a: Talonflame|Roost|p1a: Talonflame
|-heal|p1a: Talonflame|319\/319
|move|p2a: Clefable|Calm Mind|p2a: Clefable
|-boost|p2a: Clefable|spa|1
|-boost|p2a: Clefable|spd|1
|
|turn|24
|
|move|p1a: Talonflame|Brave Bird|p2a: Clefable
|-damage|p2a: Clefable|63\/394
|-damage|p1a: Talonflame|210\/319|[from] recoil|[of] p2a: Clefable
|move|p2a: Clefable|Calm Mind|p2a: Clefable
|-boost|p2a: Clefable|spa|1
|-boost|p2a: Clefable|spd|1
|
|-heal|p2a: Clefable|87\/394|[from] item: Leftovers
|turn|25
|c| jake5|lel
|c| jake5|sweep time
|-message|ekanen forfeited.
|
|win|TheEnder
|raw|Ladder updating...
|leave|ekanen
|player|p2
|raw|TheEnder's rating: 1495 &rarr; <strong>1515<\/strong><br \/>(+20 for winning)
|raw|ekanen's rating: 1480 &rarr; <strong>1461<\/strong><br \/>(-19 for losing)
|leave|asdfCookie
|c|âTheEnder|i think exca won
|c|âTheEnder|even if he hit
|c| jake5|y
|leave|TheEnder
|player|p1
|c| jake5|LOL
|c| jake5|sd again
|leave|Bulky Deoxys-A