|join|Nagari
|join|ekanen
|player|p1|Nagari|192
|player|p2|ekanen|2
|gametype|singles
|gen|6
|tier|OU
|rated
|clearpoke
|poke|p1|Azumarill, M
|poke|p1|Landorus-Therian, M
|poke|p1|Klefki, M
|poke|p1|Sceptile, F
|poke|p1|Heatran, F
|poke|p1|Latios, M
|poke|p2|Gallade, M
|poke|p2|Rotom-Wash
|poke|p2|Ferrothorn, M
|poke|p2|Zapdos
|poke|p2|Latios, M
|poke|p2|Clefable, M
|rule|Swagger Clause: Swagger is banned
|rule|Baton Pass Clause: Limit one PokÃ©mon knowing Baton Pass
|rule|Sleep Clause Mod: Limit one foe put to sleep
|rule|Species Clause: Limit one of each PokÃ©mon
|rule|OHKO Clause: OHKO moves are banned
|rule|Moody Clause: Moody is banned
|rule|Evasion Moves Clause: Evasion moves are banned
|rule|Endless Battle Clause: Forcing endless battles is banned
|rule|HP Percentage Mod: HP is shown in percentages
|teampreview
|
|start
|switch|p1a: Burglar|Klefki, M|318\/318
|switch|p2a: Rotom-Wash|Rotom-Wash|303\/303
|turn|1
|
|move|p1a: Burglar|Toxic|p2a: Rotom-Wash
|-status|p2a: Rotom-Wash|tox
|move|p2a: Rotom-Wash|Will-O-Wisp|p1a: Burglar
|-status|p1a: Burglar|brn
|
|-damage|p2a: Rotom-Wash|285\/303 tox|[from] psn
|-damage|p1a: Burglar|279\/318 brn|[from] brn
|turn|2
|
|move|p1a: Burglar|Spikes|p2a: Rotom-Wash
|-sidestart|p2: ekanen|Spikes
|move|p2a: Rotom-Wash|Hydro Pump|p1a: Burglar|[miss]
|-miss|p2a: Rotom-Wash|p1a: Burglar
|
|-heal|p2a: Rotom-Wash|303\/303 tox|[from] item: Leftovers
|-heal|p1a: Burglar|298\/318 brn|[from] item: Leftovers
|-damage|p2a: Rotom-Wash|267\/303 tox|[from] psn
|-damage|p1a: Burglar|259\/318 brn|[from] brn
|turn|3
|
|move|p1a: Burglar|Spikes|p2a: Rotom-Wash
|-sidestart|p2: ekanen|Spikes
|move|p2a: Rotom-Wash|Hydro Pump|p1a: Burglar
|-damage|p1a: Burglar|124\/318 brn
|
|-heal|p2a: Rotom-Wash|285\/303 tox|[from] item: Leftovers
|-heal|p1a: Burglar|143\/318 brn|[from] item: Leftovers
|-damage|p2a: Rotom-Wash|231\/303 tox|[from] psn
|-damage|p1a: Burglar|104\/318 brn|[from] brn
|turn|4
|
|switch|p1a: Where At|Sceptile, F|281\/281
|move|p2a: Rotom-Wash|Volt Switch|p1a: Where At
|-resisted|p1a: Where At
|-damage|p1a: Where At|218\/281
|
|switch|p2a: Latios|Latios, M|301\/301
|
|turn|5
|
|switch|p1a: Burglar|Klefki, M|104\/318 brn
|move|p2a: Latios|Draco Meteor|p1a: Burglar
|-immune|p1a: Burglar|[msg]
|
|-heal|p1a: Burglar|123\/318 brn|[from] item: Leftovers
|-damage|p1a: Burglar|84\/318 brn|[from] brn
|turn|6
|
|switch|p2a: Rotom-Wash|Rotom-Wash|231\/303 tox
|move|p1a: Burglar|Spikes|p2a: Rotom-Wash
|-sidestart|p2: ekanen|Spikes
|
|-heal|p2a: Rotom-Wash|249\/303 tox|[from] item: Leftovers
|-heal|p1a: Burglar|103\/318 brn|[from] item: Leftovers
|-damage|p2a: Rotom-Wash|231\/303 tox|[from] psn
|-damage|p1a: Burglar|64\/318 brn|[from] brn
|turn|7
|
|switch|p1a: Lavaster|Heatran, F|378\/378
|move|p2a: Rotom-Wash|Volt Switch|p1a: Lavaster
|-damage|p1a: Lavaster|284\/378
|
|switch|p2a: Zapdos|Zapdos|383\/383
|-ability|p2a: Zapdos|Pressure
|
|turn|8
|
|move|p2a: Zapdos|Defog|p1a: Lavaster
|-unboost|p1a: Lavaster|evasion|1
|-sideend|p2: ekanen|Spikes|[from] move: Defog|[of] p2a: Zapdos
|move|p1a: Lavaster|Fire Blast|p2a: Zapdos
|-damage|p2a: Zapdos|23\/383
|
|-heal|p2a: Zapdos|46\/383|[from] item: Leftovers
|turn|9
|
|switch|p2a: Rotom-Wash|Rotom-Wash|231\/303 tox
|move|p1a: Lavaster|Fire Blast|p2a: Rotom-Wash|[miss]
|-miss|p1a: Lavaster|p2a: Rotom-Wash
|
|-heal|p2a: Rotom-Wash|249\/303 tox|[from] item: Leftovers
|-damage|p2a: Rotom-Wash|231\/303 tox|[from] psn
|turn|10
|
|move|p2a: Rotom-Wash|Hydro Pump|p1a: Lavaster
|-supereffective|p1a: Lavaster
|-damage|p1a: Lavaster|8\/378
|move|p1a: Lavaster|Fire Blast|p2a: Rotom-Wash|[miss]
|-miss|p1a: Lavaster|p2a: Rotom-Wash
|
|-heal|p2a: Rotom-Wash|249\/303 tox|[from] item: Leftovers
|-damage|p2a: Rotom-Wash|213\/303 tox|[from] psn
|turn|11
|
|switch|p1a: Lando-T|Landorus-Therian, M|382\/382
|-ability|p1a: Lando-T|Intimidate|[of] p2a: Rotom-Wash
|-unboost|p2a: Rotom-Wash|atk|1
|move|p2a: Rotom-Wash|Volt Switch|p1a: Lando-T
|-immune|p1a: Lando-T|[msg]
|
|-heal|p2a: Rotom-Wash|231\/303 tox|[from] item: Leftovers
|-damage|p2a: Rotom-Wash|177\/303 tox|[from] psn
|turn|12
|
|switch|p2a: Zapdos|Zapdos|46\/383
|-ability|p2a: Zapdos|Pressure
|move|p1a: Lando-T|Stealth Rock|p2a: Zapdos
|-sidestart|p2: ekanen|move: Stealth Rock
|
|-heal|p2a: Zapdos|69\/383|[from] item: Leftovers
|turn|13
|
|move|p2a: Zapdos|Defog|p1a: Lando-T
|-unboost|p1a: Lando-T|evasion|1
|-sideend|p2: ekanen|Stealth Rock|[from] move: Defog|[of] p2a: Zapdos
|move|p1a: Lando-T|Earthquake|p2a: Zapdos
|-immune|p2a: Zapdos|[msg]
|
|-heal|p2a: Zapdos|92\/383|[from] item: Leftovers
|turn|14
|
|move|p2a: Zapdos|Roost|p2a: Zapdos
|-heal|p2a: Zapdos|284\/383
|move|p1a: Lando-T|Earthquake|p2a: Zapdos
|-supereffective|p2a: Zapdos
|-damage|p2a: Zapdos|6\/383
|
|-heal|p2a: Zapdos|29\/383|[from] item: Leftovers
|turn|15
|
|move|p2a: Zapdos|Heat Wave|p1a: Lando-T
|-damage|p1a: Lando-T|257\/382
|move|p1a: Lando-T|Earthquake|p2a: Zapdos
|-immune|p2a: Zapdos|[msg]
|
|-heal|p2a: Zapdos|52\/383|[from] item: Leftovers
|-heal|p1a: Lando-T|280\/382|[from] item: Leftovers
|turn|16
|
|move|p2a: Zapdos|Heat Wave|p1a: Lando-T
|-damage|p1a: Lando-T|155\/382
|-status|p1a: Lando-T|brn
|move|p1a: Lando-T|Earthquake|p2a: Zapdos
|-immune|p2a: Zapdos|[msg]
|
|-heal|p2a: Zapdos|75\/383|[from] item: Leftovers
|-heal|p1a: Lando-T|178\/382 brn|[from] item: Leftovers
|-damage|p1a: Lando-T|131\/382 brn|[from] brn
|turn|17
|
|move|p2a: Zapdos|Roost|p2a: Zapdos
|-heal|p2a: Zapdos|267\/383
|move|p1a: Lando-T|Stealth Rock|p2a: Zapdos
|-sidestart|p2: ekanen|move: Stealth Rock
|
|-heal|p2a: Zapdos|290\/383|[from] item: Leftovers
|-heal|p1a: Lando-T|154\/382 brn|[from] item: Leftovers
|-damage|p1a: Lando-T|107\/382 brn|[from] brn
|turn|18
|
|move|p2a: Zapdos|Defog|p1a: Lando-T
|-unboost|p1a: Lando-T|evasion|1
|-sideend|p2: ekanen|Stealth Rock|[from] move: Defog|[of] p2a: Zapdos
|move|p1a: Lando-T|Swords Dance|p1a: Lando-T
|-boost|p1a: Lando-T|atk|2
|
|-heal|p2a: Zapdos|313\/383|[from] item: Leftovers
|-heal|p1a: Lando-T|130\/382 brn|[from] item: Leftovers
|-damage|p1a: Lando-T|83\/382 brn|[from] brn
|turn|19
|
|move|p2a: Zapdos|Heat Wave|p1a: Lando-T
|-damage|p1a: Lando-T|0 fnt
|faint|p1a: Lando-T
|
|-heal|p2a: Zapdos|336\/383|[from] item: Leftovers
|
|switch|p1a: FlightGanon|Latios, M|302\/302
|turn|20
|
|switch|p2a: Ferrothorn|Ferrothorn, M|352\/352
|move|p1a: FlightGanon|Trick|p2a: Ferrothorn
|-activate|p1a: FlightGanon|move: Trick|[of] p2a: Ferrothorn
|-item|p2a: Ferrothorn|Choice Scarf|[from] move: Trick
|-item|p1a: FlightGanon|Shed Shell|[from] move: Trick
|
|turn|21
|
|switch|p1a: Lavaster|Heatran, F|8\/378
|move|p2a: Ferrothorn|Stealth Rock|p1a: Lavaster
|-sidestart|p1: Nagari|move: Stealth Rock
|
|turn|22
|
|switch|p2a: Latios|Latios, M|301\/301
|move|p1a: Lavaster|Fire Blast|p2a: Latios
|-resisted|p2a: Latios
|-damage|p2a: Latios|161\/301
|
|turn|23
|
|move|p2a: Latios|Psyshock|p1a: Lavaster
|-resisted|p1a: Lavaster
|-damage|p1a: Lavaster|0 fnt
|faint|p1a: Lavaster
|
|
|switch|p1a: FlightGanon|Latios, M|302\/302
|-damage|p1a: FlightGanon|265\/302|[from] Stealth Rock
|turn|24
|
|switch|p2a: Ferrothorn|Ferrothorn, M|352\/352
|move|p1a: FlightGanon|Trick|p2a: Ferrothorn
|-activate|p1a: FlightGanon|move: Trick|[of] p2a: Ferrothorn
|-item|p2a: Ferrothorn|Shed Shell|[from] move: Trick
|-item|p1a: FlightGanon|Choice Scarf|[from] move: Trick
|
|turn|25
|
|move|p2a: Ferrothorn|Protect|p2a: Ferrothorn
|-singleturn|p2a: Ferrothorn|Protect
|move|p1a: FlightGanon|Trick|p2a: Ferrothorn
|-activate|p2a: Ferrothorn|Protect
|
|turn|26
|
|switch|p1a: Burglar|Klefki, M|64\/318 brn
|-damage|p1a: Burglar|45\/318 brn|[from] Stealth Rock
|switch|p2a: Gallade|Gallade, M|278\/278
|
|-heal|p1a: Burglar|64\/318 brn|[from] item: Leftovers
|-damage|p1a: Burglar|25\/318 brn|[from] brn
|turn|27
|
|switch|p2a: Rotom-Wash|Rotom-Wash|177\/303 tox
|move|p1a: Burglar|Thunder Wave|p2a: Rotom-Wash
|-fail|p2a: Rotom-Wash
|
|-heal|p2a: Rotom-Wash|195\/303 tox|[from] item: Leftovers
|-heal|p1a: Burglar|44\/318 brn|[from] item: Leftovers
|-damage|p2a: Rotom-Wash|177\/303 tox|[from] psn
|-damage|p1a: Burglar|5\/318 brn|[from] brn
|turn|28
|
|switch|p2a: Zapdos|Zapdos|336\/383
|-ability|p2a: Zapdos|Pressure
|move|p1a: Burglar|Spikes|p2a: Zapdos
|-sidestart|p2: ekanen|Spikes
|
|-heal|p2a: Zapdos|359\/383|[from] item: Leftovers
|-heal|p1a: Burglar|24\/318 brn|[from] item: Leftovers
|-damage|p1a: Burglar|0 fnt|[from] brn
|faint|p1a: Burglar
|
|switch|p1a: FlightGanon|Latios, M|265\/302
|-damage|p1a: FlightGanon|228\/302|[from] Stealth Rock
|turn|29
|
|move|p1a: FlightGanon|Ice Beam|p2a: Zapdos
|-supereffective|p2a: Zapdos
|-damage|p2a: Zapdos|123\/383
|move|p2a: Zapdos|Defog|p1a: FlightGanon
|-unboost|p1a: FlightGanon|evasion|1
|-sideend|p1: Nagari|Stealth Rock|[from] move: Defog|[of] p1a: FlightGanon
|-sideend|p2: ekanen|Spikes|[from] move: Defog|[of] p2a: Zapdos
|
|-heal|p2a: Zapdos|146\/383|[from] item: Leftovers
|turn|30
|
|switch|p2a: Ferrothorn|Ferrothorn, M|352\/352
|move|p1a: FlightGanon|Ice Beam|p2a: Ferrothorn
|-damage|p2a: Ferrothorn|271\/352
|
|turn|31
|
|switch|p1a: Where At|Sceptile, F|218\/281
|move|p2a: Ferrothorn|Stealth Rock|p1a: Where At
|-sidestart|p1: Nagari|move: Stealth Rock
|
|turn|32
|
|detailschange|p1a: Where At|Sceptile-Mega, F
|message|Sceptile has Mega Evolved into Mega Sceptile!
|move|p1a: Where At|Hidden Power|p2a: Ferrothorn
|-supereffective|p2a: Ferrothorn
|-damage|p2a: Ferrothorn|43\/352
|move|p2a: Ferrothorn|Gyro Ball|p1a: Where At
|-damage|p1a: Where At|0 fnt
|faint|p1a: Where At
|
|
|switch|p1a: FlightGanon|Latios, M|228\/302
|-damage|p1a: FlightGanon|191\/302|[from] Stealth Rock
|turn|33
|
|move|p2a: Ferrothorn|Protect|p2a: Ferrothorn
|-singleturn|p2a: Ferrothorn|Protect
|move|p1a: FlightGanon|Ice Beam|p2a: Ferrothorn
|-activate|p2a: Ferrothorn|Protect
|
|turn|34
|
|move|p1a: FlightGanon|Ice Beam|p2a: Ferrothorn
|-damage|p2a: Ferrothorn|0 fnt
|faint|p2a: Ferrothorn
|
|
|switch|p2a: Rotom-Wash|Rotom-Wash|177\/303 tox
|turn|35
|
|move|p1a: FlightGanon|Ice Beam|p2a: Rotom-Wash
|-crit|p2a: Rotom-Wash
|-resisted|p2a: Rotom-Wash
|-damage|p2a: Rotom-Wash|96\/303 tox
|move|p2a: Rotom-Wash|Volt Switch|p1a: FlightGanon
|-resisted|p1a: FlightGanon
|-damage|p1a: FlightGanon|147\/302
|
|switch|p2a: Gallade|Gallade, M|278\/278
|
|turn|36
|
|detailschange|p2a: Gallade|Gallade-Mega, M
|message|Gallade has Mega Evolved into Mega Gallade!
|move|p1a: FlightGanon|Ice Beam|p2a: Gallade
|-damage|p2a: Gallade|178\/278
|move|p2a: Gallade|Knock Off|p1a: FlightGanon
|-supereffective|p1a: FlightGanon
|-damage|p1a: FlightGanon|0 fnt
|-enditem|p1a: FlightGanon|Choice Scarf|[from] move: Knock Off|[of] p2a: Gallade
|faint|p1a: FlightGanon
|
|
|switch|p1a: AzumAAA|Azumarill, M|342\/342
|-damage|p1a: AzumAAA|300\/342|[from] Stealth Rock
|turn|37
|
|move|p2a: Gallade|Knock Off|p1a: AzumAAA
|-resisted|p1a: AzumAAA
|-damage|p1a: AzumAAA|212\/342
|-enditem|p1a: AzumAAA|Sitrus Berry|[from] move: Knock Off|[of] p2a: Gallade
|move|p1a: AzumAAA|Belly Drum|p1a: AzumAAA
|-damage|p1a: AzumAAA|41\/342
|-setboost|p1a: AzumAAA|atk|6|[from] move: Belly Drum
|
|turn|38
|
|move|p1a: AzumAAA|Aqua Jet|p2a: Gallade
|-damage|p2a: Gallade|0 fnt
|faint|p2a: Gallade
|
|
|switch|p2a: Rotom-Wash|Rotom-Wash|96\/303 tox
|turn|39
|
|move|p1a: AzumAAA|Aqua Jet|p2a: Rotom-Wash
|-resisted|p2a: Rotom-Wash
|-damage|p2a: Rotom-Wash|0 fnt
|faint|p2a: Rotom-Wash
|
|
|switch|p2a: Latios|Latios, M|161\/301
|turn|40
|
|move|p1a: AzumAAA|Aqua Jet|p2a: Latios
|-resisted|p2a: Latios
|-damage|p2a: Latios|0 fnt
|faint|p2a: Latios
|
|
|switch|p2a: Clefable|Clefable, M|394\/394
|turn|41
|
|move|p1a: AzumAAA|Play Rough|p2a: Clefable
|-crit|p2a: Clefable
|-damage|p2a: Clefable|0 fnt
|faint|p2a: Clefable
|
|
|switch|p2a: Zapdos|Zapdos|146\/383
|-ability|p2a: Zapdos|Pressure
|turn|42
|c|âNagari|azuma
|c|âNagari|MVP
|-message|ekanen forfeited.
|
|win|Nagari
|raw|Ladder updating...
|leave|ekanen
|player|p2