|join|cute trap4
|join|ekanen
|player|p1|cute trap4|68
|player|p2|ekanen|145
|gametype|singles
|gen|6
|tier|OU
|rated
|clearpoke
|poke|p1|Shuckle, F
|poke|p1|Gallade, M
|poke|p1|Rotom-Wash
|poke|p1|Manaphy
|poke|p1|Bisharp, M
|poke|p1|Gengar, F
|poke|p2|Swampert, M
|poke|p2|Politoed, M
|poke|p2|Gothitelle, F
|poke|p2|Ferrothorn, M
|poke|p2|Kingdra, M
|poke|p2|Tornadus-Therian, M
|rule|Swagger Clause: Swagger is banned
|rule|Baton Pass Clause: Limit one PokÃ©mon knowing Baton Pass
|rule|Sleep Clause Mod: Limit one foe put to sleep
|rule|Species Clause: Limit one of each PokÃ©mon
|rule|OHKO Clause: OHKO moves are banned
|rule|Moody Clause: Moody is banned
|rule|Evasion Moves Clause: Evasion moves are banned
|rule|Endless Battle Clause: Forcing endless battles is banned
|rule|HP Percentage Mod: HP is shown in percentages
|teampreview
|join|Updated Kanto
|join|etaoi
|
|start
|switch|p1a: Bisharp|Bisharp, M|271\/271
|switch|p2a: Ferrothorn|Ferrothorn, M|352\/352
|turn|1
|
|switch|p1a: Shuckle|Shuckle, F|244\/244
|move|p2a: Ferrothorn|Leech Seed|p1a: Shuckle
|-start|p1a: Shuckle|move: Leech Seed
|
|-damage|p1a: Shuckle|214\/244|[from] Leech Seed|[of] p2a: Ferrothorn
|turn|2
|
|move|p1a: Shuckle|Stealth Rock|p2a: Ferrothorn
|-sidestart|p2: ekanen|move: Stealth Rock
|move|p2a: Ferrothorn|Stealth Rock|p1a: Shuckle
|-sidestart|p1: cute trap4|move: Stealth Rock
|
|-damage|p1a: Shuckle|184\/244|[from] Leech Seed|[of] p2a: Ferrothorn
|turn|3
|
|move|p1a: Shuckle|Sticky Web|p2a: Ferrothorn
|-sidestart|p2: ekanen|move: Sticky Web
|move|p2a: Ferrothorn|Spikes|p1a: Shuckle
|-sidestart|p1: cute trap4|Spikes
|
|-damage|p1a: Shuckle|154\/244|[from] Leech Seed|[of] p2a: Ferrothorn
|turn|4
|
|move|p1a: Shuckle|Infestation|p2a: Ferrothorn
|-damage|p2a: Ferrothorn|348\/352
|-damage|p1a: Shuckle|124\/244|[from] ability: Iron Barbs|[of] p2a: Ferrothorn
|-activate|p2a: Ferrothorn|move: Infestation|[of] p1a: Shuckle
|move|p2a: Ferrothorn|Spikes|p1a: Shuckle
|-sidestart|p1: cute trap4|Spikes
|
|-heal|p2a: Ferrothorn|352\/352|[from] item: Leftovers
|-damage|p1a: Shuckle|94\/244|[from] Leech Seed|[of] p2a: Ferrothorn
|-damage|p2a: Ferrothorn|308\/352|[from] move: Infestation|[partiallytrapped]
|turn|5
|
|move|p1a: Shuckle|Knock Off|p2a: Ferrothorn
|-damage|p2a: Ferrothorn|292\/352
|-damage|p1a: Shuckle|64\/244|[from] ability: Iron Barbs|[of] p2a: Ferrothorn
|-enditem|p2a: Ferrothorn|Leftovers|[from] move: Knock Off|[of] p1a: Shuckle
|move|p2a: Ferrothorn|Spikes|p1a: Shuckle
|-sidestart|p1: cute trap4|Spikes
|
|-damage|p1a: Shuckle|34\/244|[from] Leech Seed|[of] p2a: Ferrothorn
|-heal|p2a: Ferrothorn|322\/352|[silent]
|-damage|p2a: Ferrothorn|278\/352|[from] move: Infestation|[partiallytrapped]
|turn|6
|
|move|p1a: Shuckle|Infestation|p2a: Ferrothorn
|-crit|p2a: Ferrothorn
|-damage|p2a: Ferrothorn|271\/352
|-damage|p1a: Shuckle|4\/244|[from] ability: Iron Barbs|[of] p2a: Ferrothorn
|move|p2a: Ferrothorn|Gyro Ball|p1a: Shuckle
|-supereffective|p1a: Shuckle
|-damage|p1a: Shuckle|0 fnt
|faint|p1a: Shuckle
|
|-end|p2a: Ferrothorn|Infestation|[partiallytrapped]
|join|z0mOG
|
|switch|p1a: Gallade|Gallade, M|277\/277
|-damage|p1a: Gallade|260\/277|[from] Stealth Rock
|-damage|p1a: Gallade|191\/277|[from] Spikes
|turn|7
|
|detailschange|p1a: Gallade|Gallade-Mega, M
|message|Gallade has Mega Evolved into Mega Gallade!
|move|p1a: Gallade|Close Combat|p2a: Ferrothorn
|-supereffective|p2a: Ferrothorn
|-damage|p2a: Ferrothorn|0 fnt
|-damage|p1a: Gallade|157\/277|[from] ability: Iron Barbs|[of] p2a: Ferrothorn
|-unboost|p1a: Gallade|def|1
|-unboost|p1a: Gallade|spd|1
|faint|p2a: Ferrothorn
|
|
|switch|p2a: Politoed|Politoed, M|384\/384
|-activate|p2a: Politoed|move: Sticky Web
|-unboost|p2a: Politoed|spe|1
|-damage|p2a: Politoed|336\/384|[from] Stealth Rock
|-weather|RainDance
|turn|8
|
|move|p1a: Gallade|Knock Off|p2a: Politoed
|-damage|p2a: Politoed|214\/384
|-enditem|p2a: Politoed|Damp Rock|[from] move: Knock Off|[of] p1a: Gallade
|move|p2a: Politoed|Scald|p1a: Gallade
|-damage|p1a: Gallade|0 fnt
|faint|p1a: Gallade
|
|-weather|RainDance|[upkeep]
|join|Jefo
|
|switch|p1a: Gengar|Gengar, F|261\/261
|-damage|p1a: Gengar|229\/261|[from] Stealth Rock
|turn|9
|
|move|p1a: Gengar|Sludge Wave|p2a: Politoed
|-damage|p2a: Politoed|6\/384
|-damage|p1a: Gengar|203\/261|[from] item: Life Orb
|move|p2a: Politoed|Scald|p1a: Gengar
|-damage|p1a: Gengar|38\/261
|
|-weather|RainDance|[upkeep]
|turn|10
|
|move|p1a: Gengar|Sludge Wave|p2a: Politoed
|-damage|p2a: Politoed|0 fnt
|-damage|p1a: Gengar|12\/261|[from] item: Life Orb
|faint|p2a: Politoed
|
|-weather|RainDance|[upkeep]
|
|switch|p2a: Kingdra|Kingdra, M|307\/307
|-damage|p2a: Kingdra|269\/307|[from] Stealth Rock
|-activate|p2a: Kingdra|move: Sticky Web
|-unboost|p2a: Kingdra|spe|1
|turn|11
|
|move|p1a: Gengar|Sludge Wave|p2a: Kingdra
|-damage|p2a: Kingdra|26\/307
|-damage|p1a: Gengar|0 fnt|[from] item: Life Orb
|faint|p1a: Gengar
|move|p2a: Kingdra|Dragon Pulse|p1: Gengar|[notarget]
|-notarget
|
|-weather|RainDance|[upkeep]
|leave|etaoi
|
|switch|p1a: Bisharp|Bisharp, M|271\/271
|-damage|p1a: Bisharp|204\/271|[from] Spikes
|-damage|p1a: Bisharp|188\/271|[from] Stealth Rock
|turn|12
|
|move|p1a: Bisharp|Sucker Punch|p2a: Kingdra
|-damage|p2a: Kingdra|0 fnt
|-damage|p1a: Bisharp|161\/271|[from] item: Life Orb
|faint|p2a: Kingdra
|
|-weather|RainDance|[upkeep]
|
|switch|p2a: Swampert|Swampert, M|348\/348
|-damage|p2a: Swampert|327\/348|[from] Stealth Rock
|-activate|p2a: Swampert|move: Sticky Web
|-unboost|p2a: Swampert|spe|1
|turn|13
|
|switch|p1a: Rotom-Wash|Rotom-Wash|303\/303
|-damage|p1a: Rotom-Wash|266\/303|[from] Stealth Rock
|detailschange|p2a: Swampert|Swampert-Mega, M
|message|Swampert has Mega Evolved into Mega Swampert!
|move|p2a: Swampert|Power-Up Punch|p1a: Rotom-Wash
|-damage|p1a: Rotom-Wash|222\/303
|-boost|p2a: Swampert|atk|1
|
|-weather|RainDance|[upkeep]
|-heal|p1a: Rotom-Wash|240\/303|[from] item: Leftovers
|turn|14
|
|move|p2a: Swampert|Waterfall|p1a: Rotom-Wash
|-resisted|p1a: Rotom-Wash
|-damage|p1a: Rotom-Wash|105\/303
|cant|p1a: Rotom-Wash|flinch
|
|-weather|RainDance|[upkeep]
|-heal|p1a: Rotom-Wash|123\/303|[from] item: Leftovers
|turn|15
|
|move|p2a: Swampert|Waterfall|p1a: Rotom-Wash
|-resisted|p1a: Rotom-Wash
|-damage|p1a: Rotom-Wash|0 fnt
|faint|p1a: Rotom-Wash
|
|-weather|none
|
|switch|p1a: Manaphy|Manaphy|361\/361
|-damage|p1a: Manaphy|271\/361|[from] Spikes
|-damage|p1a: Manaphy|226\/361|[from] Stealth Rock
|turn|16
|
|move|p1a: Manaphy|Scald|p2a: Swampert
|-damage|p2a: Swampert|225\/348
|-status|p2a: Swampert|brn
|move|p2a: Swampert|Earthquake|p1a: Manaphy
|-damage|p1a: Manaphy|76\/361
|
|-heal|p1a: Manaphy|98\/361|[from] item: Leftovers
|-damage|p2a: Swampert|182\/348 brn|[from] brn
|turn|17
|
|move|p1a: Manaphy|Scald|p2a: Swampert
|-damage|p2a: Swampert|70\/348 brn
|move|p2a: Swampert|Earthquake|p1a: Manaphy
|-damage|p1a: Manaphy|0 fnt
|faint|p1a: Manaphy
|
|-damage|p2a: Swampert|27\/348 brn|[from] brn
|
|switch|p1a: Bisharp|Bisharp, M|161\/271
|-damage|p1a: Bisharp|94\/271|[from] Spikes
|-damage|p1a: Bisharp|78\/271|[from] Stealth Rock
|turn|18
|
|move|p1a: Bisharp|Knock Off|p2a: Swampert
|-damage|p2a: Swampert|0 fnt
|-damage|p1a: Bisharp|51\/271|[from] item: Life Orb
|faint|p2a: Swampert
|
|leave|z0mOG
|join|hats.marumaru
|leave|hats.marumaru
|join|akkeshi
|
|switch|p2a: Gothitelle|Gothitelle, F|281\/281
|-damage|p2a: Gothitelle|246\/281|[from] Stealth Rock
|-activate|p2a: Gothitelle|move: Sticky Web
|-unboost|p2a: Gothitelle|spe|1
|turn|19
|join|Outrageous Fortune
|
|move|p1a: Bisharp|Knock Off|p2a: Gothitelle
|-supereffective|p2a: Gothitelle
|-damage|p2a: Gothitelle|0 fnt
|-enditem|p2a: Gothitelle|Choice Scarf|[from] move: Knock Off|[of] p1a: Bisharp
|-damage|p1a: Bisharp|24\/271|[from] item: Life Orb
|faint|p2a: Gothitelle
|
|
|switch|p2a: Tornadus-Therian|Tornadus-Therian, M|299\/299
|-damage|p2a: Tornadus-Therian|225\/299|[from] Stealth Rock
|turn|20
|
|move|p1a: Bisharp|Sucker Punch|p2a: Tornadus-Therian
|-damage|p2a: Tornadus-Therian|0 fnt
|-damage|p1a: Bisharp|0 fnt|[from] item: Life Orb
|faint|p2a: Tornadus-Therian
|faint|p1a: Bisharp
|
|win|cute trap4
|raw|Ladder updating...
|raw|cute trap4's rating: 1644 &rarr; <strong>1663<\/strong><br \/>(+19 for winning)
|raw|ekanen's rating: 1632 &rarr; <strong>1612<\/strong><br \/>(-20 for losing)
|c| akkeshi|eric
|leave|ekanen
|player|p2
|join|ke kt us
|leave|Outrageous Fortune
|leave|ke kt us
|leave|akkeshi