|join|ekanen
|join|Ghislaine
|player|p1|ekanen|145
|player|p2|Ghislaine|280
|gametype|singles
|gen|6
|tier|OU
|rated
|clearpoke
|poke|p1|Swampert, F
|poke|p1|Politoed, F
|poke|p1|Gothitelle, M
|poke|p1|Ferrothorn, M
|poke|p1|Kingdra, M
|poke|p1|Tornadus-Therian, M
|poke|p2|Manaphy
|poke|p2|Lopunny, M
|poke|p2|Gliscor, F
|poke|p2|Slowbro, M
|poke|p2|Jirachi
|poke|p2|Latios, M
|rule|Swagger Clause: Swagger is banned
|rule|Baton Pass Clause: Limit one PokÃ©mon knowing Baton Pass
|rule|Sleep Clause Mod: Limit one foe put to sleep
|rule|Species Clause: Limit one of each PokÃ©mon
|rule|OHKO Clause: OHKO moves are banned
|rule|Moody Clause: Moody is banned
|rule|Evasion Moves Clause: Evasion moves are banned
|rule|Endless Battle Clause: Forcing endless battles is banned
|rule|HP Percentage Mod: HP is shown in percentages
|teampreview
|
|start
|switch|p1a: Tornadus-Therian|Tornadus-Therian, M|299\/299
|switch|p2a: Gliscor|Gliscor, F|352\/352
|turn|1
|
|move|p1a: Tornadus-Therian|Knock Off|p2a: Gliscor
|-damage|p2a: Gliscor|262\/352
|-enditem|p2a: Gliscor|Toxic Orb|[from] move: Knock Off|[of] p1a: Tornadus-Therian
|-damage|p1a: Tornadus-Therian|270\/299|[from] item: Life Orb
|move|p2a: Gliscor|Knock Off|p1a: Tornadus-Therian
|-damage|p1a: Tornadus-Therian|170\/299
|-enditem|p1a: Tornadus-Therian|Life Orb|[from] move: Knock Off|[of] p2a: Gliscor
|
|turn|2
|
|move|p1a: Tornadus-Therian|U-turn|p2a: Gliscor
|-crit|p2a: Gliscor
|-resisted|p2a: Gliscor
|-damage|p2a: Gliscor|225\/352
|
|switch|p1a: Ferrothorn|Ferrothorn, M|352\/352
|move|p2a: Gliscor|Toxic|p1a: Ferrothorn
|-fail|p1a: Ferrothorn
|
|turn|3
|
|switch|p1a: Kingdra|Kingdra, M|307\/307
|move|p2a: Gliscor|Taunt|p1a: Kingdra
|-start|p1a: Kingdra|move: Taunt
|
|turn|4
|
|move|p1a: Kingdra|Surf|p2a: Gliscor
|-supereffective|p2a: Gliscor
|-damage|p2a: Gliscor|0 fnt
|faint|p2a: Gliscor
|
|
|switch|p2a: Lopunny|Lopunny, M|272\/272
|turn|5
|
|detailschange|p2a: Lopunny|Lopunny-Mega, M
|message|Lopunny has Mega Evolved into Mega Lopunny!
|move|p2a: Lopunny|Power-Up Punch|p1a: Kingdra
|-damage|p1a: Kingdra|231\/307
|-boost|p2a: Lopunny|atk|1
|move|p1a: Kingdra|Surf|p2a: Lopunny
|-damage|p2a: Lopunny|70\/272
|
|turn|6
|
|switch|p1a: Ferrothorn|Ferrothorn, M|352\/352
|move|p2a: Lopunny|Drain Punch|p1a: Ferrothorn
|-supereffective|p1a: Ferrothorn
|-damage|p1a: Ferrothorn|26\/352
|-heal|p2a: Lopunny|233\/272|[from] drain|[of] p1a: Ferrothorn
|-damage|p2a: Lopunny|199\/272|[from] ability: Iron Barbs|[of] p1a: Ferrothorn
|
|-heal|p1a: Ferrothorn|48\/352|[from] item: Leftovers
|turn|7
|
|switch|p1a: Politoed|Politoed, F|384\/384
|-weather|RainDance
|move|p2a: Lopunny|Substitute|p2a: Lopunny
|-start|p2a: Lopunny|Substitute
|-damage|p2a: Lopunny|131\/272
|
|-weather|RainDance|[upkeep]
|turn|8
|
|move|p2a: Lopunny|Frustration|p1a: Politoed
|-damage|p1a: Politoed|123\/384
|move|p1a: Politoed|Scald|p2a: Lopunny
|-end|p2a: Lopunny|Substitute
|
|-weather|RainDance|[upkeep]
|turn|9
|
|switch|p1a: Ferrothorn|Ferrothorn, M|48\/352
|move|p2a: Lopunny|Drain Punch|p1a: Ferrothorn
|-supereffective|p1a: Ferrothorn
|-damage|p1a: Ferrothorn|0 fnt
|-heal|p2a: Lopunny|155\/272|[from] drain|[of] p1a: Ferrothorn
|-damage|p2a: Lopunny|121\/272|[from] ability: Iron Barbs|[of] p1a: Ferrothorn
|faint|p1a: Ferrothorn
|
|-weather|RainDance|[upkeep]
|
|switch|p1a: Kingdra|Kingdra, M|231\/307
|turn|10
|
|switch|p2a: Latios|Latios, M|301\/301
|move|p1a: Kingdra|Surf|p2a: Latios
|-resisted|p2a: Latios
|-damage|p2a: Latios|159\/301
|
|-weather|RainDance|[upkeep]
|turn|11
|
|move|p1a: Kingdra|Surf|p2a: Latios
|-resisted|p2a: Latios
|-damage|p2a: Latios|12\/301
|move|p2a: Latios|Recover|p2a: Latios
|-heal|p2a: Latios|163\/301
|
|-weather|RainDance|[upkeep]
|turn|12
|
|switch|p2a: Jirachi|Jirachi|401\/401
|move|p1a: Kingdra|Surf|p2a: Jirachi
|-damage|p2a: Jirachi|151\/401
|
|-weather|RainDance|[upkeep]
|-heal|p2a: Jirachi|176\/401|[from] item: Leftovers
|turn|13
|
|switch|p2a: Manaphy|Manaphy|365\/365
|move|p1a: Kingdra|Surf|p2a: Manaphy
|-resisted|p2a: Manaphy
|-damage|p2a: Manaphy|207\/365
|
|-weather|RainDance|[upkeep]
|-heal|p2a: Manaphy|229\/365|[from] item: Leftovers
|turn|14
|
|move|p1a: Kingdra|Surf|p2a: Manaphy
|-resisted|p2a: Manaphy
|-damage|p2a: Manaphy|64\/365
|move|p2a: Manaphy|Tail Glow|p2a: Manaphy
|-boost|p2a: Manaphy|spa|3
|
|-weather|none
|-heal|p2a: Manaphy|86\/365|[from] item: Leftovers
|turn|15
|
|switch|p1a: Tornadus-Therian|Tornadus-Therian, M|269\/299
|move|p2a: Manaphy|Energy Ball|p1a: Tornadus-Therian
|-resisted|p1a: Tornadus-Therian
|-damage|p1a: Tornadus-Therian|156\/299
|
|-heal|p2a: Manaphy|108\/365|[from] item: Leftovers
|turn|16
|
|switch|p2a: Jirachi|Jirachi|176\/401
|move|p1a: Tornadus-Therian|Superpower|p2a: Jirachi
|-damage|p2a: Jirachi|75\/401
|-unboost|p1a: Tornadus-Therian|atk|1
|-unboost|p1a: Tornadus-Therian|def|1
|
|-heal|p2a: Jirachi|100\/401|[from] item: Leftovers
|turn|17
|
|move|p1a: Tornadus-Therian|Knock Off|p2a: Jirachi
|-supereffective|p2a: Jirachi
|-damage|p2a: Jirachi|0 fnt
|-enditem|p2a: Jirachi|Leftovers|[from] move: Knock Off|[of] p1a: Tornadus-Therian
|faint|p2a: Jirachi
|
|
|switch|p2a: Lopunny|Lopunny-Mega, M|121\/272
|turn|18
|
|move|p2a: Lopunny|Frustration|p1a: Tornadus-Therian
|-damage|p1a: Tornadus-Therian|0 fnt
|faint|p1a: Tornadus-Therian
|
|
|switch|p1a: Swampert|Swampert, F|348\/348
|turn|19
|
|switch|p2a: Slowbro|Slowbro, M|394\/394
|detailschange|p1a: Swampert|Swampert-Mega, F
|message|Swampert has Mega Evolved into Mega Swampert!
|move|p1a: Swampert|Waterfall|p2a: Slowbro
|-resisted|p2a: Slowbro
|-damage|p2a: Slowbro|334\/394
|
|-heal|p2a: Slowbro|358\/394|[from] item: Leftovers
|turn|20
|
|switch|p1a: Gothitelle|Gothitelle, M|281\/281
|switch|p2a: Latios|Latios, M|163\/301
|
|turn|21
|
|switch|p1a: Politoed|Politoed, F|123\/384
|-weather|RainDance
|move|p2a: Latios|Draco Meteor|p1a: Politoed
|-damage|p1a: Politoed|0 fnt
|-unboost|p2a: Latios|spa|2
|-damage|p2a: Latios|133\/301|[from] item: Life Orb
|faint|p1a: Politoed
|
|-weather|RainDance|[upkeep]
|
|switch|p1a: Kingdra|Kingdra, M|231\/307
|turn|22
|
|move|p1a: Kingdra|Dragon Pulse|p2a: Latios
|-supereffective|p2a: Latios
|-damage|p2a: Latios|0 fnt
|faint|p2a: Latios
|
|-weather|RainDance|[upkeep]
|
|switch|p2a: Slowbro|Slowbro, M|394\/394
|turn|23
|
|switch|p1a: Gothitelle|Gothitelle, M|281\/281
|move|p2a: Slowbro|Thunder Wave|p1a: Gothitelle
|-status|p1a: Gothitelle|par
|
|-weather|RainDance|[upkeep]
|turn|24
|
|move|p2a: Slowbro|Scald|p1a: Gothitelle
|-damage|p1a: Gothitelle|142\/281 par
|move|p1a: Gothitelle|Thunderbolt|p2a: Slowbro
|-crit|p2a: Slowbro
|-supereffective|p2a: Slowbro
|-damage|p2a: Slowbro|42\/394
|
|-weather|RainDance|[upkeep]
|-heal|p2a: Slowbro|66\/394|[from] item: Leftovers
|turn|25
|
|move|p2a: Slowbro|Scald|p1a: Gothitelle
|-damage|p1a: Gothitelle|10\/281 par
|move|p1a: Gothitelle|Thunderbolt|p2a: Slowbro
|-supereffective|p2a: Slowbro
|-damage|p2a: Slowbro|0 fnt
|faint|p2a: Slowbro
|
|-weather|RainDance|[upkeep]
|
|switch|p2a: Lopunny|Lopunny-Mega, M|121\/272
|turn|26
|
|move|p2a: Lopunny|Substitute|p2a: Lopunny
|-start|p2a: Lopunny|Substitute
|-damage|p2a: Lopunny|53\/272
|cant|p1a: Gothitelle|par
|
|-weather|RainDance|[upkeep]
|turn|27
|
|move|p2a: Lopunny|Power-Up Punch|p1a: Gothitelle
|-resisted|p1a: Gothitelle
|-damage|p1a: Gothitelle|0 fnt
|-boost|p2a: Lopunny|atk|1
|faint|p1a: Gothitelle
|
|-weather|RainDance|[upkeep]
|
|switch|p1a: Kingdra|Kingdra, M|231\/307
|turn|28
|
|move|p1a: Kingdra|Dragon Pulse|p2a: Lopunny
|-end|p2a: Lopunny|Substitute
|move|p2a: Lopunny|Frustration|p1a: Kingdra
|-damage|p1a: Kingdra|0 fnt
|faint|p1a: Kingdra
|
|-weather|none
|
|switch|p1a: Swampert|Swampert-Mega, F|348\/348
|turn|29
|
|move|p2a: Lopunny|Frustration|p1a: Swampert
|-damage|p1a: Swampert|104\/348
|move|p1a: Swampert|Earthquake|p2a: Lopunny
|-damage|p2a: Lopunny|0 fnt
|faint|p2a: Lopunny
|
|
|switch|p2a: Manaphy|Manaphy|108\/365
|turn|30
|
|move|p2a: Manaphy|Energy Ball|p1a: Swampert
|-supereffective|p1a: Swampert
|-damage|p1a: Swampert|0 fnt
|faint|p1a: Swampert
|
|win|Ghislaine
|raw|Ladder updating...
|leave|ekanen
|player|p1