|join|wish killer
|join|ekanen
|join|Zenzoh
|player|p1|wish killer|68
|player|p2|ekanen|46
|gametype|singles
|gen|6
|tier|OU
|rated
|clearpoke
|poke|p1|Bisharp, M
|poke|p1|Venusaur, F
|poke|p1|Heatran, M
|poke|p1|Keldeo
|poke|p1|Chansey, F
|poke|p1|Skarmory, F
|poke|p2|Venusaur, M
|poke|p2|Bisharp, M
|poke|p2|Rotom-Wash
|poke|p2|Landorus-Therian, M
|poke|p2|Keldeo
|poke|p2|Latias, F
|rule|Swagger Clause: Swagger is banned
|rule|Baton Pass Clause: Limit one PokÃ©mon knowing Baton Pass
|rule|Sleep Clause Mod: Limit one foe put to sleep
|rule|Species Clause: Limit one of each PokÃ©mon
|rule|OHKO Clause: OHKO moves are banned
|rule|Moody Clause: Moody is banned
|rule|Evasion Moves Clause: Evasion moves are banned
|rule|Endless Battle Clause: Forcing endless battles is banned
|rule|HP Percentage Mod: HP is shown in percentages
|teampreview
|join|i came from leddit
|c| i came from leddit|!ydoolb og
|join|Rokaro
|c|âwish killer|who are you rokaro?
|c| i came from leddit|he is storm
|c| Rokaro|Calm Stone.
|
|start
|switch|p1a: Nice try hacker|Heatran, M|340\/340
|switch|p2a: Rotom-Wash|Rotom-Wash|303\/303
|-item|p1a: Nice try hacker|Air Balloon
|turn|1
|c|âwish killer|ok
|
|move|p1a: Nice try hacker|Toxic|p2a: Rotom-Wash
|-status|p2a: Rotom-Wash|tox
|move|p2a: Rotom-Wash|Volt Switch|p1a: Nice try hacker
|-damage|p1a: Nice try hacker|255\/340
|-enditem|p1a: Nice try hacker|Air Balloon
|c| Zenzoh|storm jesus
|
|switch|p2a: Keldeo|Keldeo|323\/323
|
|turn|2
|c|âwish killer|welcome zenzoh
|c| i came from leddit|who are you Zenzoh?
|
|switch|p1a: Nice try hacker|Venusaur, F|364\/364
|move|p2a: Keldeo|Substitute|p2a: Keldeo
|-start|p2a: Keldeo|Substitute
|-damage|p2a: Keldeo|243\/323
|
|-heal|p2a: Keldeo|263\/323|[from] item: Leftovers
|turn|3
|c| Zenzoh|im trice
|c| i came from leddit|you are poopyhead y\/n
|c| Zenzoh|y
|
|detailschange|p1a: Nice try hacker|Venusaur-Mega, F
|-mega|p1a: Nice try hacker|Venusaur|Venusaurite
|move|p2a: Keldeo|Scald|p1a: Nice try hacker
|-resisted|p1a: Nice try hacker
|-damage|p1a: Nice try hacker|304\/364
|move|p1a: Nice try hacker|Giga Drain|p2a: Keldeo
|-supereffective|p2a: Keldeo
|-end|p2a: Keldeo|Substitute
|-heal|p1a: Nice try hacker|344\/364|[from] drain|[of] p2a: Keldeo
|
|-heal|p2a: Keldeo|283\/323|[from] item: Leftovers
|turn|4
|c| i came from leddit|y
|
|switch|p2a: Latias|Latias, F|301\/301
|move|p1a: Nice try hacker|Giga Drain|p2a: Latias
|-resisted|p2a: Latias
|-damage|p2a: Latias|262\/301
|-heal|p1a: Nice try hacker|364\/364|[from] drain|[of] p2a: Latias
|
|turn|5
|c|âwish killer|you will leave pokemon zenzoh?
|c| Zenzoh|yeah. i'm done playing this game
|c| Zenzoh|just here to watch now
|
|switch|p2a: Keldeo|Keldeo|283\/323
|switch|p1a: Nice try hacker|Heatran, M|255\/340
|
|-heal|p2a: Keldeo|303\/323|[from] item: Leftovers
|turn|6
|c| Rokaro|lol
|c| Zenzoh|who told you?
|c|âwish killer|jefo
|c| Zenzoh|who told jefo....
|
|switch|p1a: Nice try hacker|Venusaur-Mega, F|364\/364
|move|p2a: Keldeo|Substitute|p2a: Keldeo
|-start|p2a: Keldeo|Substitute
|-damage|p2a: Keldeo|223\/323
|
|-heal|p2a: Keldeo|243\/323|[from] item: Leftovers
|turn|7
|
|move|p2a: Keldeo|Scald|p1a: Nice try hacker
|-resisted|p1a: Nice try hacker
|-damage|p1a: Nice try hacker|298\/364
|move|p1a: Nice try hacker|Giga Drain|p2a: Keldeo
|-supereffective|p2a: Keldeo
|-end|p2a: Keldeo|Substitute
|-heal|p1a: Nice try hacker|338\/364|[from] drain|[of] p2a: Keldeo
|
|-heal|p2a: Keldeo|263\/323|[from] item: Leftovers
|turn|8
|
|switch|p2a: Venusaur|Venusaur, M|339\/339
|move|p1a: Nice try hacker|Leech Seed|p2a: Venusaur
|-immune|p2a: Venusaur|[msg]
|
|turn|9
|
|switch|p2a: Landorus-Therian|Landorus-Therian, M|359\/359
|-ability|p2a: Landorus-Therian|Intimidate|[of] p1a: Nice try hacker
|-unboost|p1a: Nice try hacker|atk|1
|move|p1a: Nice try hacker|Giga Drain|p2a: Landorus-Therian
|-damage|p2a: Landorus-Therian|239\/359
|-heal|p1a: Nice try hacker|364\/364|[from] drain|[of] p2a: Landorus-Therian
|
|turn|10
|c| Rokaro|I told jefo...
|c| Rokaro|i cant remember the guy who told Me...
|c| Zenzoh|who told you..............
|c| Zenzoh|wtf
|c|âwish killer|the hacker told storm
|
|move|p2a: Landorus-Therian|Earthquake|p1a: Nice try hacker
|-damage|p1a: Nice try hacker|213\/364
|move|p1a: Nice try hacker|Giga Drain|p2a: Landorus-Therian
|-damage|p2a: Landorus-Therian|119\/359
|-heal|p1a: Nice try hacker|273\/364|[from] drain|[of] p2a: Landorus-Therian
|
|turn|11
|join|LOVE FATE NIGHT
|c| Zenzoh|plot twist
|
|switch|p1a: Nice try hacker|Skarmory, F|334\/334
|move|p2a: Landorus-Therian|U-turn|p1a: Nice try hacker
|-resisted|p1a: Nice try hacker
|-damage|p1a: Nice try hacker|318\/334
|-damage|p2a: Landorus-Therian|60\/359|[from] item: Rocky Helmet|[of] p1a: Nice try hacker
|c| Rokaro|im actually fighting this guy... rn
|c| Rokaro|lol
|c| Rokaro|http:\/\/play.pokemonshowdown.com\/battle-ou-200384900
|c| i came from leddit|lol
|
|switch|p2a: Rotom-Wash|Rotom-Wash|303\/303 tox
|
|-damage|p2a: Rotom-Wash|285\/303 tox|[from] psn
|turn|12
|
|move|p2a: Rotom-Wash|Volt Switch|p1a: Nice try hacker
|-crit|p1a: Nice try hacker
|-supereffective|p1a: Nice try hacker
|-damage|p1a: Nice try hacker|28\/334
|c| Zenzoh|-**
|c| Zenzoh|oops
|
|switch|p2a: Keldeo|Keldeo|263\/323
|move|p1a: Nice try hacker|Spikes|p2a: Keldeo
|-sidestart|p2: ekanen|Spikes
|
|-heal|p2a: Keldeo|283\/323|[from] item: Leftovers
|turn|13
|
|move|p2a: Keldeo|Scald|p1a: Nice try hacker
|-damage|p1a: Nice try hacker|0 fnt
|faint|p1a: Nice try hacker
|
|-heal|p2a: Keldeo|303\/323|[from] item: Leftovers
|
|switch|p1a: Nice try hacker|Venusaur-Mega, F|273\/364
|turn|14
|
|switch|p2a: Venusaur|Venusaur, M|339\/339
|-damage|p2a: Venusaur|297\/339|[from] Spikes
|move|p1a: Nice try hacker|Giga Drain|p2a: Venusaur
|-resisted|p2a: Venusaur
|-damage|p2a: Venusaur|270\/339
|-heal|p1a: Nice try hacker|287\/364|[from] drain|[of] p2a: Venusaur
|
|turn|15
|
|switch|p1a: Nice try hacker|Heatran, M|255\/340
|detailschange|p2a: Venusaur|Venusaur-Mega, M
|-mega|p2a: Venusaur|Venusaur|Venusaurite
|move|p2a: Venusaur|Giga Drain|p1a: Nice try hacker
|-resisted|p1a: Nice try hacker
|-damage|p1a: Nice try hacker|221\/340
|-heal|p2a: Venusaur|287\/339|[from] drain|[of] p1a: Nice try hacker
|
|turn|16
|
|switch|p2a: Rotom-Wash|Rotom-Wash|285\/303 tox
|move|p1a: Nice try hacker|Stealth Rock|p2a: Rotom-Wash
|-sidestart|p2: ekanen|move: Stealth Rock
|
|-heal|p2a: Rotom-Wash|303\/303 tox|[from] item: Leftovers
|-damage|p2a: Rotom-Wash|285\/303 tox|[from] psn
|turn|17
|
|switch|p1a: Nice try hacker|Chansey, F|684\/684
|move|p2a: Rotom-Wash|Volt Switch|p1a: Nice try hacker
|-damage|p1a: Nice try hacker|627\/684
|
|switch|p2a: Bisharp|Bisharp, M|271\/271
|-damage|p2a: Bisharp|255\/271|[from] Stealth Rock
|-damage|p2a: Bisharp|222\/271|[from] Spikes
|
|turn|18
|
|switch|p1a: Nice try hacker|Heatran, M|221\/340
|move|p2a: Bisharp|Knock Off|p1a: Nice try hacker
|-damage|p1a: Nice try hacker|83\/340
|-damage|p2a: Bisharp|195\/271|[from] item: Life Orb
|
|turn|19
|
|move|p1a: Nice try hacker|Fire Blast|p2a: Bisharp|[miss]
|-miss|p1a: Nice try hacker|p2a: Bisharp
|move|p2a: Bisharp|Knock Off|p1a: Nice try hacker
|-damage|p1a: Nice try hacker|0 fnt
|-damage|p2a: Bisharp|168\/271|[from] item: Life Orb
|faint|p1a: Nice try hacker
|
|c|âwish killer|always the same hax
|c| Rokaro|..
|c| i came from leddit|....fucking haxer
|c| Zenzoh|?txen eht s'tahw
|
|switch|p1a: Nice try hacker|Keldeo|323\/323
|turn|20
|c| Rokaro|if it makes u feel better
|c| i came from leddit|whats the next poopyhead
|c| Rokaro|I HAX HIS ASS BACK
|c| Rokaro|http:\/\/play.pokemonshowdown.com\/battle-ou-200384900
|
|switch|p2a: Latias|Latias, F|262\/301
|-damage|p2a: Latias|225\/301|[from] Stealth Rock
|move|p1a: Nice try hacker|Icy Wind|p2a: Latias
|-supereffective|p2a: Latias
|-damage|p2a: Latias|121\/301
|-unboost|p2a: Latias|spe|1
|
|turn|21
|
|switch|p1a: Nice try hacker|Bisharp, M|334\/334
|move|p2a: Latias|Defog|p1a: Nice try hacker
|-unboost|p1a: Nice try hacker|evasion|1
|-boost|p1a: Nice try hacker|atk|2|[from] ability: Defiant
|-sideend|p2: ekanen|Spikes|[from] move: Defog|[of] p2a: Latias
|-sideend|p2: ekanen|Stealth Rock|[from] move: Defog|[of] p2a: Latias
|
|turn|22
|
|move|p2a: Latias|Draco Meteor|p1a: Nice try hacker
|-resisted|p1a: Nice try hacker
|-damage|p1a: Nice try hacker|166\/334
|-unboost|p2a: Latias|spa|2
|-damage|p2a: Latias|91\/301|[from] item: Life Orb
|move|p1a: Nice try hacker|Knock Off|p2a: Latias
|-supereffective|p2a: Latias
|-damage|p2a: Latias|0 fnt
|-enditem|p2a: Latias|Life Orb|[from] move: Knock Off|[of] p1a: Nice try hacker
|faint|p2a: Latias
|
|-heal|p1a: Nice try hacker|186\/334|[from] item: Leftovers
|
|switch|p2a: Keldeo|Keldeo|303\/323
|turn|23
|
|switch|p1a: Nice try hacker|Venusaur-Mega, F|287\/364
|move|p2a: Keldeo|Scald|p1a: Nice try hacker
|-resisted|p1a: Nice try hacker
|-damage|p1a: Nice try hacker|232\/364
|
|-heal|p2a: Keldeo|323\/323|[from] item: Leftovers
|turn|24
|
|switch|p2a: Venusaur|Venusaur-Mega, M|287\/339
|move|p1a: Nice try hacker|Synthesis|p1a: Nice try hacker
|-heal|p1a: Nice try hacker|364\/364
|
|turn|25
|
|switch|p2a: Bisharp|Bisharp, M|168\/271
|move|p1a: Nice try hacker|Hidden Power|p2a: Bisharp
|-supereffective|p2a: Bisharp
|-damage|p2a: Bisharp|16\/271
|
|turn|26
|
|move|p2a: Bisharp|Iron Head|p1a: Nice try hacker
|-damage|p1a: Nice try hacker|231\/364
|-damage|p2a: Bisharp|0 fnt|[from] item: Life Orb
|faint|p2a: Bisharp
|move|p1a: Nice try hacker|Synthesis|p1a: Nice try hacker
|-heal|p1a: Nice try hacker|364\/364
|
|
|switch|p2a: Venusaur|Venusaur-Mega, M|287\/339
|turn|27
|
|switch|p1a: Nice try hacker|Chansey, F|627\/684
|move|p2a: Venusaur|Sludge Bomb|p1a: Nice try hacker
|-damage|p1a: Nice try hacker|534\/684
|
|turn|28
|
|switch|p2a: Landorus-Therian|Landorus-Therian, M|60\/359
|-ability|p2a: Landorus-Therian|Intimidate|[of] p1a: Nice try hacker
|-unboost|p1a: Nice try hacker|atk|1
|move|p1a: Nice try hacker|Seismic Toss|p2a: Landorus-Therian
|-damage|p2a: Landorus-Therian|0 fnt
|faint|p2a: Landorus-Therian
|
|
|switch|p2a: Keldeo|Keldeo|323\/323
|turn|29
|
|switch|p1a: Nice try hacker|Venusaur-Mega, F|364\/364
|move|p2a: Keldeo|Substitute|p2a: Keldeo
|-start|p2a: Keldeo|Substitute
|-damage|p2a: Keldeo|243\/323
|
|-heal|p2a: Keldeo|263\/323|[from] item: Leftovers
|turn|30
|c|âwish killer|nice choke storm
|
|move|p2a: Keldeo|Calm Mind|p2a: Keldeo
|-boost|p2a: Keldeo|spa|1
|-boost|p2a: Keldeo|spd|1
|move|p1a: Nice try hacker|Giga Drain|p2a: Keldeo
|-supereffective|p2a: Keldeo
|-end|p2a: Keldeo|Substitute
|
|-heal|p2a: Keldeo|283\/323|[from] item: Leftovers
|turn|31
|c| Rokaro|ikr
|c| Rokaro|..
|
|switch|p2a: Venusaur|Venusaur-Mega, M|287\/339
|move|p1a: Nice try hacker|Giga Drain|p2a: Venusaur
|-resisted|p2a: Venusaur
|-damage|p2a: Venusaur|267\/339
|
|turn|32
|c| i came from leddit|get rekt ekanen
|
|switch|p2a: Keldeo|Keldeo|283\/323
|switch|p1a: Nice try hacker|Chansey, F|534\/684
|
|-heal|p2a: Keldeo|303\/323|[from] item: Leftovers
|turn|33
|
|switch|p1a: Nice try hacker|Venusaur-Mega, F|364\/364
|move|p2a: Keldeo|Scald|p1a: Nice try hacker
|-resisted|p1a: Nice try hacker
|-damage|p1a: Nice try hacker|308\/364
|-status|p1a: Nice try hacker|brn
|
|-heal|p2a: Keldeo|323\/323|[from] item: Leftovers
|-damage|p1a: Nice try hacker|263\/364 brn|[from] brn
|turn|34
|
|switch|p2a: Venusaur|Venusaur-Mega, M|267\/339
|move|p1a: Nice try hacker|Giga Drain|p2a: Venusaur
|-resisted|p2a: Venusaur
|-damage|p2a: Venusaur|243\/339
|-heal|p1a: Nice try hacker|275\/364 brn|[from] drain|[of] p2a: Venusaur
|
|-damage|p1a: Nice try hacker|230\/364 brn|[from] brn
|turn|35
|
|switch|p2a: Keldeo|Keldeo|323\/323
|move|p1a: Nice try hacker|Synthesis|p1a: Nice try hacker
|-heal|p1a: Nice try hacker|364\/364 brn
|
|-damage|p1a: Nice try hacker|319\/364 brn|[from] brn
|turn|36
|
|switch|p2a: Venusaur|Venusaur-Mega, M|243\/339
|switch|p1a: Nice try hacker|Chansey, F|534\/684
|
|turn|37
|c| Rokaro|nice choke....
|
|switch|p2a: Keldeo|Keldeo|323\/323
|move|p1a: Nice try hacker|Thunder Wave|p2a: Keldeo
|-status|p2a: Keldeo|par
|
|turn|38
|c| i came from leddit|kek
|
|switch|p1a: Nice try hacker|Venusaur-Mega, F|319\/364 brn
|move|p2a: Keldeo|Secret Sword|p1a: Nice try hacker
|-resisted|p1a: Nice try hacker
|-damage|p1a: Nice try hacker|269\/364 brn
|
|-damage|p1a: Nice try hacker|224\/364 brn|[from] brn
|turn|39
|
|switch|p2a: Venusaur|Venusaur-Mega, M|243\/339
|move|p1a: Nice try hacker|Synthesis|p1a: Nice try hacker
|-heal|p1a: Nice try hacker|364\/364 brn
|
|-damage|p1a: Nice try hacker|319\/364 brn|[from] brn
|turn|40
|
|move|p2a: Venusaur|Sludge Bomb|p1a: Nice try hacker
|-damage|p1a: Nice try hacker|163\/364 brn
|move|p1a: Nice try hacker|Giga Drain|p2a: Venusaur
|-resisted|p2a: Venusaur
|-damage|p2a: Venusaur|221\/339
|-heal|p1a: Nice try hacker|174\/364 brn|[from] drain|[of] p2a: Venusaur
|
|-damage|p1a: Nice try hacker|129\/364 brn|[from] brn
|turn|41
|
|switch|p2a: Keldeo|Keldeo|323\/323 par
|switch|p1a: Nice try hacker|Chansey, F|534\/684
|
|turn|42
|
|move|p1a: Nice try hacker|Aromatherapy|p1a: Nice try hacker
|-cureteam|p1a: Nice try hacker|[from] move: Aromatherapy
|move|p2a: Keldeo|Secret Sword|p1a: Nice try hacker
|-supereffective|p1a: Nice try hacker
|-damage|p1a: Nice try hacker|124\/684
|
|turn|43
|c| Rokaro|,, lol
|
|switch|p2a: Venusaur|Venusaur-Mega, M|221\/339
|move|p1a: Nice try hacker|Soft-Boiled|p1a: Nice try hacker
|-heal|p1a: Nice try hacker|466\/684
|
|turn|44
|
|switch|p2a: Keldeo|Keldeo|323\/323 par
|move|p1a: Nice try hacker|Seismic Toss|p2a: Keldeo
|-damage|p2a: Keldeo|223\/323 par
|
|-heal|p2a: Keldeo|243\/323 par|[from] item: Leftovers
|turn|45
|
|switch|p1a: Nice try hacker|Keldeo|323\/323
|move|p2a: Keldeo|Secret Sword|p1a: Nice try hacker
|-damage|p1a: Nice try hacker|160\/323
|
|-heal|p1a: Nice try hacker|180\/323|[from] item: Leftovers
|-heal|p2a: Keldeo|263\/323 par|[from] item: Leftovers
|turn|46
|
|move|p1a: Nice try hacker|Scald|p2a: Keldeo
|-resisted|p2a: Keldeo
|-damage|p2a: Keldeo|191\/323 par
|move|p2a: Keldeo|Secret Sword|p1a: Nice try hacker
|-damage|p1a: Nice try hacker|5\/323
|
|-heal|p1a: Nice try hacker|25\/323|[from] item: Leftovers
|-heal|p2a: Keldeo|211\/323 par|[from] item: Leftovers
|turn|47
|
|move|p1a: Nice try hacker|Scald|p2a: Keldeo
|-resisted|p2a: Keldeo
|-damage|p2a: Keldeo|134\/323 par
|move|p2a: Keldeo|Scald|p1a: Nice try hacker
|-resisted|p1a: Nice try hacker
|-damage|p1a: Nice try hacker|0 fnt
|faint|p1a: Nice try hacker
|
|-heal|p2a: Keldeo|154\/323 par|[from] item: Leftovers
|
|switch|p1a: Nice try hacker|Bisharp, M|186\/334
|turn|48
|c| i came from leddit|..
|c| i came from leddit|bloody
|c| Rokaro|Nice choke
|c| Rokaro|...
|
|move|p1a: Nice try hacker|Knock Off|p2a: Keldeo
|-resisted|p2a: Keldeo
|-damage|p2a: Keldeo|58\/323 par
|-boost|p2a: Keldeo|atk|1|[from] ability: Justified
|-enditem|p2a: Keldeo|Leftovers|[from] move: Knock Off|[of] p1a: Nice try hacker
|move|p2a: Keldeo|Secret Sword|p1a: Nice try hacker
|-supereffective|p1a: Nice try hacker
|-damage|p1a: Nice try hacker|0 fnt
|faint|p1a: Nice try hacker
|
|
|switch|p1a: Nice try hacker|Chansey, F|466\/684
|turn|49
|c|âwish killer|im bad
|
|move|p1a: Nice try hacker|Seismic Toss|p2a: Keldeo
|-damage|p2a: Keldeo|0 fnt
|faint|p2a: Keldeo
|
|
|switch|p2a: Rotom-Wash|Rotom-Wash|285\/303 tox
|turn|50
|
|move|p2a: Rotom-Wash|Will-O-Wisp|p1a: Nice try hacker
|-status|p1a: Nice try hacker|brn
|move|p1a: Nice try hacker|Seismic Toss|p2a: Rotom-Wash
|-damage|p2a: Rotom-Wash|185\/303 tox
|
|-heal|p2a: Rotom-Wash|203\/303 tox|[from] item: Leftovers
|-damage|p2a: Rotom-Wash|185\/303 tox|[from] psn
|-damage|p1a: Nice try hacker|381\/684 brn|[from] brn
|turn|51
|
|move|p2a: Rotom-Wash|Pain Split|p1a: Nice try hacker
|-sethp|p1a: Nice try hacker|283\/684 brn|p2a: Rotom-Wash|283\/303 tox|[from] move: Pain Split
|move|p1a: Nice try hacker|Soft-Boiled|p1a: Nice try hacker
|-heal|p1a: Nice try hacker|625\/684 brn
|
|-heal|p2a: Rotom-Wash|301\/303 tox|[from] item: Leftovers
|-damage|p2a: Rotom-Wash|265\/303 tox|[from] psn
|-damage|p1a: Nice try hacker|540\/684 brn|[from] brn
|turn|52
|
|move|p2a: Rotom-Wash|Volt Switch|p1a: Nice try hacker
|-damage|p1a: Nice try hacker|485\/684 brn
|
|switch|p2a: Venusaur|Venusaur-Mega, M|221\/339
|move|p1a: Nice try hacker|Seismic Toss|p2a: Venusaur
|-damage|p2a: Venusaur|121\/339
|
|-damage|p1a: Nice try hacker|400\/684 brn|[from] brn
|turn|53
|
|move|p2a: Venusaur|Synthesis|p2a: Venusaur
|-heal|p2a: Venusaur|290\/339
|move|p1a: Nice try hacker|Thunder Wave|p2a: Venusaur
|-status|p2a: Venusaur|par
|
|-damage|p1a: Nice try hacker|315\/684 brn|[from] brn
|turn|54
|
|move|p1a: Nice try hacker|Soft-Boiled|p1a: Nice try hacker
|-heal|p1a: Nice try hacker|657\/684 brn
|move|p2a: Venusaur|Sludge Bomb|p1a: Nice try hacker
|-crit|p1a: Nice try hacker
|-damage|p1a: Nice try hacker|515\/684 brn
|
|-damage|p1a: Nice try hacker|430\/684 brn|[from] brn
|turn|55
|
|switch|p2a: Rotom-Wash|Rotom-Wash|265\/303 tox
|move|p1a: Nice try hacker|Seismic Toss|p2a: Rotom-Wash
|-damage|p2a: Rotom-Wash|165\/303 tox
|
|-heal|p2a: Rotom-Wash|183\/303 tox|[from] item: Leftovers
|-damage|p2a: Rotom-Wash|165\/303 tox|[from] psn
|-damage|p1a: Nice try hacker|345\/684 brn|[from] brn
|turn|56
|
|switch|p1a: Nice try hacker|Venusaur-Mega, F|129\/364
|move|p2a: Rotom-Wash|Hydro Pump|p1a: Nice try hacker
|-crit|p1a: Nice try hacker
|-resisted|p1a: Nice try hacker
|-damage|p1a: Nice try hacker|42\/364
|
|-heal|p2a: Rotom-Wash|183\/303 tox|[from] item: Leftovers
|-damage|p2a: Rotom-Wash|147\/303 tox|[from] psn
|turn|57
|c| Rokaro|Nice choke.......
|c| Rokaro|wtf
|
|move|p2a: Rotom-Wash|Hydro Pump|p1a: Nice try hacker
|-resisted|p1a: Nice try hacker
|-damage|p1a: Nice try hacker|0 fnt
|faint|p1a: Nice try hacker
|
|-heal|p2a: Rotom-Wash|165\/303 tox|[from] item: Leftovers
|-damage|p2a: Rotom-Wash|111\/303 tox|[from] psn
|
|switch|p1a: Nice try hacker|Chansey, F|345\/684
|turn|58
|c| i came from leddit|fuckin poopyhead
|c|âwish killer|hoty
|
|move|p2a: Rotom-Wash|Will-O-Wisp|p1a: Nice try hacker
|-status|p1a: Nice try hacker|brn
|move|p1a: Nice try hacker|Seismic Toss|p2a: Rotom-Wash
|-damage|p2a: Rotom-Wash|11\/303 tox
|
|-heal|p2a: Rotom-Wash|29\/303 tox|[from] item: Leftovers
|-damage|p2a: Rotom-Wash|0 fnt|[from] psn
|-damage|p1a: Nice try hacker|260\/684 brn|[from] brn
|faint|p2a: Rotom-Wash
|c| Rokaro|the man haxes alot
|c|âwish killer|hoty = haxer of the year
|
|switch|p2a: Venusaur|Venusaur-Mega, M|290\/339 par
|turn|59
|
|move|p1a: Nice try hacker|Soft-Boiled|p1a: Nice try hacker
|-heal|p1a: Nice try hacker|602\/684 brn
|move|p2a: Venusaur|Giga Drain|p1a: Nice try hacker
|-damage|p1a: Nice try hacker|518\/684 brn
|-heal|p2a: Venusaur|332\/339 par|[from] drain|[of] p1a: Nice try hacker
|
|-damage|p1a: Nice try hacker|433\/684 brn|[from] brn
|turn|60
|
|move|p1a: Nice try hacker|Aromatherapy|p1a: Nice try hacker
|-cureteam|p1a: Nice try hacker|[from] move: Aromatherapy
|move|p2a: Venusaur|Sludge Bomb|p1a: Nice try hacker
|-damage|p1a: Nice try hacker|334\/684
|
|turn|61
|
|move|p1a: Nice try hacker|Soft-Boiled|p1a: Nice try hacker
|-heal|p1a: Nice try hacker|676\/684
|move|p2a: Venusaur|Sludge Bomb|p1a: Nice try hacker
|-damage|p1a: Nice try hacker|583\/684
|
|turn|62
|
|move|p1a: Nice try hacker|Seismic Toss|p2a: Venusaur
|-damage|p2a: Venusaur|232\/339 par
|move|p2a: Venusaur|Sludge Bomb|p1a: Nice try hacker
|-damage|p1a: Nice try hacker|484\/684
|
|turn|63
|
|move|p1a: Nice try hacker|Seismic Toss|p2a: Venusaur
|-damage|p2a: Venusaur|132\/339 par
|move|p2a: Venusaur|Sludge Bomb|p1a: Nice try hacker
|-damage|p1a: Nice try hacker|385\/684
|-status|p1a: Nice try hacker|psn
|
|-damage|p1a: Nice try hacker|300\/684 psn|[from] psn
|turn|64
|c| i came from leddit|you fucking serious poopyhead?
|
|move|p1a: Nice try hacker|Seismic Toss|p2a: Venusaur
|-damage|p2a: Venusaur|32\/339 par
|move|p2a: Venusaur|Synthesis|p2a: Venusaur
|-heal|p2a: Venusaur|201\/339 par
|
|-damage|p1a: Nice try hacker|215\/684 psn|[from] psn
|turn|65
|c| Rokaro|,
|c| i came from leddit|>no para
|
|move|p1a: Nice try hacker|Soft-Boiled|p1a: Nice try hacker
|-heal|p1a: Nice try hacker|557\/684 psn
|cant|p2a: Venusaur|par
|
|-damage|p1a: Nice try hacker|472\/684 psn|[from] psn
|turn|66
|
|move|p1a: Nice try hacker|Seismic Toss|p2a: Venusaur
|-damage|p2a: Venusaur|101\/339 par
|move|p2a: Venusaur|Giga Drain|p1a: Nice try hacker
|-damage|p1a: Nice try hacker|384\/684 psn
|-heal|p2a: Venusaur|145\/339 par|[from] drain|[of] p1a: Nice try hacker
|
|-damage|p1a: Nice try hacker|299\/684 psn|[from] psn
|turn|67
|
|move|p1a: Nice try hacker|Seismic Toss|p2a: Venusaur
|-damage|p2a: Venusaur|45\/339 par
|move|p2a: Venusaur|Synthesis|p2a: Venusaur
|-heal|p2a: Venusaur|214\/339 par
|
|-damage|p1a: Nice try hacker|214\/684 psn|[from] psn
|turn|68
|
|move|p1a: Nice try hacker|Soft-Boiled|p1a: Nice try hacker
|-heal|p1a: Nice try hacker|556\/684 psn
|move|p2a: Venusaur|Giga Drain|p1a: Nice try hacker
|-damage|p1a: Nice try hacker|465\/684 psn
|-heal|p2a: Venusaur|260\/339 par|[from] drain|[of] p1a: Nice try hacker
|
|-damage|p1a: Nice try hacker|380\/684 psn|[from] psn
|turn|69
|
|move|p1a: Nice try hacker|Aromatherapy|p1a: Nice try hacker
|-cureteam|p1a: Nice try hacker|[from] move: Aromatherapy
|move|p2a: Venusaur|Giga Drain|p1a: Nice try hacker
|-damage|p1a: Nice try hacker|292\/684
|-heal|p2a: Venusaur|304\/339 par|[from] drain|[of] p1a: Nice try hacker
|
|turn|70
|
|move|p1a: Nice try hacker|Seismic Toss|p2a: Venusaur
|-damage|p2a: Venusaur|204\/339 par
|cant|p2a: Venusaur|par
|
|turn|71
|
|move|p1a: Nice try hacker|Seismic Toss|p2a: Venusaur
|-damage|p2a: Venusaur|104\/339 par
|cant|p2a: Venusaur|par
|
|turn|72
|
|move|p1a: Nice try hacker|Seismic Toss|p2a: Venusaur
|-damage|p2a: Venusaur|4\/339 par
|cant|p2a: Venusaur|par
|
|turn|73
|c| Rokaro|LOL
|c|âwish killer|justice
|c| Zenzoh|GG
|
|move|p1a: Nice try hacker|Seismic Toss|p2a: Venusaur
|-damage|p2a: Venusaur|0 fnt
|faint|p2a: Venusaur
|
|win|wish killer
|raw|Ladder updating...
|leave|ekanen
|c| Rokaro|GG
|raw|wish killer's rating: 1754 &rarr; <strong>1767<\/strong><br \/>(+13 for winning)
|raw|ekanen's rating: 1616 &rarr; <strong>1604<\/strong><br \/>(-12 for losing)
|player|p2
|leave|Rokaro
|leave|i came from leddit