|join|DGTP
|join|blablablab
|player|p1|DGTP|290
|player|p2|blablablab|265
|gametype|singles
|gen|6
|tier|OU (suspect test)
|rated
|clearpoke
|poke|p1|Landorus-Therian, M
|poke|p1|Rotom-Wash
|poke|p1|Metagross
|poke|p1|Heatran, M
|poke|p1|Latios, M
|poke|p1|Hawlucha, F
|poke|p2|Scizor, M
|poke|p2|Landorus-Therian, M
|poke|p2|Rotom-Wash
|poke|p2|Heatran, F
|poke|p2|Gengar, F
|poke|p2|Magnezone
|rule|Swagger Clause: Swagger is banned
|rule|Baton Pass Clause: Limit one PokÃ©mon knowing Baton Pass
|rule|Sleep Clause Mod: Limit one foe put to sleep
|rule|Species Clause: Limit one of each PokÃ©mon
|rule|OHKO Clause: OHKO moves are banned
|rule|Moody Clause: Moody is banned
|rule|Evasion Moves Clause: Evasion moves are banned
|rule|Endless Battle Clause: Forcing endless battles is banned
|rule|HP Percentage Mod: HP is shown in percentages
|teampreview
|
|start
|switch|p1a: Rotom-Wash|Rotom-Wash|303\/303
|switch|p2a: Landorus-Therian|Landorus-Therian, M|319\/319
|-ability|p2a: Landorus-Therian|Intimidate|[of] p1a: Rotom-Wash
|-unboost|p1a: Rotom-Wash|atk|1
|turn|1
|
|move|p2a: Landorus-Therian|U-turn|p1a: Rotom-Wash
|-damage|p1a: Rotom-Wash|237\/303
|
|switch|p2a: Magnezone|Magnezone|281\/281
|move|p1a: Rotom-Wash|Will-O-Wisp|p2a: Magnezone
|-status|p2a: Magnezone|brn
|
|-heal|p1a: Rotom-Wash|255\/303|[from] item: Leftovers
|-damage|p2a: Magnezone|246\/281 brn|[from] brn
|turn|2
|
|move|p1a: Rotom-Wash|Volt Switch|p2a: Magnezone
|-resisted|p2a: Magnezone
|-damage|p2a: Magnezone|201\/281 brn
|
|switch|p1a: Landorus-Therian|Landorus-Therian, M|319\/319
|-ability|p1a: Landorus-Therian|Intimidate|[of] p2a: Magnezone
|-unboost|p2a: Magnezone|atk|1
|move|p2a: Magnezone|Volt Switch|p1a: Landorus-Therian
|-immune|p1a: Landorus-Therian|[msg]
|
|-damage|p2a: Magnezone|166\/281 brn|[from] brn
|turn|3
|
|switch|p2a: Rotom-Wash|Rotom-Wash|304\/304
|move|p1a: Landorus-Therian|U-turn|p2a: Rotom-Wash
|-damage|p2a: Rotom-Wash|245\/304
|
|switch|p1a: Latios|Latios, M|301\/301
|
|-heal|p2a: Rotom-Wash|264\/304|[from] item: Leftovers
|turn|4
|
|move|p1a: Latios|Surf|p2a: Rotom-Wash
|-resisted|p2a: Rotom-Wash
|-damage|p2a: Rotom-Wash|193\/304
|-damage|p1a: Latios|271\/301|[from] item: Life Orb
|move|p2a: Rotom-Wash|Will-O-Wisp|p1a: Latios
|-status|p1a: Latios|brn
|
|-heal|p2a: Rotom-Wash|212\/304|[from] item: Leftovers
|-damage|p1a: Latios|234\/301 brn|[from] brn
|turn|5
|
|switch|p2a: Heatran|Heatran, F|386\/386
|move|p1a: Latios|Draco Meteor|p2a: Heatran
|-resisted|p2a: Heatran
|-damage|p2a: Heatran|281\/386
|-unboost|p1a: Latios|spa|2
|-damage|p1a: Latios|204\/301 brn|[from] item: Life Orb
|
|-heal|p2a: Heatran|305\/386|[from] item: Leftovers
|-damage|p1a: Latios|167\/301 brn|[from] brn
|turn|6
|
|switch|p1a: Hawlucha|Hawlucha, F|298\/298
|move|p2a: Heatran|Lava Plume|p1a: Hawlucha
|-damage|p1a: Hawlucha|118\/298
|-enditem|p1a: Hawlucha|Sitrus Berry|[eat]
|-heal|p1a: Hawlucha|192\/298|[from] item: Sitrus Berry
|
|-heal|p2a: Heatran|329\/386|[from] item: Leftovers
|turn|7
|
|switch|p2a: Landorus-Therian|Landorus-Therian, M|319\/319
|-ability|p2a: Landorus-Therian|Intimidate|[of] p1a: Hawlucha
|-unboost|p1a: Hawlucha|atk|1
|move|p1a: Hawlucha|Substitute|p1a: Hawlucha
|-start|p1a: Hawlucha|Substitute
|-damage|p1a: Hawlucha|118\/298
|
|turn|8
|
|move|p1a: Hawlucha|Swords Dance|p1a: Hawlucha
|-boost|p1a: Hawlucha|atk|2
|move|p2a: Landorus-Therian|Stone Edge|p1a: Hawlucha
|-end|p1a: Hawlucha|Substitute
|
|turn|9
|
|move|p1a: Hawlucha|Acrobatics|p2a: Landorus-Therian
|-damage|p2a: Landorus-Therian|22\/319
|move|p2a: Landorus-Therian|Stone Edge|p1a: Hawlucha
|-damage|p1a: Hawlucha|0 fnt
|faint|p1a: Hawlucha
|
|
|switch|p1a: Heatran|Heatran, M|385\/385
|turn|10
|
|move|p2a: Landorus-Therian|Stone Edge|p1a: Heatran
|-damage|p1a: Heatran|245\/385
|move|p1a: Heatran|Stealth Rock|p2a: Landorus-Therian
|-sidestart|p2: blablablab|move: Stealth Rock
|
|-heal|p1a: Heatran|269\/385|[from] item: Leftovers
|turn|11
|
|switch|p1a: Metagross|Metagross|301\/301
|move|p2a: Landorus-Therian|Stone Edge|p1a: Metagross
|-crit|p1a: Metagross
|-resisted|p1a: Metagross
|-damage|p1a: Metagross|223\/301
|
|turn|12
|
|detailschange|p1a: Metagross|Metagross-Mega
|-mega|p1a: Metagross|Metagross|Metagrossite
|move|p2a: Landorus-Therian|Stone Edge|p1a: Metagross
|-resisted|p1a: Metagross
|-damage|p1a: Metagross|173\/301
|move|p1a: Metagross|Zen Headbutt|p2a: Landorus-Therian|[miss]
|-miss|p1a: Metagross|p2a: Landorus-Therian
|
|turn|13
|
|move|p2a: Landorus-Therian|Stone Edge|p1a: Metagross
|-crit|p1a: Metagross
|-resisted|p1a: Metagross
|-damage|p1a: Metagross|93\/301
|move|p1a: Metagross|Zen Headbutt|p2a: Landorus-Therian
|-damage|p2a: Landorus-Therian|0 fnt
|faint|p2a: Landorus-Therian
|
|
|switch|p2a: Scizor|Scizor, M|282\/282
|-damage|p2a: Scizor|247\/282|[from] Stealth Rock
|turn|14
|
|move|p1a: Metagross|Earthquake|p2a: Scizor
|-damage|p2a: Scizor|117\/282
|move|p2a: Scizor|U-turn|p1a: Metagross
|-damage|p1a: Metagross|0 fnt
|faint|p1a: Metagross
|c|âDGTP|lol
|
|switch|p2a: Rotom-Wash|Rotom-Wash|212\/304
|-damage|p2a: Rotom-Wash|174\/304|[from] Stealth Rock
|
|-heal|p2a: Rotom-Wash|193\/304|[from] item: Leftovers
|
|switch|p1a: Latios|Latios, M|167\/301 brn
|turn|15
|
|switch|p2a: Heatran|Heatran, F|329\/386
|-damage|p2a: Heatran|281\/386|[from] Stealth Rock
|move|p1a: Latios|Draco Meteor|p2a: Heatran|[miss]
|-miss|p1a: Latios|p2a: Heatran
|
|-heal|p2a: Heatran|305\/386|[from] item: Leftovers
|-damage|p1a: Latios|130\/301 brn|[from] brn
|turn|16
|
|move|p1a: Latios|Surf|p2a: Heatran
|-supereffective|p2a: Heatran
|-damage|p2a: Heatran|123\/386
|-damage|p1a: Latios|100\/301 brn|[from] item: Life Orb
|move|p2a: Heatran|Stealth Rock|p1a: Latios
|-sidestart|p1: DGTP|move: Stealth Rock
|
|-heal|p2a: Heatran|147\/386|[from] item: Leftovers
|-damage|p1a: Latios|63\/301 brn|[from] brn
|turn|17
|c|âblablablab|lol showdown is so laggy
|
|move|p2a: Heatran|Protect|p2a: Heatran
|-singleturn|p2a: Heatran|Protect
|move|p1a: Latios|Draco Meteor|p2a: Heatran
|-activate|p2a: Heatran|Protect
|
|-heal|p2a: Heatran|171\/386|[from] item: Leftovers
|-damage|p1a: Latios|26\/301 brn|[from] brn
|turn|18
|
|move|p1a: Latios|Surf|p2a: Heatran
|-supereffective|p2a: Heatran
|-damage|p2a: Heatran|0 fnt
|-damage|p1a: Latios|0 fnt|[from] item: Life Orb
|faint|p2a: Heatran
|faint|p1a: Latios
|
|
|switch|p1a: Rotom-Wash|Rotom-Wash|255\/303
|switch|p2a: Magnezone|Magnezone|166\/281 brn
|-damage|p1a: Rotom-Wash|218\/303|[from] Stealth Rock
|-damage|p2a: Magnezone|149\/281 brn|[from] Stealth Rock
|turn|19
|
|move|p1a: Rotom-Wash|Hydro Pump|p2a: Magnezone
|-damage|p2a: Magnezone|5\/281 brn
|move|p2a: Magnezone|Flash Cannon|p1a: Rotom-Wash
|-resisted|p1a: Rotom-Wash
|-damage|p1a: Rotom-Wash|160\/303
|-unboost|p1a: Rotom-Wash|spd|1
|
|-heal|p1a: Rotom-Wash|178\/303|[from] item: Leftovers
|-damage|p2a: Magnezone|0 fnt|[from] brn
|faint|p2a: Magnezone
|
|switch|p2a: Gengar|Gengar, F|262\/262
|-damage|p2a: Gengar|230\/262|[from] Stealth Rock
|turn|20
|
|move|p2a: Gengar|Sludge Bomb|p1a: Rotom-Wash
|-damage|p1a: Rotom-Wash|0 fnt
|-damage|p2a: Gengar|204\/262|[from] item: Life Orb
|faint|p1a: Rotom-Wash
|
|
|switch|p1a: Heatran|Heatran, M|269\/385
|-damage|p1a: Heatran|221\/385|[from] Stealth Rock
|turn|21
|c|âDGTP|dam PS
|leave|blablablab
|
|move|p2a: Gengar|Focus Blast|p1a: Heatran|[miss]
|-miss|p2a: Gengar|p1a: Heatran
|move|p1a: Heatran|Lava Plume|p2a: Gengar
|-damage|p2a: Gengar|62\/262
|-status|p2a: Gengar|brn
|
|-heal|p1a: Heatran|245\/385|[from] item: Leftovers
|-damage|p2a: Gengar|30\/262 brn|[from] brn
|turn|22
|player|p2
|-message|blablablab lost due to inactivity.
|
|win|DGTP
|raw|Ladder updating...