|join|pokemonisfun
|join|specs P2
|player|p1|pokemonisfun|184
|player|p2|specs P2|161
|gametype|singles
|gen|6
|tier|UU
|rated
|rule|Sleep Clause Mod: Limit one foe put to sleep
|rule|Species Clause: Limit one of each PokÃ©mon
|rule|OHKO Clause: OHKO moves are banned
|rule|Moody Clause: Moody is banned
|rule|Evasion Moves Clause: Evasion moves are banned
|rule|Endless Battle Clause: Forcing endless battles is banned
|rule|HP Percentage Mod: HP is shown in percentages
|clearpoke
|poke|p1|Blissey, F
|poke|p1|Swampert, M
|poke|p1|Granbull, M
|poke|p1|Alomomola, M
|poke|p1|Crobat, M
|poke|p1|Celebi
|poke|p2|Beedrill, F
|poke|p2|Entei, shiny
|poke|p2|Starmie
|poke|p2|Hydreigon, M
|poke|p2|Mienshao, F
|poke|p2|Nidoqueen, F
|rule|Swagger Clause: Swagger is banned
|rule|Baton Pass Clause: Limit one PokÃ©mon knowing Baton Pass
|teampreview
|
|start
|switch|p1a: bubblsy bubbles|Swampert, M|404\/404
|switch|p2a: Nidoqueen|Nidoqueen, F|353\/353
|turn|1
|
|detailschange|p1a: bubblsy bubbles|Swampert-Mega, M
|-mega|p1a: bubblsy bubbles|Swampert|Swampertite
|move|p2a: Nidoqueen|Stealth Rock|p1a: bubblsy bubbles
|-sidestart|p1: pokemonisfun|move: Stealth Rock
|move|p1a: bubblsy bubbles|Earthquake|p2a: Nidoqueen
|-supereffective|p2a: Nidoqueen
|-damage|p2a: Nidoqueen|0 fnt
|faint|p2a: Nidoqueen
|
|
|switch|p2a: Beedrill|Beedrill, F|271\/271
|turn|2
|
|detailschange|p2a: Beedrill|Beedrill-Mega, F
|-mega|p2a: Beedrill|Beedrill|Beedrillite
|move|p2a: Beedrill|U-turn|p1a: bubblsy bubbles
|-damage|p1a: bubblsy bubbles|222\/404
|
|switch|p2a: Hydreigon|Hydreigon, M|325\/325
|move|p1a: bubblsy bubbles|Scald|p2a: Hydreigon
|-resisted|p2a: Hydreigon
|-damage|p2a: Hydreigon|276\/325
|
|turn|3
|
|move|p2a: Hydreigon|Draco Meteor|p1a: bubblsy bubbles|[miss]
|-miss|p2a: Hydreigon|p1a: bubblsy bubbles
|move|p1a: bubblsy bubbles|Rest|p1a: bubblsy bubbles
|-status|p1a: bubblsy bubbles|slp
|-heal|p1a: bubblsy bubbles|404\/404 slp|[silent]
|-status|p1a: bubblsy bubbles|slp|[from] move: Rest
|
|turn|4
|
|move|p2a: Hydreigon|Dark Pulse|p1a: bubblsy bubbles
|-damage|p1a: bubblsy bubbles|286\/404 slp
|-damage|p2a: Hydreigon|244\/325|[from] item: Life Orb
|cant|p1a: bubblsy bubbles|slp
|move|p1a: bubblsy bubbles|Sleep Talk|p1a: bubblsy bubbles
|move|p1a: bubblsy bubbles|Earthquake|p2a: Hydreigon|[from]Sleep Talk
|-immune|p2a: Hydreigon|[msg]
|
|turn|5
|
|move|p2a: Hydreigon|Draco Meteor|p1a: bubblsy bubbles
|-damage|p1a: bubblsy bubbles|94\/404 slp
|-unboost|p2a: Hydreigon|spa|2
|-damage|p2a: Hydreigon|212\/325|[from] item: Life Orb
|cant|p1a: bubblsy bubbles|slp
|move|p1a: bubblsy bubbles|Sleep Talk|p1a: bubblsy bubbles
|move|p1a: bubblsy bubbles|Rest|p1a: bubblsy bubbles|[from]Sleep Talk
|-fail|p1a: bubblsy bubbles
|
|turn|6
|
|move|p2a: Hydreigon|Superpower|p1a: bubblsy bubbles
|-damage|p1a: bubblsy bubbles|0 fnt
|-unboost|p2a: Hydreigon|atk|1
|-unboost|p2a: Hydreigon|def|1
|-damage|p2a: Hydreigon|180\/325|[from] item: Life Orb
|faint|p1a: bubblsy bubbles
|
|
|switch|p1a: batsy watzy|Crobat, M|373\/373
|-damage|p1a: batsy watzy|280\/373|[from] Stealth Rock
|turn|7
|join|IH8SomePpl
|
|move|p1a: batsy watzy|Defog|p2a: Hydreigon
|-unboost|p2a: Hydreigon|evasion|1
|-sideend|p1: pokemonisfun|Stealth Rock|[from] move: Defog|[of] p1a: batsy watzy
|move|p2a: Hydreigon|Draco Meteor|p1a: batsy watzy
|-damage|p1a: batsy watzy|107\/373
|-unboost|p2a: Hydreigon|spa|2
|-damage|p2a: Hydreigon|148\/325|[from] item: Life Orb
|
|-heal|p1a: batsy watzy|130\/373|[from] item: Black Sludge
|turn|8
|
|switch|p2a: Starmie|Starmie|261\/261
|move|p1a: batsy watzy|Brave Bird|p2a: Starmie
|-damage|p2a: Starmie|117\/261
|-damage|p1a: batsy watzy|82\/373|[from] recoil|[of] p2a: Starmie
|
|-heal|p1a: batsy watzy|105\/373|[from] item: Black Sludge
|turn|9
|
|switch|p2a: Entei|Entei, shiny|371\/371
|-ability|p2a: Entei|Pressure
|move|p1a: batsy watzy|Brave Bird|p2a: Entei
|-damage|p2a: Entei|211\/371
|-damage|p1a: batsy watzy|52\/373|[from] recoil|[of] p2a: Entei
|
|-heal|p1a: batsy watzy|75\/373|[from] item: Black Sludge
|turn|10
|
|switch|p1a: swimmy swim|Alomomola, M|471\/471
|move|p2a: Entei|Extreme Speed|p1a: swimmy swim
|-damage|p1a: swimmy swim|396\/471
|
|-heal|p1a: swimmy swim|425\/471|[from] item: Leftovers
|turn|11
|
|switch|p2a: Hydreigon|Hydreigon, M|148\/325
|move|p1a: swimmy swim|Toxic|p2a: Hydreigon
|-status|p2a: Hydreigon|tox
|
|-heal|p1a: swimmy swim|454\/471|[from] item: Leftovers
|-damage|p2a: Hydreigon|128\/325 tox|[from] psn
|turn|12
|
|switch|p1a: Mega Chansey|Blissey, F|656\/656
|move|p2a: Hydreigon|Roost|p2a: Hydreigon
|-heal|p2a: Hydreigon|291\/325 tox
|
|-damage|p2a: Hydreigon|251\/325 tox|[from] psn
|turn|13
|
|switch|p2a: Entei|Entei, shiny|211\/371
|-ability|p2a: Entei|Pressure
|switch|p1a: woofy woof woof|Granbull, M|384\/384
|-ability|p1a: woofy woof woof|Intimidate|[of] p2a: Entei
|-unboost|p2a: Entei|atk|1
|
|turn|14
|
|switch|p1a: Mega Chansey|Blissey, F|656\/656
|move|p2a: Entei|Sacred Fire|p1a: Mega Chansey
|-damage|p1a: Mega Chansey|403\/656
|-status|p1a: Mega Chansey|brn
|
|-heal|p1a: Mega Chansey|444\/656 brn|[from] item: Leftovers
|-damage|p1a: Mega Chansey|362\/656 brn|[from] brn
|turn|15
|
|move|p2a: Entei|Sacred Fire|p1a: Mega Chansey
|-damage|p1a: Mega Chansey|127\/656 brn
|move|p1a: Mega Chansey|Soft-Boiled|p1a: Mega Chansey
|-heal|p1a: Mega Chansey|455\/656 brn
|
|-heal|p1a: Mega Chansey|496\/656 brn|[from] item: Leftovers
|-damage|p1a: Mega Chansey|414\/656 brn|[from] brn
|turn|16
|
|switch|p1a: swimmy swim|Alomomola, M|471\/471
|move|p2a: Entei|Sacred Fire|p1a: swimmy swim
|-resisted|p1a: swimmy swim
|-damage|p1a: swimmy swim|422\/471
|
|-heal|p1a: swimmy swim|451\/471|[from] item: Leftovers
|turn|17
|
|switch|p2a: Hydreigon|Hydreigon, M|251\/325 tox
|move|p1a: swimmy swim|Toxic|p2a: Hydreigon
|-fail|p2a: Hydreigon|tox
|
|-heal|p1a: swimmy swim|471\/471|[from] item: Leftovers
|-damage|p2a: Hydreigon|231\/325 tox|[from] psn
|turn|18
|
|switch|p2a: Beedrill|Beedrill-Mega, F|271\/271
|move|p1a: swimmy swim|Protect|p1a: swimmy swim
|-fail|p1a: swimmy swim
|
|turn|19
|
|move|p2a: Beedrill|U-turn|p1a: swimmy swim
|-damage|p1a: swimmy swim|305\/471
|
|switch|p2a: Starmie|Starmie|117\/261
|move|p1a: swimmy swim|Scald|p2a: Starmie
|-resisted|p2a: Starmie
|-damage|p2a: Starmie|91\/261
|
|-heal|p1a: swimmy swim|334\/471|[from] item: Leftovers
|turn|20
|
|switch|p1a: onion fairy god|Celebi|396\/396
|move|p2a: Starmie|Thunderbolt|p1a: onion fairy god
|-resisted|p1a: onion fairy god
|-damage|p1a: onion fairy god|326\/396
|-damage|p2a: Starmie|65\/261|[from] item: Life Orb
|
|-heal|p1a: onion fairy god|350\/396|[from] item: Leftovers
|turn|21
|
|switch|p2a: Entei|Entei, shiny|211\/371
|-ability|p2a: Entei|Pressure
|move|p1a: onion fairy god|Stealth Rock|p2a: Entei
|-sidestart|p2: specs P2|move: Stealth Rock
|
|-heal|p1a: onion fairy god|374\/396|[from] item: Leftovers
|turn|22
|
|switch|p1a: woofy woof woof|Granbull, M|384\/384
|-ability|p1a: woofy woof woof|Intimidate|[of] p2a: Entei
|-unboost|p2a: Entei|atk|1
|switch|p2a: Starmie|Starmie|65\/261
|-damage|p2a: Starmie|33\/261|[from] Stealth Rock
|
|turn|23
|
|switch|p1a: onion fairy god|Celebi|374\/396
|move|p2a: Starmie|Rapid Spin|p1a: onion fairy god
|-damage|p1a: onion fairy god|360\/396
|-sideend|p2: specs P2|Stealth Rock|[from] move: Rapid Spin|[of] p2a: Starmie
|-damage|p2a: Starmie|7\/261|[from] item: Life Orb
|
|-heal|p1a: onion fairy god|384\/396|[from] item: Leftovers
|turn|24
|
|move|p2a: Starmie|Ice Beam|p1a: onion fairy god
|-supereffective|p1a: onion fairy god
|-damage|p1a: onion fairy god|142\/396
|-damage|p2a: Starmie|0 fnt|[from] item: Life Orb
|faint|p2a: Starmie
|move|p1a: onion fairy god|Stealth Rock|p2: Starmie
|-sidestart|p2: specs P2|move: Stealth Rock
|
|-heal|p1a: onion fairy god|166\/396|[from] item: Leftovers
|
|switch|p2a: Beedrill|Beedrill-Mega, F|271\/271
|-damage|p2a: Beedrill|204\/271|[from] Stealth Rock
|turn|25
|
|move|p2a: Beedrill|Poison Jab|p1a: onion fairy god
|-supereffective|p1a: onion fairy god
|-damage|p1a: onion fairy god|0 fnt
|faint|p1a: onion fairy god
|
|
|switch|p1a: swimmy swim|Alomomola, M|471\/471
|turn|26
|
|move|p2a: Beedrill|U-turn|p1a: swimmy swim
|-damage|p1a: swimmy swim|299\/471
|
|switch|p2a: Hydreigon|Hydreigon, M|231\/325 tox
|-damage|p2a: Hydreigon|191\/325 tox|[from] Stealth Rock
|move|p1a: swimmy swim|Scald|p2a: Hydreigon
|-resisted|p2a: Hydreigon
|-damage|p2a: Hydreigon|166\/325 tox
|
|-heal|p1a: swimmy swim|328\/471|[from] item: Leftovers
|-damage|p2a: Hydreigon|146\/325 tox|[from] psn
|turn|27
|
|switch|p1a: woofy woof woof|Granbull, M|384\/384
|-ability|p1a: woofy woof woof|Intimidate|[of] p2a: Hydreigon
|-unboost|p2a: Hydreigon|atk|1
|move|p2a: Hydreigon|Roost|p2a: Hydreigon
|-heal|p2a: Hydreigon|309\/325 tox
|
|-damage|p2a: Hydreigon|269\/325 tox|[from] psn
|turn|28
|
|switch|p2a: Entei|Entei, shiny|211\/371
|-damage|p2a: Entei|119\/371|[from] Stealth Rock
|-ability|p2a: Entei|Pressure
|move|p1a: woofy woof woof|Play Rough|p2a: Entei
|-resisted|p2a: Entei
|-damage|p2a: Entei|49\/371
|
|turn|29
|
|move|p2a: Entei|Sacred Fire|p1a: woofy woof woof|[miss]
|-miss|p2a: Entei|p1a: woofy woof woof
|move|p1a: woofy woof woof|Play Rough|p2a: Entei
|-resisted|p2a: Entei
|-damage|p2a: Entei|0 fnt
|faint|p2a: Entei
|
|c|âspecs P2|5% chance
|c|âspecs P2|again...
|
|switch|p2a: Beedrill|Beedrill-Mega, F|204\/271
|-damage|p2a: Beedrill|137\/271|[from] Stealth Rock
|turn|30
|
|switch|p1a: Mega Chansey|Blissey, F|414\/656
|move|p2a: Beedrill|Poison Jab|p1a: Mega Chansey
|-damage|p1a: Mega Chansey|0 fnt
|faint|p1a: Mega Chansey
|
|
|switch|p1a: swimmy swim|Alomomola, M|471\/471
|turn|31
|
|move|p2a: Beedrill|U-turn|p1a: swimmy swim
|-damage|p1a: swimmy swim|295\/471
|
|switch|p2a: Hydreigon|Hydreigon, M|269\/325 tox
|-damage|p2a: Hydreigon|229\/325 tox|[from] Stealth Rock
|move|p1a: swimmy swim|Scald|p2a: Hydreigon
|-resisted|p2a: Hydreigon
|-damage|p2a: Hydreigon|202\/325 tox
|
|-heal|p1a: swimmy swim|324\/471|[from] item: Leftovers
|-damage|p2a: Hydreigon|182\/325 tox|[from] psn
|turn|32
|
|switch|p1a: woofy woof woof|Granbull, M|384\/384
|-ability|p1a: woofy woof woof|Intimidate|[of] p2a: Hydreigon
|-unboost|p2a: Hydreigon|atk|1
|move|p2a: Hydreigon|Dark Pulse|p1a: woofy woof woof
|-resisted|p1a: woofy woof woof
|-damage|p1a: woofy woof woof|231\/384
|-damage|p2a: Hydreigon|150\/325 tox|[from] item: Life Orb
|
|-heal|p1a: woofy woof woof|255\/384|[from] item: Leftovers
|-damage|p2a: Hydreigon|110\/325 tox|[from] psn
|turn|33
|
|switch|p2a: Mienshao|Mienshao, F|271\/271
|-damage|p2a: Mienshao|255\/271|[from] Stealth Rock
|move|p1a: woofy woof woof|Play Rough|p2a: Mienshao
|-supereffective|p2a: Mienshao
|-damage|p2a: Mienshao|0 fnt
|faint|p2a: Mienshao
|
|-heal|p1a: woofy woof woof|279\/384|[from] item: Leftovers
|
|switch|p2a: Beedrill|Beedrill-Mega, F|137\/271
|-damage|p2a: Beedrill|70\/271|[from] Stealth Rock
|turn|34
|
|switch|p1a: batsy watzy|Crobat, M|75\/373
|move|p2a: Beedrill|Poison Jab|p1a: batsy watzy
|-resisted|p1a: batsy watzy
|-damage|p1a: batsy watzy|0 fnt
|faint|p1a: batsy watzy
|
|
|switch|p1a: swimmy swim|Alomomola, M|471\/471
|turn|35
|
|move|p2a: Beedrill|U-turn|p1a: swimmy swim
|-damage|p1a: swimmy swim|313\/471
|
|switch|p2a: Hydreigon|Hydreigon, M|110\/325 tox
|-damage|p2a: Hydreigon|70\/325 tox|[from] Stealth Rock
|move|p1a: swimmy swim|Scald|p2a: Hydreigon
|-crit|p2a: Hydreigon
|-resisted|p2a: Hydreigon
|-damage|p2a: Hydreigon|28\/325 tox
|
|-heal|p1a: swimmy swim|342\/471|[from] item: Leftovers
|-damage|p2a: Hydreigon|8\/325 tox|[from] psn
|turn|36
|
|switch|p1a: woofy woof woof|Granbull, M|279\/384
|-ability|p1a: woofy woof woof|Intimidate|[of] p2a: Hydreigon
|-unboost|p2a: Hydreigon|atk|1
|move|p2a: Hydreigon|Roost|p2a: Hydreigon
|-heal|p2a: Hydreigon|171\/325 tox
|
|-heal|p1a: woofy woof woof|303\/384|[from] item: Leftovers
|-damage|p2a: Hydreigon|131\/325 tox|[from] psn
|turn|37
|
|switch|p2a: Beedrill|Beedrill-Mega, F|70\/271
|-damage|p2a: Beedrill|3\/271|[from] Stealth Rock
|move|p1a: woofy woof woof|Play Rough|p2a: Beedrill
|-resisted|p2a: Beedrill
|-damage|p2a: Beedrill|0 fnt
|faint|p2a: Beedrill
|
|-heal|p1a: woofy woof woof|327\/384|[from] item: Leftovers
|c|âspecs P2|of course it never misses gg
|-message|specs P2 forfeited.
|leave|specs P2
|
|win|pokemonisfun
|raw|Ladder updating...
|player|p2
|raw|pokemonisfun's rating: 1668 &rarr; <strong>1680<\/strong><br \/>(+12 for winning)
|raw|specs P2's rating: 1517 &rarr; <strong>1506<\/strong><br \/>(-11 for losing)