|join|ULT Hogg
|join|specs P2
|player|p1|ULT Hogg|125
|player|p2|specs P2|161
|gametype|singles
|gen|6
|tier|UU
|rated
|rule|Sleep Clause Mod: Limit one foe put to sleep
|rule|Species Clause: Limit one of each PokÃ©mon
|rule|OHKO Clause: OHKO moves are banned
|rule|Moody Clause: Moody is banned
|rule|Evasion Moves Clause: Evasion moves are banned
|rule|Endless Battle Clause: Forcing endless battles is banned
|rule|HP Percentage Mod: HP is shown in percentages
|clearpoke
|poke|p1|Kyurem
|poke|p1|Tentacruel, M
|poke|p1|Florges, F
|poke|p1|Ferroseed, F
|poke|p1|Aerodactyl, F
|poke|p1|Shedinja
|poke|p2|Jirachi
|poke|p2|Entei, shiny
|poke|p2|Starmie
|poke|p2|Hydreigon, M
|poke|p2|Medicham, F
|poke|p2|Nidoqueen, F
|rule|Swagger Clause: Swagger is banned
|rule|Baton Pass Clause: Limit one PokÃ©mon knowing Baton Pass
|teampreview
|
|start
|switch|p1a: Aerodactyl|Aerodactyl, F|363\/363
|switch|p2a: Jirachi|Jirachi|341\/341
|-ability|p1a: Aerodactyl|Pressure
|turn|1
|
|switch|p1a: Shedinja|Shedinja|1\/1
|move|p2a: Jirachi|U-turn|p1a: Shedinja
|-activate|p1a: Shedinja|ability: Wonder Guard
|
|turn|2
|
|switch|p2a: Entei|Entei, shiny|371\/371
|-ability|p2a: Entei|Pressure
|switch|p1a: Aerodactyl|Aerodactyl, F|363\/363
|-ability|p1a: Aerodactyl|Pressure
|
|turn|3
|
|switch|p2a: Jirachi|Jirachi|341\/341
|detailschange|p1a: Aerodactyl|Aerodactyl-Mega, F
|-mega|p1a: Aerodactyl|Aerodactyl|Aerodactylite
|move|p1a: Aerodactyl|Aerial Ace|p2a: Jirachi
|-resisted|p2a: Jirachi
|-damage|p2a: Jirachi|275\/341
|
|turn|4
|
|switch|p1a: Tentacruel|Tentacruel, M|352\/352
|move|p2a: Jirachi|U-turn|p1a: Tentacruel
|-resisted|p1a: Tentacruel
|-damage|p1a: Tentacruel|322\/352
|
|switch|p2a: Medicham|Medicham, F|261\/261
|
|-heal|p1a: Tentacruel|344\/352|[from] item: Black Sludge
|turn|5
|
|switch|p2a: Nidoqueen|Nidoqueen, F|350\/350
|switch|p1a: Shedinja|Shedinja|1\/1
|
|turn|6
|
|move|p2a: Nidoqueen|Stealth Rock|p1a: Shedinja
|-sidestart|p1: ULT Hogg|move: Stealth Rock
|move|p1a: Shedinja|Will-O-Wisp|p2a: Nidoqueen
|-status|p2a: Nidoqueen|brn
|
|-damage|p2a: Nidoqueen|307\/350 brn|[from] brn
|turn|7
|
|switch|p1a: Aerodactyl|Aerodactyl-Mega, F|363\/363
|-damage|p1a: Aerodactyl|273\/363|[from] Stealth Rock
|move|p2a: Nidoqueen|Earth Power|p1a: Aerodactyl
|-immune|p1a: Aerodactyl|[msg]
|
|-damage|p2a: Nidoqueen|264\/350 brn|[from] brn
|turn|8
|
|switch|p2a: Jirachi|Jirachi|275\/341
|move|p1a: Aerodactyl|Defog|p2a: Jirachi
|-unboost|p2a: Jirachi|evasion|1
|-sideend|p1: ULT Hogg|Stealth Rock|[from] move: Defog|[of] p1a: Aerodactyl
|
|turn|9
|
|switch|p1a: Shedinja|Shedinja|1\/1
|move|p2a: Jirachi|Fire Punch|p1a: Shedinja
|-supereffective|p1a: Shedinja
|-enditem|p1a: Shedinja|Focus Sash
|-damage|p1a: Shedinja|1\/1
|
|turn|10
|
|switch|p1a: Tentacruel|Tentacruel, M|344\/352
|move|p2a: Jirachi|Fire Punch|p1a: Tentacruel
|-resisted|p1a: Tentacruel
|-damage|p1a: Tentacruel|312\/352
|
|-heal|p1a: Tentacruel|334\/352|[from] item: Black Sludge
|turn|11
|
|switch|p2a: Hydreigon|Hydreigon, M|325\/325
|move|p1a: Tentacruel|Scald|p2a: Hydreigon
|-resisted|p2a: Hydreigon
|-damage|p2a: Hydreigon|281\/325
|
|-heal|p1a: Tentacruel|352\/352|[from] item: Black Sludge
|turn|12
|
|switch|p1a: Florges|Florges, F|360\/360
|move|p2a: Hydreigon|Draco Meteor|p1a: Florges
|-immune|p1a: Florges|[msg]
|
|turn|13
|
|switch|p2a: Entei|Entei, shiny|371\/371
|-ability|p2a: Entei|Pressure
|switch|p1a: Kyurem|Kyurem|405\/405
|-ability|p1a: Kyurem|Pressure
|
|turn|14
|
|move|p1a: Kyurem|Substitute|p1a: Kyurem
|-start|p1a: Kyurem|Substitute
|-damage|p1a: Kyurem|304\/405
|move|p2a: Entei|Sacred Fire|p1a: Kyurem
|-end|p1a: Kyurem|Substitute
|
|-heal|p1a: Kyurem|329\/405|[from] item: Leftovers
|turn|15
|
|move|p1a: Kyurem|Substitute|p1a: Kyurem
|-start|p1a: Kyurem|Substitute
|-damage|p1a: Kyurem|228\/405
|move|p2a: Entei|Bulldoze|p1a: Kyurem
|-activate|p1a: Kyurem|Substitute|[damage]
|
|-heal|p1a: Kyurem|253\/405|[from] item: Leftovers
|turn|16
|
|move|p2a: Entei|Bulldoze|p1a: Kyurem
|-end|p1a: Kyurem|Substitute
|move|p1a: Kyurem|Dragon Tail|p2a: Entei
|-damage|p2a: Entei|281\/371
|drag|p2a: Nidoqueen|Nidoqueen, F|264\/350 brn
|
|-heal|p1a: Kyurem|278\/405|[from] item: Leftovers
|-damage|p2a: Nidoqueen|221\/350 brn|[from] brn
|turn|17
|
|switch|p2a: Jirachi|Jirachi|275\/341
|move|p1a: Kyurem|Ice Beam|p2a: Jirachi
|-resisted|p2a: Jirachi
|-damage|p2a: Jirachi|192\/341
|
|-heal|p1a: Kyurem|303\/405|[from] item: Leftovers
|turn|18
|
|switch|p1a: Ferroseed|Ferroseed, F|292\/292
|move|p2a: Jirachi|Fire Punch|p1a: Ferroseed
|-supereffective|p1a: Ferroseed
|-damage|p1a: Ferroseed|148\/292
|-damage|p2a: Jirachi|150\/341|[from] ability: Iron Barbs|[of] p1a: Ferroseed
|
|turn|19
|
|move|p2a: Jirachi|Fire Punch|p1a: Ferroseed
|-supereffective|p1a: Ferroseed
|-damage|p1a: Ferroseed|0 fnt
|-damage|p2a: Jirachi|108\/341|[from] ability: Iron Barbs|[of] p1a: Ferroseed
|faint|p1a: Ferroseed
|
|
|switch|p1a: Tentacruel|Tentacruel, M|352\/352
|turn|20
|
|switch|p2a: Starmie|Starmie|261\/261
|move|p1a: Tentacruel|Knock Off|p2a: Starmie
|-supereffective|p2a: Starmie
|-damage|p2a: Starmie|135\/261
|-enditem|p2a: Starmie|Life Orb|[from] move: Knock Off|[of] p1a: Tentacruel
|
|turn|21
|
|switch|p1a: Shedinja|Shedinja|1\/1
|move|p2a: Starmie|Psyshock|p1a: Shedinja
|-activate|p1a: Shedinja|ability: Wonder Guard
|
|turn|22
|
|switch|p2a: Hydreigon|Hydreigon, M|281\/325
|move|p1a: Shedinja|X-Scissor|p2a: Hydreigon
|-supereffective|p2a: Hydreigon
|-damage|p2a: Hydreigon|5\/325
|
|turn|23
|
|switch|p2a: Entei|Entei, shiny|281\/371
|-ability|p2a: Entei|Pressure
|switch|p1a: Florges|Florges, F|360\/360
|
|turn|24
|
|switch|p1a: Aerodactyl|Aerodactyl-Mega, F|273\/363
|move|p2a: Entei|Sacred Fire|p1a: Aerodactyl
|-resisted|p1a: Aerodactyl
|-damage|p1a: Aerodactyl|180\/363
|
|turn|25
|c|âspecs P2|1 burn pls
|c|âULT Hogg|this is the first time sacred fire has actually hit something
|c|âULT Hogg|so it's even odds that it wouldn't burn
|c|âULT Hogg|every other time it only hit a sub
|c|âspecs P2|im counting with fire punch
|
|switch|p2a: Medicham|Medicham, F|261\/261
|move|p1a: Aerodactyl|Roost|p1a: Aerodactyl
|-heal|p1a: Aerodactyl|362\/363
|
|turn|26
|
|switch|p2a: Hydreigon|Hydreigon, M|5\/325
|move|p1a: Aerodactyl|Aerial Ace|p2a: Hydreigon
|-damage|p2a: Hydreigon|0 fnt
|faint|p2a: Hydreigon
|
|
|switch|p2a: Jirachi|Jirachi|108\/341
|turn|27
|
|switch|p1a: Tentacruel|Tentacruel, M|352\/352
|move|p2a: Jirachi|Iron Head|p1a: Tentacruel
|-resisted|p1a: Tentacruel
|-damage|p1a: Tentacruel|292\/352
|
|-heal|p1a: Tentacruel|314\/352|[from] item: Black Sludge
|turn|28
|
|switch|p2a: Starmie|Starmie|135\/261
|move|p1a: Tentacruel|Scald|p2a: Starmie
|-resisted|p2a: Starmie
|-damage|p2a: Starmie|88\/261
|-status|p2a: Starmie|brn
|
|-heal|p1a: Tentacruel|336\/352|[from] item: Black Sludge
|-damage|p2a: Starmie|56\/261 brn|[from] brn
|turn|29
|c|âULT Hogg|hey, there's a burn for you
|c|âspecs P2|thx
|c|âULT Hogg|(sorry, couldn't resist)
|
|switch|p2a: Entei|Entei, shiny|281\/371
|-ability|p2a: Entei|Pressure
|switch|p1a: Shedinja|Shedinja|1\/1
|
|turn|30
|
|switch|p1a: Aerodactyl|Aerodactyl-Mega, F|362\/363
|move|p2a: Entei|Stone Edge|p1a: Aerodactyl|[miss]
|-miss|p2a: Entei|p1a: Aerodactyl
|
|turn|31
|c|âULT Hogg|.....
|c|âULT Hogg|sorry
|c|âspecs P2|lol u cant count in 40 and 50% chances but 20% always 4 sure
|c|âULT Hogg|fire punch is only 20%, but yeah, I know what you mean
|
|switch|p2a: Starmie|Starmie|56\/261 brn
|move|p1a: Aerodactyl|Aerial Ace|p2a: Starmie
|-damage|p2a: Starmie|0 fnt
|faint|p2a: Starmie
|
|c|âspecs P2|serene grace
|c|âULT Hogg|somehow I see scald burn more than sacred fire
|c|âULT Hogg|fire punch is 10% normally, isn't it?
|c|âspecs P2|oh nvm
|c|âspecs P2|it is
|
|switch|p2a: Jirachi|Jirachi|108\/341
|turn|32
|
|switch|p1a: Tentacruel|Tentacruel, M|336\/352
|move|p2a: Jirachi|U-turn|p1a: Tentacruel
|-resisted|p1a: Tentacruel
|-damage|p1a: Tentacruel|301\/352
|
|switch|p2a: Nidoqueen|Nidoqueen, F|221\/350 brn
|
|-heal|p1a: Tentacruel|323\/352|[from] item: Black Sludge
|-damage|p2a: Nidoqueen|178\/350 brn|[from] brn
|turn|33
|
|switch|p1a: Aerodactyl|Aerodactyl-Mega, F|362\/363
|move|p2a: Nidoqueen|Ice Beam|p1a: Aerodactyl
|-supereffective|p1a: Aerodactyl
|-damage|p1a: Aerodactyl|73\/363
|
|-damage|p2a: Nidoqueen|135\/350 brn|[from] brn
|turn|34
|join|ULT BiG BiRD
|
|move|p1a: Aerodactyl|Aerial Ace|p2a: Nidoqueen
|-damage|p2a: Nidoqueen|0 fnt
|faint|p2a: Nidoqueen
|
|
|switch|p2a: Medicham|Medicham, F|261\/261
|turn|35
|
|switch|p1a: Shedinja|Shedinja|1\/1
|switch|p2a: Entei|Entei, shiny|281\/371
|-ability|p2a: Entei|Pressure
|
|turn|36
|
|switch|p1a: Tentacruel|Tentacruel, M|323\/352
|move|p2a: Entei|Sacred Fire|p1a: Tentacruel
|-resisted|p1a: Tentacruel
|-damage|p1a: Tentacruel|233\/352
|-status|p1a: Tentacruel|brn
|
|-heal|p1a: Tentacruel|255\/352 brn|[from] item: Black Sludge
|-damage|p1a: Tentacruel|211\/352 brn|[from] brn
|turn|37
|
|move|p1a: Tentacruel|Toxic Spikes|p2a: Entei
|-sidestart|p2: specs P2|move: Toxic Spikes
|move|p2a: Entei|Bulldoze|p1a: Tentacruel
|-supereffective|p1a: Tentacruel
|-damage|p1a: Tentacruel|63\/352 brn
|-unboost|p1a: Tentacruel|spe|1
|
|-heal|p1a: Tentacruel|85\/352 brn|[from] item: Black Sludge
|-damage|p1a: Tentacruel|41\/352 brn|[from] brn
|turn|38
|join|DerperiorX
|
|move|p2a: Entei|Extreme Speed|p1a: Tentacruel
|-damage|p1a: Tentacruel|0 fnt
|faint|p1a: Tentacruel
|
|
|switch|p1a: Kyurem|Kyurem|303\/405
|-ability|p1a: Kyurem|Pressure
|turn|39
|
|move|p1a: Kyurem|Substitute|p1a: Kyurem
|-start|p1a: Kyurem|Substitute
|-damage|p1a: Kyurem|202\/405
|move|p2a: Entei|Stone Edge|p1a: Kyurem
|-supereffective|p1a: Kyurem
|-end|p1a: Kyurem|Substitute
|
|-heal|p1a: Kyurem|227\/405|[from] item: Leftovers
|turn|40
|
|move|p1a: Kyurem|Substitute|p1a: Kyurem
|-start|p1a: Kyurem|Substitute
|-damage|p1a: Kyurem|126\/405
|move|p2a: Entei|Sacred Fire|p1a: Kyurem
|-end|p1a: Kyurem|Substitute
|
|-heal|p1a: Kyurem|151\/405|[from] item: Leftovers
|turn|41
|leave|DerperiorX
|
|move|p1a: Kyurem|Roost|p1a: Kyurem
|-heal|p1a: Kyurem|354\/405
|move|p2a: Entei|Stone Edge|p1a: Kyurem
|-supereffective|p1a: Kyurem
|-damage|p1a: Kyurem|86\/405
|
|-heal|p1a: Kyurem|111\/405|[from] item: Leftovers
|turn|42
|
|move|p1a: Kyurem|Substitute|p1a: Kyurem
|-start|p1a: Kyurem|Substitute
|-damage|p1a: Kyurem|10\/405
|move|p2a: Entei|Stone Edge|p1a: Kyurem
|-supereffective|p1a: Kyurem
|-end|p1a: Kyurem|Substitute
|
|-heal|p1a: Kyurem|35\/405|[from] item: Leftovers
|turn|43
|
|move|p2a: Entei|Extreme Speed|p1a: Kyurem
|-damage|p1a: Kyurem|0 fnt
|faint|p1a: Kyurem
|
|
|switch|p1a: Florges|Florges, F|360\/360
|turn|44
|
|switch|p2a: Jirachi|Jirachi|108\/341
|move|p1a: Florges|Protect|p1a: Florges
|-fail|p1a: Florges
|
|turn|45
|
|move|p1a: Florges|Protect|p1a: Florges
|-singleturn|p1a: Florges|Protect
|move|p2a: Jirachi|Iron Head|p1a: Florges
|-activate|p1a: Florges|Protect
|
|turn|46
|
|switch|p2a: Entei|Entei, shiny|281\/371
|-status|p2a: Entei|psn
|-ability|p2a: Entei|Pressure
|switch|p1a: Shedinja|Shedinja|1\/1
|
|-damage|p2a: Entei|235\/371 psn|[from] psn
|turn|47
|
|switch|p1a: Aerodactyl|Aerodactyl-Mega, F|73\/363
|move|p2a: Entei|Sacred Fire|p1a: Aerodactyl
|-resisted|p1a: Aerodactyl
|-damage|p1a: Aerodactyl|0 fnt
|faint|p1a: Aerodactyl
|
|-damage|p2a: Entei|189\/371 psn|[from] psn
|c|âULT Hogg|was that your last sacred fire?
|
|switch|p1a: Florges|Florges, F|360\/360
|turn|48
|c|âspecs P2|count them lol
|c|âULT Hogg|one left
|c|âULT Hogg|?
|c|âspecs P2|yep
|
|switch|p2a: Medicham|Medicham, F|261\/261
|-status|p2a: Medicham|psn
|move|p1a: Florges|Moonblast|p2a: Medicham
|-supereffective|p2a: Medicham
|-damage|p2a: Medicham|0 fnt
|faint|p2a: Medicham
|
|
|switch|p2a: Jirachi|Jirachi|108\/341
|turn|49
|
|move|p1a: Florges|Protect|p1a: Florges
|-singleturn|p1a: Florges|Protect
|move|p2a: Jirachi|Healing Wish|p2a: Jirachi
|faint|p2a: Jirachi
|
|
|switch|p2a: Entei|Entei, shiny|189\/371 psn
|-heal|p2a: Entei|371\/371|[from] move: Healing Wish
|-status|p2a: Entei|psn
|-ability|p2a: Entei|Pressure
|turn|50
|leave|ULT Hogg
|player|p1
|c|âspecs P2|thought it would restore pp it was my only hope
|join|ULT Hogg
|c|âULT Hogg|sorry, computer about to die
|player|p1|ULT Hogg|125
|c|âspecs P2|lol
|c|âULT Hogg|here's hoping this can finish before it does :(
|
|move|p2a: Entei|Stone Edge|p1a: Florges
|-damage|p1a: Florges|245\/360
|move|p1a: Florges|Moonblast|p2a: Entei
|-resisted|p2a: Entei
|-damage|p2a: Entei|329\/371 psn
|
|-heal|p1a: Florges|267\/360|[from] item: Leftovers
|-damage|p2a: Entei|283\/371 psn|[from] psn
|turn|51
|
|move|p2a: Entei|Extreme Speed|p1a: Florges
|-damage|p1a: Florges|173\/360
|move|p1a: Florges|Wish|p1a: Florges
|
|-heal|p1a: Florges|195\/360|[from] item: Leftovers
|-damage|p2a: Entei|237\/371 psn|[from] psn
|turn|52
|c|âspecs P2|gg
|c|âULT Hogg|gg
|-message|specs P2 forfeited.
|leave|specs P2
|
|win|ULT Hogg
|raw|Ladder updating...
|player|p2