|join|king yong ill
|join|specs P2
|player|p1|king yong ill|27
|player|p2|specs P2|161
|gametype|singles
|gen|6
|tier|UU
|rated
|rule|Sleep Clause Mod: Limit one foe put to sleep
|rule|Species Clause: Limit one of each PokÃ©mon
|rule|OHKO Clause: OHKO moves are banned
|rule|Moody Clause: Moody is banned
|rule|Evasion Moves Clause: Evasion moves are banned
|rule|Endless Battle Clause: Forcing endless battles is banned
|rule|HP Percentage Mod: HP is shown in percentages
|clearpoke
|poke|p1|Serperior, M
|poke|p1|Aerodactyl, F
|poke|p1|Reuniclus, F
|poke|p1|Empoleon, M
|poke|p1|Florges, F
|poke|p1|Krookodile, M
|poke|p2|Jirachi
|poke|p2|Entei, shiny
|poke|p2|Starmie
|poke|p2|Hydreigon, M
|poke|p2|Medicham, F
|poke|p2|Nidoqueen, F
|rule|Swagger Clause: Swagger is banned
|rule|Baton Pass Clause: Limit one PokÃ©mon knowing Baton Pass
|teampreview
|
|start
|switch|p1a: Reuniclus|Reuniclus, F|424\/424
|switch|p2a: Hydreigon|Hydreigon, M|325\/325
|turn|1
|
|switch|p2a: Nidoqueen|Nidoqueen, F|350\/350
|switch|p1a: Florges|Florges, F|360\/360
|
|turn|2
|
|switch|p1a: Krookodile|Krookodile, M|331\/331
|-ability|p1a: Krookodile|Intimidate|[of] p2a: Nidoqueen
|-unboost|p2a: Nidoqueen|atk|1
|move|p2a: Nidoqueen|Stealth Rock|p1a: Krookodile
|-sidestart|p1: king yong ill|move: Stealth Rock
|
|turn|3
|
|switch|p2a: Hydreigon|Hydreigon, M|325\/325
|move|p1a: Krookodile|Knock Off|p2a: Hydreigon
|-resisted|p2a: Hydreigon
|-damage|p2a: Hydreigon|233\/325
|-enditem|p2a: Hydreigon|Life Orb|[from] move: Knock Off|[of] p1a: Krookodile
|
|turn|4
|
|switch|p1a: Florges|Florges, F|360\/360
|-damage|p1a: Florges|315\/360|[from] Stealth Rock
|switch|p2a: Nidoqueen|Nidoqueen, F|350\/350
|
|-heal|p1a: Florges|337\/360|[from] item: Leftovers
|turn|5
|
|switch|p1a: Krookodile|Krookodile, M|331\/331
|-damage|p1a: Krookodile|311\/331|[from] Stealth Rock
|-ability|p1a: Krookodile|Intimidate|[of] p2a: Nidoqueen
|-unboost|p2a: Nidoqueen|atk|1
|move|p2a: Nidoqueen|Sludge Wave|p1a: Krookodile
|-resisted|p1a: Krookodile
|-damage|p1a: Krookodile|176\/331
|
|turn|6
|
|move|p1a: Krookodile|Pursuit|p2a: Nidoqueen|[from]Pursuit
|-damage|p2a: Nidoqueen|208\/350
|switch|p2a: Hydreigon|Hydreigon, M|233\/325
|
|turn|7
|
|switch|p1a: Aerodactyl|Aerodactyl, F|301\/301
|-damage|p1a: Aerodactyl|226\/301|[from] Stealth Rock
|-ability|p1a: Aerodactyl|Unnerve|p2: specs P2
|switch|p2a: Nidoqueen|Nidoqueen, F|208\/350
|
|turn|8
|
|switch|p2a: Jirachi|Jirachi|341\/341
|detailschange|p1a: Aerodactyl|Aerodactyl-Mega, F
|-mega|p1a: Aerodactyl|Aerodactyl|Aerodactylite
|move|p1a: Aerodactyl|Aqua Tail|p2a: Jirachi
|-damage|p2a: Jirachi|206\/341
|
|turn|9
|
|move|p2a: Jirachi|Iron Head|p1a: Aerodactyl
|-supereffective|p1a: Aerodactyl
|-damage|p1a: Aerodactyl|0 fnt
|faint|p1a: Aerodactyl
|
|
|switch|p1a: Empoleon|Empoleon, M|372\/372
|-damage|p1a: Empoleon|349\/372|[from] Stealth Rock
|turn|10
|
|switch|p2a: Medicham|Medicham, F|261\/261
|move|p1a: Empoleon|Defog|p2a: Medicham
|-unboost|p2a: Medicham|evasion|1
|-sideend|p1: king yong ill|Stealth Rock|[from] move: Defog|[of] p1a: Empoleon
|
|-heal|p1a: Empoleon|372\/372|[from] item: Leftovers
|turn|11
|
|switch|p2a: Hydreigon|Hydreigon, M|233\/325
|switch|p1a: Reuniclus|Reuniclus, F|424\/424
|
|turn|12
|
|switch|p1a: Krookodile|Krookodile, M|176\/331
|-ability|p1a: Krookodile|Intimidate|[of] p2a: Hydreigon
|-unboost|p2a: Hydreigon|atk|1
|move|p2a: Hydreigon|Dark Pulse|p1a: Krookodile
|-crit|p1a: Krookodile
|-resisted|p1a: Krookodile
|-damage|p1a: Krookodile|35\/331
|
|turn|13
|
|switch|p1a: Empoleon|Empoleon, M|372\/372
|switch|p2a: Nidoqueen|Nidoqueen, F|208\/350
|
|turn|14
|
|switch|p1a: Serperior|Serperior, M|299\/299
|move|p2a: Nidoqueen|Earth Power|p1a: Serperior
|-resisted|p1a: Serperior
|-damage|p1a: Serperior|194\/299
|
|-heal|p1a: Serperior|212\/299|[from] item: Leftovers
|turn|15
|
|switch|p2a: Entei|Entei, shiny|371\/371
|-ability|p2a: Entei|Pressure
|move|p1a: Serperior|Leaf Storm|p2a: Entei
|-resisted|p2a: Entei
|-damage|p2a: Entei|320\/371
|-boost|p1a: Serperior|spa|2
|
|-heal|p1a: Serperior|230\/299|[from] item: Leftovers
|turn|16
|
|switch|p1a: Empoleon|Empoleon, M|372\/372
|move|p2a: Entei|Sacred Fire|p1a: Empoleon
|-damage|p1a: Empoleon|243\/372
|-status|p1a: Empoleon|brn
|
|-heal|p1a: Empoleon|266\/372 brn|[from] item: Leftovers
|-damage|p1a: Empoleon|220\/372 brn|[from] brn
|turn|17
|
|switch|p2a: Hydreigon|Hydreigon, M|233\/325
|move|p1a: Empoleon|Stealth Rock|p2a: Hydreigon
|-sidestart|p2: specs P2|move: Stealth Rock
|
|-heal|p1a: Empoleon|243\/372 brn|[from] item: Leftovers
|-damage|p1a: Empoleon|197\/372 brn|[from] brn
|turn|18
|
|move|p2a: Hydreigon|Superpower|p1a: Empoleon
|-supereffective|p1a: Empoleon
|-damage|p1a: Empoleon|25\/372 brn
|-unboost|p2a: Hydreigon|atk|1
|-unboost|p2a: Hydreigon|def|1
|move|p1a: Empoleon|Scald|p2a: Hydreigon
|-resisted|p2a: Hydreigon
|-damage|p2a: Hydreigon|149\/325
|-status|p2a: Hydreigon|brn
|
|-heal|p1a: Empoleon|48\/372 brn|[from] item: Leftovers
|-damage|p2a: Hydreigon|109\/325 brn|[from] brn
|-damage|p1a: Empoleon|2\/372 brn|[from] brn
|turn|19
|
|switch|p1a: Florges|Florges, F|337\/360
|move|p2a: Hydreigon|Roost|p2a: Hydreigon
|-heal|p2a: Hydreigon|272\/325 brn
|
|-heal|p1a: Florges|359\/360|[from] item: Leftovers
|-damage|p2a: Hydreigon|232\/325 brn|[from] brn
|turn|20
|
|switch|p1a: Krookodile|Krookodile, M|35\/331
|-ability|p1a: Krookodile|Intimidate|[of] p2a: Hydreigon
|-unboost|p2a: Hydreigon|atk|1
|move|p2a: Hydreigon|Dark Pulse|p1a: Krookodile
|-resisted|p1a: Krookodile
|-damage|p1a: Krookodile|0 fnt
|faint|p1a: Krookodile
|
|-damage|p2a: Hydreigon|192\/325 brn|[from] brn
|
|switch|p1a: Florges|Florges, F|359\/360
|turn|21
|
|switch|p2a: Nidoqueen|Nidoqueen, F|208\/350
|-damage|p2a: Nidoqueen|187\/350|[from] Stealth Rock
|move|p1a: Florges|Moonblast|p2a: Nidoqueen
|-resisted|p2a: Nidoqueen
|-damage|p2a: Nidoqueen|121\/350
|
|-heal|p1a: Florges|360\/360|[from] item: Leftovers
|turn|22
|
|switch|p1a: Empoleon|Empoleon, M|2\/372 brn
|move|p2a: Nidoqueen|Stealth Rock|p1a: Empoleon
|-sidestart|p1: king yong ill|move: Stealth Rock
|
|-heal|p1a: Empoleon|25\/372 brn|[from] item: Leftovers
|-damage|p1a: Empoleon|0 fnt|[from] brn
|faint|p1a: Empoleon
|
|switch|p1a: Serperior|Serperior, M|230\/299
|-damage|p1a: Serperior|193\/299|[from] Stealth Rock
|turn|23
|
|switch|p2a: Entei|Entei, shiny|320\/371
|-damage|p2a: Entei|228\/371|[from] Stealth Rock
|-ability|p2a: Entei|Pressure
|move|p1a: Serperior|Leaf Storm|p2a: Entei
|-resisted|p2a: Entei
|-damage|p2a: Entei|174\/371
|-boost|p1a: Serperior|spa|2
|
|-heal|p1a: Serperior|211\/299|[from] item: Leftovers
|turn|24
|
|move|p1a: Serperior|Substitute|p1a: Serperior
|-start|p1a: Serperior|Substitute
|-damage|p1a: Serperior|137\/299
|move|p2a: Entei|Sacred Fire|p1a: Serperior
|-supereffective|p1a: Serperior
|-end|p1a: Serperior|Substitute
|
|-heal|p1a: Serperior|155\/299|[from] item: Leftovers
|turn|25
|
|move|p1a: Serperior|Substitute|p1a: Serperior
|-start|p1a: Serperior|Substitute
|-damage|p1a: Serperior|81\/299
|move|p2a: Entei|Sacred Fire|p1a: Serperior
|-supereffective|p1a: Serperior
|-end|p1a: Serperior|Substitute
|
|-heal|p1a: Serperior|99\/299|[from] item: Leftovers
|turn|26
|
|move|p1a: Serperior|Leaf Storm|p2a: Entei
|-resisted|p2a: Entei
|-damage|p2a: Entei|64\/371
|-boost|p1a: Serperior|spa|2
|move|p2a: Entei|Sacred Fire|p1a: Serperior
|-supereffective|p1a: Serperior
|-damage|p1a: Serperior|0 fnt
|faint|p1a: Serperior
|
|
|switch|p1a: Reuniclus|Reuniclus, F|424\/424
|turn|27
|
|move|p2a: Entei|Sacred Fire|p1a: Reuniclus
|-damage|p1a: Reuniclus|271\/424
|move|p1a: Reuniclus|Calm Mind|p1a: Reuniclus
|-boost|p1a: Reuniclus|spa|1
|-boost|p1a: Reuniclus|spd|1
|
|-heal|p1a: Reuniclus|297\/424|[from] item: Leftovers
|turn|28
|
|switch|p2a: Hydreigon|Hydreigon, M|192\/325 brn
|-damage|p2a: Hydreigon|152\/325 brn|[from] Stealth Rock
|move|p1a: Reuniclus|Recover|p1a: Reuniclus
|-heal|p1a: Reuniclus|424\/424
|
|-damage|p2a: Hydreigon|112\/325 brn|[from] brn
|turn|29
|
|move|p2a: Hydreigon|Dark Pulse|p1a: Reuniclus
|-supereffective|p1a: Reuniclus
|-damage|p1a: Reuniclus|190\/424
|move|p1a: Reuniclus|Focus Blast|p2a: Hydreigon
|-supereffective|p2a: Hydreigon
|-damage|p2a: Hydreigon|0 fnt
|faint|p2a: Hydreigon
|
|-heal|p1a: Reuniclus|216\/424|[from] item: Leftovers
|
|switch|p2a: Jirachi|Jirachi|206\/341
|-damage|p2a: Jirachi|185\/341|[from] Stealth Rock
|turn|30
|
|switch|p1a: Florges|Florges, F|360\/360
|-damage|p1a: Florges|315\/360|[from] Stealth Rock
|move|p2a: Jirachi|Iron Head|p1a: Florges
|-supereffective|p1a: Florges
|-damage|p1a: Florges|55\/360
|
|-heal|p1a: Florges|77\/360|[from] item: Leftovers
|turn|31
|
|switch|p2a: Nidoqueen|Nidoqueen, F|121\/350
|-damage|p2a: Nidoqueen|100\/350|[from] Stealth Rock
|move|p1a: Florges|Moonblast|p2a: Nidoqueen
|-resisted|p2a: Nidoqueen
|-damage|p2a: Nidoqueen|32\/350
|
|-heal|p1a: Florges|99\/360|[from] item: Leftovers
|turn|32
|
|move|p2a: Nidoqueen|Sludge Wave|p1a: Florges
|-supereffective|p1a: Florges
|-damage|p1a: Florges|0 fnt
|faint|p1a: Florges
|
|c|âspecs P2|gg
|
|switch|p1a: Reuniclus|Reuniclus, F|216\/424
|turn|33
|
|move|p2a: Nidoqueen|Sludge Wave|p1a: Reuniclus
|-crit|p1a: Reuniclus
|-damage|p1a: Reuniclus|0 fnt
|faint|p1a: Reuniclus
|
|win|specs P2
|raw|Ladder updating...
|raw|king yong ill's rating: 1527 &rarr; <strong>1509<\/strong><br \/>(-18 for losing)
|raw|specs P2's rating: 1552 &rarr; <strong>1571<\/strong><br \/>(+19 for winning)