|join|Naruto(sage)
|join|specs p2
|player|p1|Naruto(sage)|265
|player|p2|specs p2|161
|gametype|singles
|gen|6
|tier|UU
|rated
|rule|Sleep Clause Mod: Limit one foe put to sleep
|rule|Species Clause: Limit one of each PokÃ©mon
|rule|OHKO Clause: OHKO moves are banned
|rule|Moody Clause: Moody is banned
|rule|Evasion Moves Clause: Evasion moves are banned
|rule|Endless Battle Clause: Forcing endless battles is banned
|rule|HP Percentage Mod: HP is shown in percentages
|clearpoke
|poke|p1|Jellicent, F
|poke|p1|Toxicroak, F
|poke|p1|Porygon-Z
|poke|p1|Infernape, F
|poke|p1|Jirachi
|poke|p1|Crobat, F
|poke|p2|Blastoise, F
|poke|p2|Entei, shiny
|poke|p2|Toxicroak, F
|poke|p2|Hydreigon, M
|poke|p2|Mienshao, F
|poke|p2|Nidoqueen, F
|rule|Swagger Clause: Swagger is banned
|rule|Baton Pass Clause: Limit one PokÃ©mon knowing Baton Pass
|teampreview
|
|start
|switch|p1a: Porygon-Z|Porygon-Z|311\/311
|switch|p2a: Blastoise|Blastoise, F|356\/356
|turn|1
|
|detailschange|p2a: Blastoise|Blastoise-Mega, F
|-mega|p2a: Blastoise|Blastoise|Blastoisinite
|move|p1a: Porygon-Z|Tri Attack|p2a: Blastoise
|-damage|p2a: Blastoise|112\/356
|-status|p2a: Blastoise|frz
|cant|p2a: Blastoise|frz
|
|turn|2
|c|âspecs p2|of course
|
|move|p1a: Porygon-Z|Tri Attack|p2a: Blastoise
|-damage|p2a: Blastoise|0 fnt
|faint|p2a: Blastoise
|
|c|âspecs p2|the odd thing would be me dont getting frozen
|
|switch|p2a: Mienshao|Mienshao, F|271\/271
|turn|3
|
|switch|p1a: Crobat|Crobat, F|312\/312
|move|p2a: Mienshao|Knock Off|p1a: Crobat
|-damage|p1a: Crobat|225\/312
|
|turn|4
|
|switch|p2a: Nidoqueen|Nidoqueen, F|353\/353
|move|p1a: Crobat|U-turn|p2a: Nidoqueen
|-resisted|p2a: Nidoqueen
|-damage|p2a: Nidoqueen|317\/353
|
|switch|p1a: Porygon-Z|Porygon-Z|311\/311
|
|turn|5
|
|switch|p2a: Entei|Entei, shiny|371\/371
|-ability|p2a: Entei|Pressure
|move|p1a: Porygon-Z|Tri Attack|p2a: Entei
|-damage|p2a: Entei|185\/371
|
|turn|6
|
|switch|p1a: Jellicent|Jellicent, F|341\/341
|move|p2a: Entei|Sacred Fire|p1a: Jellicent
|-resisted|p1a: Jellicent
|-damage|p1a: Jellicent|240\/341
|-status|p1a: Jellicent|brn
|
|-heal|p1a: Jellicent|261\/341 brn|[from] item: Leftovers
|-damage|p1a: Jellicent|219\/341 brn|[from] brn
|turn|7
|
|switch|p2a: Hydreigon|Hydreigon, M|325\/325
|switch|p1a: Porygon-Z|Porygon-Z|311\/311
|
|turn|8
|
|switch|p1a: Jirachi|Jirachi|341\/341
|move|p2a: Hydreigon|Superpower|p1a: Jirachi
|-damage|p1a: Jirachi|215\/341
|-unboost|p2a: Hydreigon|atk|1
|-unboost|p2a: Hydreigon|def|1
|-damage|p2a: Hydreigon|293\/325|[from] item: Life Orb
|
|turn|9
|
|switch|p2a: Entei|Entei, shiny|185\/371
|-ability|p2a: Entei|Pressure
|move|p1a: Jirachi|U-turn|p2a: Entei
|-resisted|p2a: Entei
|-damage|p2a: Entei|148\/371
|
|switch|p1a: Infernape|Infernape, F|293\/293
|
|turn|10
|
|move|p2a: Entei|Extreme Speed|p1a: Infernape
|-crit|p1a: Infernape
|-damage|p1a: Infernape|97\/293
|move|p1a: Infernape|Earthquake|p2a: Entei
|-supereffective|p2a: Entei
|-damage|p2a: Entei|0 fnt
|faint|p2a: Entei
|
|
|switch|p2a: Mienshao|Mienshao, F|271\/271
|turn|11
|
|switch|p1a: Crobat|Crobat, F|225\/312
|move|p2a: Mienshao|Stone Edge|p1a: Crobat
|-supereffective|p1a: Crobat
|-damage|p1a: Crobat|0 fnt
|faint|p1a: Crobat
|
|
|switch|p1a: Porygon-Z|Porygon-Z|311\/311
|turn|12
|
|switch|p2a: Hydreigon|Hydreigon, M|293\/325
|move|p1a: Porygon-Z|Tri Attack|p2a: Hydreigon
|-damage|p2a: Hydreigon|0 fnt
|faint|p2a: Hydreigon
|
|
|switch|p2a: Mienshao|Mienshao, F|271\/271
|turn|13
|
|switch|p2a: Nidoqueen|Nidoqueen, F|317\/353
|switch|p1a: Jellicent|Jellicent, F|219\/341 brn
|
|-heal|p1a: Jellicent|240\/341 brn|[from] item: Leftovers
|-damage|p1a: Jellicent|198\/341 brn|[from] brn
|turn|14
|
|switch|p1a: Jirachi|Jirachi|215\/341
|move|p2a: Nidoqueen|Earth Power|p1a: Jirachi
|-supereffective|p1a: Jirachi
|-damage|p1a: Jirachi|0 fnt
|faint|p1a: Jirachi
|
|
|switch|p1a: Porygon-Z|Porygon-Z|311\/311
|turn|15
|
|move|p1a: Porygon-Z|Tri Attack|p2a: Nidoqueen
|-damage|p2a: Nidoqueen|0 fnt
|faint|p2a: Nidoqueen
|
|
|switch|p2a: Mienshao|Mienshao, F|271\/271
|turn|16
|c|âspecs p2|blastoise had aura sphere. not that it matters
|-message|specs p2 forfeited.
|leave|specs p2
|
|win|Naruto(sage)
|raw|Ladder updating...
|player|p2