|join|Aqua Mann
|join|specs P2
|player|p1|Aqua Mann|226
|player|p2|specs P2|161
|gametype|singles
|gen|6
|tier|UU
|rated
|rule|Sleep Clause Mod: Limit one foe put to sleep
|rule|Species Clause: Limit one of each PokÃ©mon
|rule|OHKO Clause: OHKO moves are banned
|rule|Moody Clause: Moody is banned
|rule|Evasion Moves Clause: Evasion moves are banned
|rule|Endless Battle Clause: Forcing endless battles is banned
|rule|HP Percentage Mod: HP is shown in percentages
|clearpoke
|poke|p1|Sharpedo, F
|poke|p1|Machamp, M
|poke|p1|Reuniclus, F, shiny
|poke|p1|Froslass, F
|poke|p1|Swampert, M
|poke|p1|Spiritomb, F, shiny
|poke|p2|Beedrill, F
|poke|p2|Entei, shiny
|poke|p2|Starmie
|poke|p2|Hydreigon, M
|poke|p2|Mienshao, F
|poke|p2|Nidoqueen, F
|rule|Swagger Clause: Swagger is banned
|rule|Baton Pass Clause: Limit one PokÃ©mon knowing Baton Pass
|teampreview
|
|start
|switch|p1a: Froslass|Froslass, F|344\/344
|switch|p2a: Beedrill|Beedrill, F|271\/271
|turn|1
|
|detailschange|p2a: Beedrill|Beedrill-Mega, F
|-mega|p2a: Beedrill|Beedrill|Beedrillite
|move|p1a: Froslass|Icy Wind|p2a: Beedrill
|-damage|p2a: Beedrill|208\/271
|-unboost|p2a: Beedrill|spe|1
|move|p2a: Beedrill|Poison Jab|p1a: Froslass
|-resisted|p1a: Froslass
|-damage|p1a: Froslass|179\/344
|
|turn|2
|
|move|p1a: Froslass|Destiny Bond|p1a: Froslass
|-singlemove|p1a: Froslass|Destiny Bond
|move|p2a: Beedrill|U-turn|p1a: Froslass
|-resisted|p1a: Froslass
|-damage|p1a: Froslass|43\/344
|-start|p2a: Beedrill|Disable|U-turn
|
|switch|p2a: Mienshao|Mienshao, F|271\/271
|
|turn|3
|
|switch|p2a: Beedrill|Beedrill-Mega, F|208\/271
|move|p1a: Froslass|Destiny Bond|p1a: Froslass
|-singlemove|p1a: Froslass|Destiny Bond
|
|turn|4
|
|move|p2a: Beedrill|U-turn|p1a: Froslass
|-resisted|p1a: Froslass
|-damage|p1a: Froslass|0 fnt
|-start|p2a: Beedrill|Disable|U-turn
|faint|p1a: Froslass
|-activate|p1a: Froslass|Destiny Bond
|faint|p2a: Beedrill
|
|
|switch|p2a: Mienshao|Mienshao, F|271\/271
|switch|p1a: Sharpedo|Sharpedo, F|281\/281
|turn|5
|
|switch|p1a: Spiritomb|Spiritomb, F, shiny|294\/294
|move|p2a: Mienshao|U-turn|p1a: Spiritomb
|-damage|p1a: Spiritomb|224\/294
|
|switch|p2a: Hydreigon|Hydreigon, M|325\/325
|
|turn|6
|
|switch|p1a: Machamp|Machamp, M|364\/364
|move|p2a: Hydreigon|Draco Meteor|p1a: Machamp
|-damage|p1a: Machamp|134\/364
|-unboost|p2a: Hydreigon|spa|2
|-damage|p2a: Hydreigon|293\/325|[from] item: Life Orb
|
|turn|7
|
|move|p2a: Hydreigon|Superpower|p1a: Machamp
|-damage|p1a: Machamp|0 fnt
|-unboost|p2a: Hydreigon|atk|1
|-unboost|p2a: Hydreigon|def|1
|-damage|p2a: Hydreigon|261\/325|[from] item: Life Orb
|faint|p1a: Machamp
|
|
|switch|p1a: Reuniclus|Reuniclus, F, shiny|409\/409
|turn|8
|
|move|p2a: Hydreigon|Dark Pulse|p1a: Reuniclus
|-supereffective|p1a: Reuniclus
|-damage|p1a: Reuniclus|191\/409
|-damage|p2a: Hydreigon|229\/325|[from] item: Life Orb
|move|p1a: Reuniclus|Trick Room|p1a: Reuniclus
|-fieldstart|move: Trick Room|[of] p1a: Reuniclus
|
|turn|9
|
|move|p1a: Reuniclus|Focus Blast|p2a: Hydreigon
|-supereffective|p2a: Hydreigon
|-damage|p2a: Hydreigon|0 fnt
|faint|p2a: Hydreigon
|
|
|switch|p2a: Entei|Entei, shiny|371\/371
|-ability|p2a: Entei|Pressure
|turn|10
|
|switch|p1a: Spiritomb|Spiritomb, F, shiny|224\/294
|move|p2a: Entei|Sacred Fire|p1a: Spiritomb
|-damage|p1a: Spiritomb|55\/294
|
|turn|11
|
|move|p1a: Spiritomb|Sucker Punch|p2a: Entei
|-damage|p2a: Entei|206\/371
|move|p2a: Entei|Sacred Fire|p1a: Spiritomb
|-damage|p1a: Spiritomb|0 fnt
|faint|p1a: Spiritomb
|
|
|switch|p1a: Reuniclus|Reuniclus, F, shiny|191\/409
|turn|12
|
|move|p2a: Entei|Extreme Speed|p1a: Reuniclus
|-damage|p1a: Reuniclus|88\/409
|move|p1a: Reuniclus|Psyshock|p2a: Entei
|-damage|p2a: Entei|0 fnt
|faint|p2a: Entei
|
|-fieldend|move: Trick Room
|
|switch|p2a: Mienshao|Mienshao, F|271\/271
|turn|13
|
|switch|p1a: Swampert|Swampert, M|403\/403
|move|p2a: Mienshao|U-turn|p1a: Swampert
|-damage|p1a: Swampert|341\/403
|
|switch|p2a: Nidoqueen|Nidoqueen, F|353\/353
|
|-heal|p1a: Swampert|366\/403|[from] item: Leftovers
|turn|14
|
|move|p2a: Nidoqueen|Earth Power|p1a: Swampert
|-crit|p1a: Swampert
|-damage|p1a: Swampert|22\/403
|move|p1a: Swampert|Earthquake|p2a: Nidoqueen
|-supereffective|p2a: Nidoqueen
|-damage|p2a: Nidoqueen|59\/353
|
|-heal|p1a: Swampert|47\/403|[from] item: Leftovers
|turn|15
|
|move|p2a: Nidoqueen|Stealth Rock|p1a: Swampert
|-sidestart|p1: Aqua Mann|move: Stealth Rock
|move|p1a: Swampert|Earthquake|p2a: Nidoqueen
|-crit|p2a: Nidoqueen
|-supereffective|p2a: Nidoqueen
|-damage|p2a: Nidoqueen|0 fnt
|faint|p2a: Nidoqueen
|
|-heal|p1a: Swampert|72\/403|[from] item: Leftovers
|
|switch|p2a: Mienshao|Mienshao, F|271\/271
|turn|16
|
|move|p2a: Mienshao|High Jump Kick|p1a: Swampert
|-damage|p1a: Swampert|0 fnt
|faint|p1a: Swampert
|
|
|switch|p1a: Sharpedo|Sharpedo, F|281\/281
|-damage|p1a: Sharpedo|246\/281|[from] Stealth Rock
|turn|17
|
|move|p1a: Sharpedo|Protect|p1a: Sharpedo
|-singleturn|p1a: Sharpedo|Protect
|move|p2a: Mienshao|High Jump Kick|p1a: Sharpedo
|-activate|p1a: Sharpedo|Protect
|-damage|p2a: Mienshao|136\/271|[from] highjumpkick
|
|-boost|p1a: Sharpedo|spe|1|[from] ability: Speed Boost
|turn|18
|
|detailschange|p1a: Sharpedo|Sharpedo-Mega, F
|-mega|p1a: Sharpedo|Sharpedo|Sharpedonite
|move|p2a: Mienshao|High Jump Kick|p1a: Sharpedo
|-supereffective|p1a: Sharpedo
|-damage|p1a: Sharpedo|0 fnt
|faint|p1a: Sharpedo
|
|
|switch|p1a: Reuniclus|Reuniclus, F, shiny|88\/409
|turn|19
|
|move|p2a: Mienshao|High Jump Kick|p1a: Reuniclus
|-resisted|p1a: Reuniclus
|-damage|p1a: Reuniclus|0 fnt
|faint|p1a: Reuniclus
|
|win|specs P2
|raw|Ladder updating...
|raw|Aqua Mann's rating: 1500 &rarr; <strong>1483<\/strong><br \/>(-17 for losing)
|raw|specs P2's rating: 1554 &rarr; <strong>1571<\/strong><br \/>(+17 for winning)
|c|âspecs P2|gg
|leave|Aqua Mann
|player|p1