|join|Sacripan'
|join|pfzl1ght
|player|p1|Sacripan'|2
|player|p2|pfzl1ght|192
|gametype|singles
|gen|6
|tier|UU
|rated
|rule|Sleep Clause Mod: Limit one foe put to sleep
|rule|Species Clause: Limit one of each PokÃ©mon
|rule|OHKO Clause: OHKO moves are banned
|rule|Moody Clause: Moody is banned
|rule|Evasion Moves Clause: Evasion moves are banned
|rule|Endless Battle Clause: Forcing endless battles is banned
|rule|HP Percentage Mod: HP is shown in percentages
|clearpoke
|poke|p1|Absol, F
|poke|p1|Raikou
|poke|p1|Nidoqueen, F
|poke|p1|Mienshao, M
|poke|p1|Whimsicott, M
|poke|p1|Crobat, F
|poke|p2|Meloetta
|poke|p2|Rotom-Heat
|poke|p2|Beedrill, M
|poke|p2|Pangoro, F
|poke|p2|Blastoise, F
|poke|p2|Blissey, F
|rule|Swagger Clause: Swagger is banned
|rule|Baton Pass Clause: Limit one PokÃ©mon knowing Baton Pass
|teampreview
|
|start
|switch|p1a: Absol|Absol, F|271\/271
|switch|p2a: Ladd|Beedrill, M|271\/271
|turn|1
|
|detailschange|p1a: Absol|Absol-Mega, F
|-mega|p1a: Absol|Absol|Absolite
|detailschange|p2a: Ladd|Beedrill-Mega, M
|-mega|p2a: Ladd|Beedrill|Beedrillite
|move|p2a: Ladd|Protect|p2a: Ladd
|-singleturn|p2a: Ladd|Protect
|move|p1a: Absol|Sucker Punch|p2a: Ladd
|-fail|p2a: Ladd
|
|turn|2
|
|switch|p2a: Danny|Blastoise, F|362\/362
|move|p1a: Absol|Knock Off|p2a: Danny
|-damage|p2a: Danny|230\/362
|-enditem|p2a: Danny|Leftovers|[from] move: Knock Off|[of] p1a: Absol
|
|turn|3
|
|switch|p1a: Raikou|Raikou|322\/322
|-ability|p1a: Raikou|Pressure
|move|p2a: Danny|Scald|p1a: Raikou
|-damage|p1a: Raikou|265\/322
|
|turn|4
|
|switch|p2a: Blissey|Blissey, F|714\/714
|move|p1a: Raikou|Volt Switch|p2a: Blissey
|-damage|p2a: Blissey|650\/714
|
|switch|p1a: Absol|Absol-Mega, F|271\/271
|
|-heal|p2a: Blissey|694\/714|[from] item: Leftovers
|turn|5
|
|move|p2a: Blissey|Protect|p2a: Blissey
|-singleturn|p2a: Blissey|Protect
|move|p1a: Absol|Swords Dance|p1a: Absol
|-boost|p1a: Absol|atk|2
|
|-heal|p2a: Blissey|714\/714|[from] item: Leftovers
|turn|6
|
|move|p1a: Absol|Swords Dance|p1a: Absol
|-boost|p1a: Absol|atk|2
|move|p2a: Blissey|Seismic Toss|p1a: Absol
|-damage|p1a: Absol|171\/271
|
|turn|7
|
|move|p1a: Absol|Knock Off|p2a: Blissey
|-damage|p2a: Blissey|0 fnt
|-enditem|p2a: Blissey|Leftovers|[from] move: Knock Off|[of] p1a: Absol
|faint|p2a: Blissey
|
|
|switch|p2a: Isaac|Pangoro, F|331\/331
|turn|8
|
|move|p1a: Absol|Play Rough|p2a: Isaac
|-supereffective|p2a: Isaac
|-damage|p2a: Isaac|0 fnt
|faint|p2a: Isaac
|
|-message|pfzl1ght forfeited.
|
|win|Sacripan'
|raw|Ladder updating...
|leave|pfzl1ght
|player|p2
|raw|Sacripan&apos;'s rating: 1506 &rarr; <strong>1521<\/strong><br \/>(+15 for winning)
|raw|pfzl1ght's rating: 1424 &rarr; <strong>1408<\/strong><br \/>(-16 for losing)