|join|Sacripan'
|join|ult rh156
|player|p1|Sacripan'|169
|player|p2|ult rh156|265
|gametype|singles
|gen|6
|tier|UU
|rated
|rule|Sleep Clause Mod: Limit one foe put to sleep
|rule|Species Clause: Limit one of each PokÃ©mon
|rule|OHKO Clause: OHKO moves are banned
|rule|Moody Clause: Moody is banned
|rule|Evasion Moves Clause: Evasion moves are banned
|rule|Endless Battle Clause: Forcing endless battles is banned
|rule|HP Percentage Mod: HP is shown in percentages
|clearpoke
|poke|p1|Absol, F
|poke|p1|Nidoqueen, F
|poke|p1|Roserade, M
|poke|p1|Mienshao, F
|poke|p1|Jirachi
|poke|p1|Suicune
|poke|p2|Infernape, M
|poke|p2|Sharpedo, M, shiny
|poke|p2|Jirachi
|poke|p2|Barbaracle, M, shiny
|poke|p2|Celebi
|poke|p2|Gligar, M, shiny
|rule|Swagger Clause: Swagger is banned
|rule|Baton Pass Clause: Limit one PokÃ©mon knowing Baton Pass
|teampreview
|
|start
|switch|p1a: Jirachi|Jirachi|341\/341
|switch|p2a: Sharpedo|Sharpedo, M, shiny|281\/281
|turn|1
|
|switch|p1a: Suicune|Suicune|404\/404
|-ability|p1a: Suicune|Pressure
|move|p2a: Sharpedo|Protect|p2a: Sharpedo
|-fail|p2a: Sharpedo
|
|-boost|p2a: Sharpedo|spe|1|[from] ability: Speed Boost
|turn|2
|
|detailschange|p2a: Sharpedo|Sharpedo-Mega, M, shiny
|-mega|p2a: Sharpedo|Sharpedo|Sharpedonite
|move|p2a: Sharpedo|Crunch|p1a: Suicune
|-damage|p1a: Suicune|245\/404
|move|p1a: Suicune|Scald|p2a: Sharpedo
|-resisted|p2a: Sharpedo
|-damage|p2a: Sharpedo|218\/281
|-status|p2a: Sharpedo|brn
|
|-heal|p1a: Suicune|270\/404|[from] item: Leftovers
|-damage|p2a: Sharpedo|183\/281 brn|[from] brn
|turn|3
|
|move|p2a: Sharpedo|Crunch|p1a: Suicune
|-damage|p1a: Suicune|182\/404
|move|p1a: Suicune|Scald|p2a: Sharpedo
|-resisted|p2a: Sharpedo
|-damage|p2a: Sharpedo|127\/281 brn
|
|-heal|p1a: Suicune|207\/404|[from] item: Leftovers
|-damage|p2a: Sharpedo|92\/281 brn|[from] brn
|turn|4
|join|mei0864
|
|move|p2a: Sharpedo|Crunch|p1a: Suicune
|-damage|p1a: Suicune|117\/404
|move|p1a: Suicune|Rest|p1a: Suicune
|-status|p1a: Suicune|slp
|-heal|p1a: Suicune|404\/404 slp|[silent]
|-status|p1a: Suicune|slp|[from] move: Rest
|
|-damage|p2a: Sharpedo|57\/281 brn|[from] brn
|turn|5
|
|move|p2a: Sharpedo|Destiny Bond|p2a: Sharpedo
|-singlemove|p2a: Sharpedo|Destiny Bond
|cant|p1a: Suicune|slp
|move|p1a: Suicune|Sleep Talk|p1a: Suicune
|move|p1a: Suicune|Scald|p2a: Sharpedo|[from]Sleep Talk
|-resisted|p2a: Sharpedo
|-damage|p2a: Sharpedo|0 fnt
|faint|p2a: Sharpedo
|-activate|p2a: Sharpedo|Destiny Bond
|faint|p1a: Suicune
|
|c|âSacripan'|nooooo
|c|âult rh156|heh
|leave|mei0864
|
|switch|p2a: Infernape|Infernape, M|293\/293
|switch|p1a: Roserade|Roserade, M|262\/262
|turn|6
|
|move|p2a: Infernape|Fire Blast|p1a: Roserade
|-supereffective|p1a: Roserade
|-enditem|p1a: Roserade|Focus Sash
|-damage|p1a: Roserade|1\/262
|-damage|p2a: Infernape|264\/293|[from] item: Life Orb
|move|p1a: Roserade|Sleep Powder|p2a: Infernape
|-status|p2a: Infernape|slp
|
|turn|7
|
|cant|p2a: Infernape|slp
|move|p1a: Roserade|Sludge Bomb|p2a: Infernape
|-damage|p2a: Infernape|62\/293 slp
|
|turn|8
|
|-curestatus|p2a: Infernape|slp
|move|p2a: Infernape|Close Combat|p1a: Roserade
|-resisted|p1a: Roserade
|-damage|p1a: Roserade|0 fnt
|-unboost|p2a: Infernape|def|1
|-unboost|p2a: Infernape|spd|1
|-damage|p2a: Infernape|33\/293|[from] item: Life Orb
|faint|p1a: Roserade
|
|
|switch|p1a: Mienshao|Mienshao, F|271\/271
|turn|9
|
|switch|p2a: Gligar|Gligar, M, shiny|333\/333
|move|p1a: Mienshao|U-turn|p2a: Gligar
|-resisted|p2a: Gligar
|-damage|p2a: Gligar|307\/333
|
|switch|p1a: Absol|Absol, F|271\/271
|
|turn|10
|
|detailschange|p1a: Absol|Absol-Mega, F
|-mega|p1a: Absol|Absol|Absolite
|move|p1a: Absol|Swords Dance|p1a: Absol
|-boost|p1a: Absol|atk|2
|move|p2a: Gligar|U-turn|p1a: Absol
|-supereffective|p1a: Absol
|-damage|p1a: Absol|147\/271
|
|switch|p2a: Jirachi|Jirachi|341\/341
|
|turn|11
|
|move|p1a: Absol|Sucker Punch|p2a: Jirachi
|-supereffective|p2a: Jirachi
|-damage|p2a: Jirachi|0 fnt
|faint|p2a: Jirachi
|
|
|switch|p2a: Infernape|Infernape, M|33\/293
|turn|12
|
|move|p1a: Absol|Sucker Punch|p2a: Infernape
|-resisted|p2a: Infernape
|-damage|p2a: Infernape|0 fnt
|faint|p2a: Infernape
|
|
|switch|p2a: Gligar|Gligar, M, shiny|307\/333
|turn|13
|
|move|p1a: Absol|Knock Off|p2a: Gligar
|-damage|p2a: Gligar|73\/333
|-enditem|p2a: Gligar|Eviolite|[from] move: Knock Off|[of] p1a: Absol
|move|p2a: Gligar|Earthquake|p1a: Absol
|-damage|p1a: Absol|15\/271
|
|turn|14
|c|âult rh156|gg
|
|move|p1a: Absol|Knock Off|p2a: Gligar
|-damage|p2a: Gligar|0 fnt
|faint|p2a: Gligar
|
|
|switch|p2a: Barbaracle|Barbaracle, M, shiny|285\/285
|turn|15
|c|âSacripan'|Absol rules
|
|move|p1a: Absol|Knock Off|p2a: Barbaracle
|-damage|p2a: Barbaracle|0 fnt
|-enditem|p2a: Barbaracle|Lum Berry|[from] move: Knock Off|[of] p1a: Absol
|faint|p2a: Barbaracle
|
|
|switch|p2a: Celebi|Celebi|403\/403
|turn|16
|
|move|p1a: Absol|Knock Off|p2a: Celebi
|-supereffective|p2a: Celebi
|-damage|p2a: Celebi|0 fnt
|-enditem|p2a: Celebi|Leftovers|[from] move: Knock Off|[of] p1a: Absol
|faint|p2a: Celebi
|
|win|Sacripan'
|raw|Ladder updating...
|leave|ult rh156
|player|p2
|raw|Sacripan&apos;'s rating: 1535 &rarr; <strong>1563<\/strong><br \/>(+28 for winning)
|raw|ult rh156's rating: 1675 &rarr; <strong>1648<\/strong><br \/>(-27 for losing)