|join|Sacripan'
|join|Prof Varrick
|player|p1|Sacripan'|1
|player|p2|Prof Varrick|211
|gametype|singles
|gen|6
|tier|UU
|rated
|rule|Sleep Clause Mod: Limit one foe put to sleep
|rule|Species Clause: Limit one of each PokÃ©mon
|rule|OHKO Clause: OHKO moves are banned
|rule|Moody Clause: Moody is banned
|rule|Evasion Moves Clause: Evasion moves are banned
|rule|Endless Battle Clause: Forcing endless battles is banned
|rule|HP Percentage Mod: HP is shown in percentages
|clearpoke
|poke|p1|Suicune
|poke|p1|Sceptile, F
|poke|p1|Entei, shiny
|poke|p1|Jirachi
|poke|p1|Doublade, F
|poke|p1|Hydreigon, M
|poke|p2|Tornadus, M
|poke|p2|Swampert, F
|poke|p2|Heliolisk, M
|poke|p2|Gorebyss, M
|poke|p2|Accelgor, M
|poke|p2|Kabutops, M
|rule|Swagger Clause: Swagger is banned
|rule|Baton Pass Clause: Limit one PokÃ©mon knowing Baton Pass
|teampreview
|join|gobosox
|leave|gobosox
|
|start
|switch|p1a: Sceptile|Sceptile, F|281\/281
|switch|p2a: Accelgor|Accelgor, M|363\/363
|turn|1
|join|gobosox
|
|detailschange|p1a: Sceptile|Sceptile-Mega, F
|-mega|p1a: Sceptile|Sceptile|Sceptilite
|move|p2a: Accelgor|Rain Dance|p2a: Accelgor
|-weather|RainDance
|move|p1a: Sceptile|Dragon Pulse|p2a: Accelgor
|-damage|p2a: Accelgor|138\/363
|
|-weather|RainDance|[upkeep]
|turn|2
|join|DrReuniclus3
|c|âProf Varrick|tx for ditching me
|c| gobosox|spike this fag
|
|switch|p1a: Doublade|Doublade, F|321\/321
|move|p2a: Accelgor|Final Gambit|p1a: Doublade
|-immune|p1a: Doublade|[msg]
|
|-weather|RainDance|[upkeep]
|turn|3
|c| gobosox|smh
|
|move|p2a: Accelgor|Spikes|p1a: Doublade
|-sidestart|p1: Sacripan'|Spikes
|move|p1a: Doublade|Swords Dance|p1a: Doublade
|-boost|p1a: Doublade|atk|2
|
|-weather|RainDance|[upkeep]
|turn|4
|c|âProf Varrick|soz m9 i should've listened to the master
|
|move|p2a: Accelgor|Encore|p1a: Doublade
|-start|p1a: Doublade|Encore
|move|p1a: Doublade|Swords Dance|p1a: Doublade
|-boost|p1a: Doublade|atk|2
|
|-weather|RainDance|[upkeep]
|turn|5
|c| gobosox|shoulda listened to sage
|c| gobosox|LOL
|c|âProf Varrick|zz
|c| gobosox|you said master i said sage
|c|âProf Varrick|umm
|c| gobosox|thinkin alike
|
|switch|p2a: Swampert|Swampert, F|341\/341
|switch|p1a: Jirachi|Jirachi|341\/341
|-damage|p1a: Jirachi|299\/341|[from] Spikes
|
|-weather|RainDance|[upkeep]
|-heal|p1a: Jirachi|320\/341|[from] item: Leftovers
|turn|6
|c|âProf Varrick|hahaha
|
|switch|p1a: Hydreigon|Hydreigon, M|325\/325
|detailschange|p2a: Swampert|Swampert-Mega, F
|-mega|p2a: Swampert|Swampert|Swampertite
|move|p2a: Swampert|Earthquake|p1a: Hydreigon
|-immune|p1a: Hydreigon|[msg]
|
|-weather|RainDance|[upkeep]
|turn|7
|c| gobosox|poliwrath where
|
|switch|p1a: Suicune|Suicune|404\/404
|-damage|p1a: Suicune|354\/404|[from] Spikes
|-ability|p1a: Suicune|Pressure
|move|p2a: Swampert|Waterfall|p1a: Suicune
|-resisted|p1a: Suicune
|-damage|p1a: Suicune|238\/404
|
|-weather|RainDance|[upkeep]
|-heal|p1a: Suicune|263\/404|[from] item: Leftovers
|turn|8
|c|âProf Varrick|heliolisk
|c|âProf Varrick|for RW
|
|switch|p2a: Heliolisk|Heliolisk, M|265\/265
|move|p1a: Suicune|Roar|p2a: Heliolisk
|drag|p2a: Accelgor|Accelgor, M|138\/363
|
|-weather|none
|-heal|p1a: Suicune|288\/404|[from] item: Leftovers
|turn|9
|
|move|p2a: Accelgor|Rain Dance|p2a: Accelgor
|-weather|RainDance
|move|p1a: Suicune|Scald|p2a: Accelgor
|-damage|p2a: Accelgor|0 fnt
|faint|p2a: Accelgor
|
|-weather|RainDance|[upkeep]
|-heal|p1a: Suicune|313\/404|[from] item: Leftovers
|c|âProf Varrick|sweet need rain
|
|switch|p2a: Heliolisk|Heliolisk, M|265\/265
|turn|10
|c| gobosox|ez
|
|switch|p2a: Swampert|Swampert-Mega, F|341\/341
|switch|p1a: Hydreigon|Hydreigon, M|325\/325
|
|-weather|RainDance|[upkeep]
|turn|11
|c| gobosox|l
|c| gobosox|o
|c| gobosox|l
|
|switch|p1a: Suicune|Suicune|313\/404
|-damage|p1a: Suicune|263\/404|[from] Spikes
|-ability|p1a: Suicune|Pressure
|move|p2a: Swampert|Ice Punch|p1a: Suicune
|-resisted|p1a: Suicune
|-damage|p1a: Suicune|215\/404
|
|-weather|RainDance|[upkeep]
|-heal|p1a: Suicune|240\/404|[from] item: Leftovers
|turn|12
|c|âProf Varrick|wish i predonkted that
|
|move|p2a: Swampert|Earthquake|p1a: Suicune
|-damage|p1a: Suicune|39\/404
|move|p1a: Suicune|Scald|p2a: Swampert
|-damage|p2a: Swampert|185\/341
|
|-weather|RainDance|[upkeep]
|-heal|p1a: Suicune|64\/404|[from] item: Leftovers
|turn|13
|c| gobosox|quake
|
|move|p2a: Swampert|Waterfall|p1a: Suicune
|-resisted|p1a: Suicune
|-damage|p1a: Suicune|0 fnt
|faint|p1a: Suicune
|
|-weather|RainDance|[upkeep]
|
|switch|p1a: Hydreigon|Hydreigon, M|325\/325
|turn|14
|c|âProf Varrick|ghost me
|c| gobosox|you already won
|c|âProf Varrick|???
|c| gobosox|sack helio
|c| gobosox|obv
|
|switch|p2a: Heliolisk|Heliolisk, M|265\/265
|move|p1a: Hydreigon|Draco Meteor|p2a: Heliolisk
|-damage|p2a: Heliolisk|36\/265
|-unboost|p1a: Hydreigon|spa|2
|
|-weather|RainDance|[upkeep]
|-heal|p2a: Heliolisk|69\/265|[from] ability: Dry Skin
|turn|15
|
|move|p1a: Hydreigon|Draco Meteor|p2a: Heliolisk
|-damage|p2a: Heliolisk|0 fnt
|-unboost|p1a: Hydreigon|spa|2
|faint|p2a: Heliolisk
|
|-weather|RainDance|[upkeep]
|c| gobosox|just spam hurricane
|
|switch|p2a: Gorebyss|Gorebyss, M|276\/276
|turn|16
|c|âSacripan'|crit please
|c|âSacripan'|^^^^
|
|move|p1a: Hydreigon|Draco Meteor|p2a: Gorebyss
|-damage|p2a: Gorebyss|183\/276
|-unboost|p1a: Hydreigon|spa|2
|move|p2a: Gorebyss|Shell Smash|p2a: Gorebyss
|-boost|p2a: Gorebyss|atk|2
|-boost|p2a: Gorebyss|spa|2
|-boost|p2a: Gorebyss|spe|2
|-unboost|p2a: Gorebyss|def|1
|-unboost|p2a: Gorebyss|spd|1
|-enditem|p2a: Gorebyss|White Herb
|-restoreboost|p2a: Gorebyss|[silent]
|
|-weather|none
|turn|17
|c|âProf Varrick|zzz
|
|switch|p1a: Jirachi|Jirachi|320\/341
|-damage|p1a: Jirachi|278\/341|[from] Spikes
|move|p2a: Gorebyss|Ice Beam|p1a: Jirachi
|-resisted|p1a: Jirachi
|-damage|p1a: Jirachi|176\/341
|
|-heal|p1a: Jirachi|197\/341|[from] item: Leftovers
|turn|18
|
|move|p2a: Gorebyss|Baton Pass|p2a: Gorebyss
|
|switch|p2a: Swampert|Swampert-Mega, F|185\/341
|move|p1a: Jirachi|Stealth Rock|p2a: Swampert
|-sidestart|p2: Prof Varrick|move: Stealth Rock
|
|-heal|p1a: Jirachi|218\/341|[from] item: Leftovers
|turn|19
|
|move|p2a: Swampert|Waterfall|p1a: Jirachi
|-damage|p1a: Jirachi|0 fnt
|faint|p1a: Jirachi
|
|
|switch|p1a: Entei|Entei, shiny|371\/371
|-damage|p1a: Entei|325\/371|[from] Spikes
|-ability|p1a: Entei|Pressure
|turn|20
|c| gobosox|gg
|
|move|p1a: Entei|Extreme Speed|p2a: Swampert
|-damage|p2a: Swampert|46\/341
|move|p2a: Swampert|Waterfall|p1a: Entei
|-supereffective|p1a: Entei
|-damage|p1a: Entei|0 fnt
|faint|p1a: Entei
|
|c|âProf Varrick|sneak
|
|switch|p1a: Doublade|Doublade, F|321\/321
|-damage|p1a: Doublade|281\/321|[from] Spikes
|turn|21
|
|move|p1a: Doublade|Shadow Sneak|p2a: Swampert
|-damage|p2a: Swampert|0 fnt
|faint|p2a: Swampert
|
|c|âProf Varrick|fk
|c| gobosox|you still with kabu\/gore
|
|switch|p2a: Tornadus|Tornadus, M|299\/299
|-damage|p2a: Tornadus|225\/299|[from] Stealth Rock
|turn|22
|
|move|p2a: Tornadus|Rain Dance|p2a: Tornadus
|-weather|RainDance
|move|p1a: Doublade|Swords Dance|p1a: Doublade
|-boost|p1a: Doublade|atk|2
|
|-weather|RainDance|[upkeep]
|turn|23
|c| gobosox|just hurricane
|
|move|p1a: Doublade|Shadow Sneak|p2a: Tornadus
|-damage|p2a: Tornadus|38\/299
|move|p2a: Tornadus|Hurricane|p1a: Doublade
|-resisted|p1a: Doublade
|-damage|p1a: Doublade|173\/321
|
|-weather|RainDance|[upkeep]
|turn|24
|
|move|p1a: Doublade|Shadow Sneak|p2a: Tornadus
|-damage|p2a: Tornadus|0 fnt
|faint|p2a: Tornadus
|
|-weather|RainDance|[upkeep]
|
|switch|p2a: Kabutops|Kabutops, M|261\/261
|-damage|p2a: Kabutops|229\/261|[from] Stealth Rock
|turn|25
|
|move|p1a: Doublade|Shadow Sneak|p2a: Kabutops
|-damage|p2a: Kabutops|85\/261
|move|p2a: Kabutops|Waterfall|p1a: Doublade
|-damage|p1a: Doublade|31\/321
|-damage|p2a: Kabutops|59\/261|[from] item: Life Orb
|
|-weather|RainDance|[upkeep]
|turn|26
|
|move|p2a: Kabutops|Aqua Jet|p1a: Doublade
|-damage|p1a: Doublade|0 fnt
|-damage|p2a: Kabutops|33\/261|[from] item: Life Orb
|faint|p1a: Doublade
|
|-weather|RainDance|[upkeep]
|
|switch|p1a: Hydreigon|Hydreigon, M|325\/325
|turn|27
|
|move|p2a: Kabutops|Stone Edge|p1a: Hydreigon|[miss]
|-miss|p2a: Kabutops|p1a: Hydreigon
|move|p1a: Hydreigon|U-turn|p2a: Kabutops
|-damage|p2a: Kabutops|0 fnt
|faint|p2a: Kabutops
|c|âProf Varrick|zzzzzzzzzzzzz
|
|switch|p1a: Sceptile|Sceptile-Mega, F|281\/281
|-damage|p1a: Sceptile|246\/281|[from] Spikes
|
|-weather|RainDance|[upkeep]
|
|switch|p2a: Gorebyss|Gorebyss, M|183\/276
|-damage|p2a: Gorebyss|149\/276|[from] Stealth Rock
|turn|28
|
|move|p1a: Sceptile|Giga Drain|p2a: Gorebyss
|-supereffective|p2a: Gorebyss
|-damage|p2a: Gorebyss|0 fnt
|-heal|p1a: Sceptile|281\/281|[from] drain|[of] p2a: Gorebyss
|faint|p2a: Gorebyss
|
|win|Sacripan'
|raw|Ladder updating...
|raw|Sacripan&apos;'s rating: 1532 &rarr; <strong>1547<\/strong><br \/>(+15 for winning)
|raw|Prof Varrick's rating: 1440 &rarr; <strong>1425<\/strong><br \/>(-15 for losing)
|c|âSacripan'|gg
|c|âProf Varrick|:[
|c|âProf Varrick|that miss
|c|âProf Varrick|no gg
|c|âProf Varrick|:P
|c|âSacripan'|lol
|c|âSacripan'|:')
|c|âProf Varrick|;]
|c|âProf Varrick|gg
|leave|Prof Varrick
|player|p2