|join|specs p2
|join|Sacripan'
|player|p1|specs p2|161
|player|p2|Sacripan'|2
|gametype|singles
|gen|6
|tier|UU
|rated
|rule|Sleep Clause Mod: Limit one foe put to sleep
|rule|Species Clause: Limit one of each PokÃ©mon
|rule|OHKO Clause: OHKO moves are banned
|rule|Moody Clause: Moody is banned
|rule|Evasion Moves Clause: Evasion moves are banned
|rule|Endless Battle Clause: Forcing endless battles is banned
|rule|HP Percentage Mod: HP is shown in percentages
|clearpoke
|poke|p1|Beedrill, F
|poke|p1|Entei, shiny
|poke|p1|Starmie
|poke|p1|Hydreigon, F
|poke|p1|Mienshao, F
|poke|p1|Nidoqueen, F
|poke|p2|Absol, M
|poke|p2|Nidoqueen, F
|poke|p2|Roserade, M
|poke|p2|Mienshao, F
|poke|p2|Jirachi
|poke|p2|Kingdra, F
|rule|Swagger Clause: Swagger is banned
|rule|Baton Pass Clause: Limit one PokÃ©mon knowing Baton Pass
|teampreview
|c|âSacripan'|hi again
|c|âspecs p2|hi
|
|start
|switch|p1a: Nidoqueen|Nidoqueen, F|353\/353
|switch|p2a: Jirachi|Jirachi|341\/341
|turn|1
|
|switch|p1a: Hydreigon|Hydreigon, F|325\/325
|move|p2a: Jirachi|Zen Headbutt|p1a: Hydreigon
|-immune|p1a: Hydreigon|[msg]
|
|turn|2
|
|move|p2a: Jirachi|U-turn|p1a: Hydreigon
|-supereffective|p1a: Hydreigon
|-damage|p1a: Hydreigon|149\/325
|
|switch|p2a: Mienshao|Mienshao, F|271\/271
|move|p1a: Hydreigon|Dark Pulse|p2a: Mienshao
|-resisted|p2a: Mienshao
|-damage|p2a: Mienshao|136\/271
|-damage|p1a: Hydreigon|117\/325|[from] item: Life Orb
|
|turn|3
|
|switch|p1a: Nidoqueen|Nidoqueen, F|353\/353
|move|p2a: Mienshao|U-turn|p1a: Nidoqueen
|-resisted|p1a: Nidoqueen
|-damage|p1a: Nidoqueen|306\/353
|
|switch|p2a: Jirachi|Jirachi|341\/341
|
|turn|4
|
|switch|p1a: Starmie|Starmie|261\/261
|move|p2a: Jirachi|Zen Headbutt|p1a: Starmie
|-resisted|p1a: Starmie
|-damage|p1a: Starmie|193\/261
|
|turn|5
|
|move|p1a: Starmie|Hydro Pump|p2a: Jirachi
|-damage|p2a: Jirachi|127\/341
|-damage|p1a: Starmie|167\/261|[from] item: Life Orb
|move|p2a: Jirachi|U-turn|p1a: Starmie
|-supereffective|p1a: Starmie
|-damage|p1a: Starmie|0 fnt
|faint|p1a: Starmie
|
|switch|p2a: Mienshao|Mienshao, F|136\/271
|
|
|switch|p1a: Entei|Entei, shiny|371\/371
|-ability|p1a: Entei|Pressure
|turn|6
|
|switch|p2a: Jirachi|Jirachi|127\/341
|move|p1a: Entei|Extreme Speed|p2a: Jirachi
|-resisted|p2a: Jirachi
|-damage|p2a: Jirachi|82\/341
|
|-heal|p2a: Jirachi|103\/341|[from] item: Leftovers
|turn|7
|
|move|p2a: Jirachi|Zen Headbutt|p1a: Entei
|-damage|p1a: Entei|226\/371
|cant|p1a: Entei|flinch
|
|-heal|p2a: Jirachi|124\/341|[from] item: Leftovers
|turn|8
|
|move|p2a: Jirachi|Zen Headbutt|p1a: Entei
|-damage|p1a: Entei|88\/371
|cant|p1a: Entei|flinch
|
|-heal|p2a: Jirachi|145\/341|[from] item: Leftovers
|turn|9
|
|move|p2a: Jirachi|Zen Headbutt|p1a: Entei
|-damage|p1a: Entei|0 fnt
|faint|p1a: Entei
|
|-heal|p2a: Jirachi|166\/341|[from] item: Leftovers
|-message|specs p2 forfeited.
|leave|specs p2
|
|win|Sacripan'
|raw|Ladder updating...
|player|p1
|raw|specs p2's rating: 1517 &rarr; <strong>1496<\/strong><br \/>(-21 for losing)
|raw|Sacripan&apos;'s rating: 1487 &rarr; <strong>1509<\/strong><br \/>(+22 for winning)
|leave|Sacripan'
|player|p2