|join|Sacripan'
|join|mega pidgeotto
|player|p1|Sacripan'|170
|player|p2|mega pidgeotto|171
|gametype|singles
|gen|6
|tier|UU
|rated
|rule|Sleep Clause Mod: Limit one foe put to sleep
|rule|Species Clause: Limit one of each PokÃ©mon
|rule|OHKO Clause: OHKO moves are banned
|rule|Moody Clause: Moody is banned
|rule|Evasion Moves Clause: Evasion moves are banned
|rule|Endless Battle Clause: Forcing endless battles is banned
|rule|HP Percentage Mod: HP is shown in percentages
|clearpoke
|poke|p1|Pangoro, M
|poke|p1|Camerupt, F
|poke|p1|Porygon2
|poke|p1|Reuniclus, M
|poke|p1|Diancie
|poke|p1|Escavalier, M
|poke|p2|Serperior, F
|poke|p2|Aggron, M
|poke|p2|Slowking, M
|poke|p2|Krookodile, M
|poke|p2|Florges, F
|poke|p2|Mienshao, F
|rule|Swagger Clause: Swagger is banned
|rule|Baton Pass Clause: Limit one PokÃ©mon knowing Baton Pass
|teampreview
|join|ULT Lapraz
|
|start
|switch|p1a: Porygon2|Porygon2|374\/374
|switch|p2a: Krookodile|Krookodile, M|331\/331
|-ability|p2a: Krookodile|Intimidate|[of] p1a: Porygon2
|-unboost|p1a: Porygon2|atk|1
|-boost|p1a: Porygon2|spa|1|[from] ability: Download
|turn|1
|
|move|p2a: Krookodile|Taunt|p1a: Porygon2
|-start|p1a: Porygon2|move: Taunt
|move|p1a: Porygon2|Ice Beam|p2a: Krookodile
|-supereffective|p2a: Krookodile
|-damage|p2a: Krookodile|0 fnt
|faint|p2a: Krookodile
|
|
|switch|p2a: Mienshao|Mienshao, F|271\/271
|turn|2
|
|move|p2a: Mienshao|High Jump Kick|p1a: Porygon2
|-supereffective|p1a: Porygon2
|-damage|p1a: Porygon2|0 fnt
|faint|p1a: Porygon2
|
|
|switch|p1a: Reuniclus|Reuniclus, M|424\/424
|turn|3
|
|move|p2a: Mienshao|High Jump Kick|p1a: Reuniclus
|-resisted|p1a: Reuniclus
|-damage|p1a: Reuniclus|259\/424
|move|p1a: Reuniclus|Trick Room|p1a: Reuniclus
|-fieldstart|move: Trick Room|[of] p1a: Reuniclus
|
|turn|4
|
|switch|p2a: Slowking|Slowking, M|391\/391
|move|p1a: Reuniclus|Focus Blast|p2a: Slowking
|-resisted|p2a: Slowking
|-damage|p2a: Slowking|303\/391
|
|-heal|p2a: Slowking|327\/391|[from] item: Leftovers
|turn|5
|
|switch|p2a: Florges|Florges, F|359\/359
|move|p1a: Reuniclus|Shadow Ball|p2a: Florges
|-damage|p2a: Florges|276\/359
|-unboost|p2a: Florges|spd|1
|
|-heal|p2a: Florges|298\/359|[from] item: Leftovers
|turn|6
|
|switch|p2a: Slowking|Slowking, M|391\/391
|move|p1a: Reuniclus|Focus Blast|p2a: Slowking|[miss]
|-miss|p1a: Reuniclus|p2a: Slowking
|
|turn|7
|
|move|p1a: Reuniclus|Shadow Ball|p2a: Slowking
|-supereffective|p2a: Slowking
|-damage|p2a: Slowking|165\/391
|move|p2a: Slowking|Scald|p1a: Reuniclus
|-damage|p1a: Reuniclus|150\/424
|
|-heal|p2a: Slowking|189\/391|[from] item: Leftovers
|-fieldend|move: Trick Room
|turn|8
|
|move|p2a: Slowking|Scald|p1a: Reuniclus
|-damage|p1a: Reuniclus|45\/424
|move|p1a: Reuniclus|Trick Room|p1a: Reuniclus
|-fieldstart|move: Trick Room|[of] p1a: Reuniclus
|
|-heal|p2a: Slowking|213\/391|[from] item: Leftovers
|turn|9
|
|switch|p2a: Florges|Florges, F|298\/359
|move|p1a: Reuniclus|Psyshock|p2a: Florges
|-damage|p2a: Florges|102\/359
|
|-heal|p2a: Florges|124\/359|[from] item: Leftovers
|turn|10
|
|move|p2a: Florges|Protect|p2a: Florges
|-singleturn|p2a: Florges|Protect
|move|p1a: Reuniclus|Shadow Ball|p2a: Florges
|-activate|p2a: Florges|Protect
|
|-heal|p2a: Florges|146\/359|[from] item: Leftovers
|turn|11
|
|move|p1a: Reuniclus|Psyshock|p2a: Florges
|-damage|p2a: Florges|0 fnt
|faint|p2a: Florges
|
|
|switch|p2a: Slowking|Slowking, M|343\/391
|turn|12
|
|move|p1a: Reuniclus|Shadow Ball|p2a: Slowking
|-supereffective|p2a: Slowking
|-damage|p2a: Slowking|112\/391
|-unboost|p2a: Slowking|spd|1
|move|p2a: Slowking|Scald|p1a: Reuniclus
|-damage|p1a: Reuniclus|0 fnt
|faint|p1a: Reuniclus
|
|-heal|p2a: Slowking|136\/391|[from] item: Leftovers
|-fieldend|move: Trick Room
|
|switch|p1a: Diancie|Diancie|242\/242
|turn|13
|
|move|p2a: Slowking|Scald|p1a: Diancie
|-supereffective|p1a: Diancie
|-damage|p1a: Diancie|120\/242
|-enditem|p1a: Diancie|Weakness Policy
|-boost|p1a: Diancie|atk|2|[from] item: Weakness Policy
|-boost|p1a: Diancie|spa|2|[from] item: Weakness Policy
|-status|p1a: Diancie|brn
|move|p1a: Diancie|Trick Room|p1a: Diancie
|-fieldstart|move: Trick Room|[of] p1a: Diancie
|
|-heal|p2a: Slowking|160\/391|[from] item: Leftovers
|-damage|p1a: Diancie|90\/242 brn|[from] brn
|turn|14
|c|âSacripan'|the burn
|c|âSacripan'|zzzz
|
|move|p1a: Diancie|Moonblast|p2a: Slowking
|-damage|p2a: Slowking|0 fnt
|faint|p2a: Slowking
|
|-damage|p1a: Diancie|60\/242 brn|[from] brn
|
|switch|p2a: Aggron|Aggron, M|344\/344
|turn|15
|
|move|p1a: Diancie|Earth Power|p2a: Aggron
|-supereffective|p2a: Aggron
|-activate|p2a: Aggron|Sturdy
|-damage|p2a: Aggron|1\/344
|-unboost|p2a: Aggron|spd|1
|move|p2a: Aggron|Heavy Slam|p1a: Diancie
|-crit|p1a: Diancie
|-supereffective|p1a: Diancie
|-damage|p1a: Diancie|0 fnt
|faint|p1a: Diancie
|
|
|switch|p1a: Pangoro|Pangoro, M|393\/393
|turn|16
|
|move|p1a: Pangoro|Knock Off|p2a: Aggron
|-damage|p2a: Aggron|0 fnt
|-damage|p1a: Pangoro|354\/393|[from] item: Life Orb
|faint|p2a: Aggron
|
|
|switch|p2a: Mienshao|Mienshao, F|271\/271
|turn|17
|join|Blue DrReuniclus3
|
|move|p1a: Pangoro|Hammer Arm|p2a: Mienshao
|-damage|p2a: Mienshao|0 fnt
|-unboost|p1a: Pangoro|spe|1
|-damage|p1a: Pangoro|315\/393|[from] item: Life Orb
|faint|p2a: Mienshao
|
|-fieldend|move: Trick Room
|
|switch|p2a: Serperior|Serperior, F|291\/291
|turn|18
|
|move|p2a: Serperior|Leaf Storm|p1a: Pangoro
|-damage|p1a: Pangoro|62\/393
|-boost|p2a: Serperior|spa|2
|move|p1a: Pangoro|Gunk Shot|p2a: Serperior
|-supereffective|p2a: Serperior
|-damage|p2a: Serperior|0 fnt
|-damage|p1a: Pangoro|23\/393|[from] item: Life Orb
|faint|p2a: Serperior
|
|win|Sacripan'
|raw|Ladder updating...
|raw|Sacripan&apos;'s rating: 1477 &rarr; <strong>1502<\/strong><br \/>(+25 for winning)
|raw|mega pidgeotto's rating: 1559 &rarr; <strong>1534<\/strong><br \/>(-25 for losing)
|leave|ULT Lapraz
|leave|mega pidgeotto
|player|p2