|join|pokemonisfun
|join|Masochism
|player|p1|pokemonisfun|184
|player|p2|Masochism|23
|gametype|singles
|gen|6
|tier|UU
|rated
|rule|Sleep Clause Mod: Limit one foe put to sleep
|rule|Species Clause: Limit one of each PokÃ©mon
|rule|OHKO Clause: OHKO moves are banned
|rule|Moody Clause: Moody is banned
|rule|Evasion Moves Clause: Evasion moves are banned
|rule|Endless Battle Clause: Forcing endless battles is banned
|rule|HP Percentage Mod: HP is shown in percentages
|clearpoke
|poke|p1|Blissey, F
|poke|p1|Swampert, M
|poke|p1|Granbull, F
|poke|p1|Alomomola, M
|poke|p1|Crobat, F
|poke|p1|Celebi
|poke|p2|Jirachi
|poke|p2|Suicune
|poke|p2|Lucario, F
|poke|p2|Swampert, F
|poke|p2|Crobat, M
|poke|p2|Machamp, M
|rule|Swagger Clause: Swagger is banned
|rule|Baton Pass Clause: Limit one PokÃ©mon knowing Baton Pass
|teampreview
|
|start
|switch|p1a: bubblsy bubbles|Swampert, M|404\/404
|switch|p2a: Machamp|Machamp, M|321\/321
|turn|1
|
|switch|p2a: Swampert|Swampert, F|404\/404
|detailschange|p1a: bubblsy bubbles|Swampert-Mega, M
|-mega|p1a: bubblsy bubbles|Swampert|Swampertite
|move|p1a: bubblsy bubbles|Earthquake|p2a: Swampert
|-damage|p2a: Swampert|266\/404
|
|-heal|p2a: Swampert|291\/404|[from] item: Leftovers
|turn|2
|
|switch|p1a: onion fairy god|Celebi|396\/396
|move|p2a: Swampert|Stealth Rock|p1a: onion fairy god
|-sidestart|p1: pokemonisfun|move: Stealth Rock
|
|-heal|p2a: Swampert|316\/404|[from] item: Leftovers
|turn|3
|
|switch|p2a: Jirachi|Jirachi|341\/341
|move|p1a: onion fairy god|Stealth Rock|p2a: Jirachi
|-sidestart|p2: Masochism|move: Stealth Rock
|
|turn|4
|
|switch|p1a: bubblsy bubbles|Swampert-Mega, M|404\/404
|-damage|p1a: bubblsy bubbles|379\/404|[from] Stealth Rock
|move|p2a: Jirachi|U-turn|p1a: bubblsy bubbles
|-damage|p1a: bubblsy bubbles|319\/404
|
|switch|p2a: Swampert|Swampert, F|316\/404
|-damage|p2a: Swampert|291\/404|[from] Stealth Rock
|
|-heal|p2a: Swampert|316\/404|[from] item: Leftovers
|turn|5
|
|move|p1a: bubblsy bubbles|Scald|p2a: Swampert
|-damage|p2a: Swampert|222\/404
|move|p2a: Swampert|Scald|p1a: bubblsy bubbles
|-damage|p1a: bubblsy bubbles|264\/404
|
|-heal|p2a: Swampert|247\/404|[from] item: Leftovers
|turn|6
|c|âMasochism|is that av mega pert
|c|âMasochism|senpai
|
|switch|p2a: Suicune|Suicune|401\/401
|-damage|p2a: Suicune|351\/401|[from] Stealth Rock
|-ability|p2a: Suicune|Pressure
|move|p1a: bubblsy bubbles|Scald|p2a: Suicune
|-resisted|p2a: Suicune
|-damage|p2a: Suicune|308\/401
|-status|p2a: Suicune|brn
|
|-heal|p2a: Suicune|333\/401 brn|[from] item: Leftovers
|-damage|p2a: Suicune|283\/401 brn|[from] brn
|turn|7
|c|âpokemonisfun|why are you calling me senpai
|c|âpokemonisfun|stop
|c|âMasochism|because you are
|c|âMasochism|my senpai
|c|âpokemonisfun|no im not leave me alone
|c|âMasochism|oh
|
|switch|p2a: Machamp|Machamp, M|321\/321
|-damage|p2a: Machamp|301\/321|[from] Stealth Rock
|move|p1a: bubblsy bubbles|Rest|p1a: bubblsy bubbles
|-status|p1a: bubblsy bubbles|slp
|-heal|p1a: bubblsy bubbles|404\/404 slp|[silent]
|-status|p1a: bubblsy bubbles|slp|[from] move: Rest
|
|turn|8
|
|move|p2a: Machamp|Close Combat|p1a: bubblsy bubbles
|-crit|p1a: bubblsy bubbles
|-damage|p1a: bubblsy bubbles|0 fnt
|-unboost|p2a: Machamp|def|1
|-unboost|p2a: Machamp|spd|1
|faint|p1a: bubblsy bubbles
|
|
|switch|p1a: batsy watzy|Crobat, F|373\/373
|-damage|p1a: batsy watzy|280\/373|[from] Stealth Rock
|turn|9
|
|switch|p2a: Jirachi|Jirachi|341\/341
|-damage|p2a: Jirachi|320\/341|[from] Stealth Rock
|move|p1a: batsy watzy|Brave Bird|p2a: Jirachi
|-resisted|p2a: Jirachi
|-damage|p2a: Jirachi|250\/341
|-damage|p1a: batsy watzy|257\/373|[from] recoil|[of] p2a: Jirachi
|
|-heal|p1a: batsy watzy|280\/373|[from] item: Black Sludge
|turn|10
|
|move|p2a: Jirachi|Trick|p1a: batsy watzy
|-activate|p2a: Jirachi|move: Trick|[of] p1a: batsy watzy
|-item|p1a: batsy watzy|Choice Scarf|[from] move: Trick
|-item|p2a: Jirachi|Black Sludge|[from] move: Trick
|move|p1a: batsy watzy|Brave Bird|p2a: Jirachi
|-resisted|p2a: Jirachi
|-damage|p2a: Jirachi|181\/341
|-damage|p1a: batsy watzy|257\/373|[from] recoil|[of] p2a: Jirachi
|
|-damage|p2a: Jirachi|139\/341|[from] item: Black Sludge
|turn|11
|
|move|p1a: batsy watzy|Brave Bird|p2a: Jirachi
|-resisted|p2a: Jirachi
|-damage|p2a: Jirachi|73\/341
|-damage|p1a: batsy watzy|235\/373|[from] recoil|[of] p2a: Jirachi
|move|p2a: Jirachi|U-turn|p1a: batsy watzy
|-resisted|p1a: batsy watzy
|-damage|p1a: batsy watzy|216\/373
|
|switch|p2a: Crobat|Crobat, M|325\/325
|-damage|p2a: Crobat|244\/325|[from] Stealth Rock
|
|-heal|p2a: Crobat|264\/325|[from] item: Black Sludge
|turn|12
|
|switch|p1a: swimmy swim|Alomomola, M|471\/471
|-damage|p1a: swimmy swim|413\/471|[from] Stealth Rock
|move|p2a: Crobat|Roost|p2a: Crobat
|-heal|p2a: Crobat|325\/325
|
|-heal|p1a: swimmy swim|442\/471|[from] item: Leftovers
|turn|13
|
|move|p2a: Crobat|Toxic|p1a: swimmy swim
|-status|p1a: swimmy swim|tox
|move|p1a: swimmy swim|Wish|p1a: swimmy swim
|
|-heal|p1a: swimmy swim|471\/471 tox|[from] item: Leftovers
|-damage|p1a: swimmy swim|442\/471 tox|[from] psn
|turn|14
|
|switch|p1a: Mega Chansey|Blissey, F|656\/656
|-damage|p1a: Mega Chansey|574\/656|[from] Stealth Rock
|move|p2a: Crobat|Defog|p1a: Mega Chansey
|-unboost|p1a: Mega Chansey|evasion|1
|-sideend|p1: pokemonisfun|Stealth Rock|[from] move: Defog|[of] p1a: Mega Chansey
|-sideend|p2: Masochism|Stealth Rock|[from] move: Defog|[of] p2a: Crobat
|
|-heal|p1a: Mega Chansey|656\/656|[from] move: Wish|[wisher] swimmy swim
|turn|15
|
|switch|p2a: Swampert|Swampert, F|247\/404
|move|p1a: Mega Chansey|Heal Bell|p1a: Mega Chansey
|-cureteam|p1a: Mega Chansey|[from] move: HealBell
|
|-heal|p2a: Swampert|272\/404|[from] item: Leftovers
|turn|16
|
|switch|p1a: onion fairy god|Celebi|396\/396
|move|p2a: Swampert|Stealth Rock|p1a: onion fairy god
|-sidestart|p1: pokemonisfun|move: Stealth Rock
|
|-heal|p2a: Swampert|297\/404|[from] item: Leftovers
|turn|17
|
|switch|p2a: Crobat|Crobat, M|325\/325
|move|p1a: onion fairy god|Stealth Rock|p2a: Crobat
|-sidestart|p2: Masochism|move: Stealth Rock
|
|turn|18
|
|switch|p1a: Mega Chansey|Blissey, F|656\/656
|-damage|p1a: Mega Chansey|574\/656|[from] Stealth Rock
|move|p2a: Crobat|Toxic|p1a: Mega Chansey
|-status|p1a: Mega Chansey|tox
|
|-heal|p1a: Mega Chansey|615\/656 tox|[from] item: Leftovers
|-damage|p1a: Mega Chansey|574\/656 tox|[from] psn
|turn|19
|
|switch|p1a: swimmy swim|Alomomola, M|471\/471
|-damage|p1a: swimmy swim|413\/471|[from] Stealth Rock
|move|p2a: Crobat|Brave Bird|p1a: swimmy swim
|-damage|p1a: swimmy swim|271\/471
|-damage|p2a: Crobat|278\/325|[from] recoil|[of] p1a: swimmy swim
|
|-heal|p2a: Crobat|298\/325|[from] item: Black Sludge
|-heal|p1a: swimmy swim|300\/471|[from] item: Leftovers
|turn|20
|
|move|p2a: Crobat|Toxic|p1a: swimmy swim
|-status|p1a: swimmy swim|tox
|move|p1a: swimmy swim|Scald|p2a: Crobat
|-damage|p2a: Crobat|246\/325
|-status|p2a: Crobat|brn
|
|-heal|p2a: Crobat|266\/325 brn|[from] item: Black Sludge
|-heal|p1a: swimmy swim|329\/471 tox|[from] item: Leftovers
|-damage|p2a: Crobat|226\/325 brn|[from] brn
|-damage|p1a: swimmy swim|300\/471 tox|[from] psn
|turn|21
|
|switch|p2a: Machamp|Machamp, M|301\/321
|-damage|p2a: Machamp|281\/321|[from] Stealth Rock
|switch|p1a: Mega Chansey|Blissey, F|574\/656
|-damage|p1a: Mega Chansey|492\/656|[from] Stealth Rock
|
|-heal|p1a: Mega Chansey|533\/656|[from] item: Leftovers
|turn|22
|
|switch|p1a: woofy woof woof|Granbull, F|384\/384
|-damage|p1a: woofy woof woof|336\/384|[from] Stealth Rock
|-ability|p1a: woofy woof woof|Intimidate|[of] p2a: Machamp
|-unboost|p2a: Machamp|atk|1
|move|p2a: Machamp|Knock Off|p1a: woofy woof woof
|-resisted|p1a: woofy woof woof
|-damage|p1a: woofy woof woof|281\/384
|-enditem|p1a: woofy woof woof|Leftovers|[from] move: Knock Off|[of] p2a: Machamp
|
|turn|23
|
|switch|p2a: Swampert|Swampert, F|297\/404
|-damage|p2a: Swampert|272\/404|[from] Stealth Rock
|move|p1a: woofy woof woof|Play Rough|p2a: Swampert
|-damage|p2a: Swampert|182\/404
|
|-heal|p2a: Swampert|207\/404|[from] item: Leftovers
|turn|24
|
|switch|p1a: Mega Chansey|Blissey, F|533\/656
|-damage|p1a: Mega Chansey|451\/656|[from] Stealth Rock
|move|p2a: Swampert|Roar|p1a: Mega Chansey
|drag|p1a: batsy watzy|Crobat, F|216\/373
|-damage|p1a: batsy watzy|123\/373|[from] Stealth Rock
|
|-heal|p2a: Swampert|232\/404|[from] item: Leftovers
|turn|25
|
|switch|p1a: onion fairy god|Celebi|396\/396
|-damage|p1a: onion fairy god|347\/396|[from] Stealth Rock
|move|p2a: Swampert|Earthquake|p1a: onion fairy god
|-resisted|p1a: onion fairy god
|-damage|p1a: onion fairy god|304\/396
|
|-heal|p1a: onion fairy god|328\/396|[from] item: Leftovers
|-heal|p2a: Swampert|257\/404|[from] item: Leftovers
|turn|26
|
|switch|p2a: Crobat|Crobat, M|226\/325 brn
|-damage|p2a: Crobat|145\/325 brn|[from] Stealth Rock
|move|p1a: onion fairy god|Giga Drain|p2a: Crobat
|-resisted|p2a: Crobat
|-damage|p2a: Crobat|119\/325 brn
|-heal|p1a: onion fairy god|341\/396|[from] drain|[of] p2a: Crobat
|
|-heal|p2a: Crobat|139\/325 brn|[from] item: Black Sludge
|-heal|p1a: onion fairy god|365\/396|[from] item: Leftovers
|-damage|p2a: Crobat|99\/325 brn|[from] brn
|turn|27
|
|switch|p1a: Mega Chansey|Blissey, F|451\/656
|-damage|p1a: Mega Chansey|369\/656|[from] Stealth Rock
|move|p2a: Crobat|Roost|p2a: Crobat
|-heal|p2a: Crobat|262\/325 brn
|
|-heal|p2a: Crobat|282\/325 brn|[from] item: Black Sludge
|-heal|p1a: Mega Chansey|410\/656|[from] item: Leftovers
|-damage|p2a: Crobat|242\/325 brn|[from] brn
|turn|28
|
|switch|p2a: Machamp|Machamp, M|281\/321
|-damage|p2a: Machamp|261\/321|[from] Stealth Rock
|move|p1a: Mega Chansey|Heal Bell|p1a: Mega Chansey
|-cureteam|p1a: Mega Chansey|[from] move: HealBell
|
|-heal|p1a: Mega Chansey|451\/656|[from] item: Leftovers
|turn|29
|
|switch|p1a: swimmy swim|Alomomola, M|457\/471
|-damage|p1a: swimmy swim|399\/471|[from] Stealth Rock
|move|p2a: Machamp|Heavy Slam|p1a: swimmy swim
|-resisted|p1a: swimmy swim
|-damage|p1a: swimmy swim|324\/471
|
|-heal|p1a: swimmy swim|353\/471|[from] item: Leftovers
|turn|30
|c|âMasochism|pls stop
|
|switch|p2a: Suicune|Suicune|283\/401 brn
|-damage|p2a: Suicune|233\/401 brn|[from] Stealth Rock
|-ability|p2a: Suicune|Pressure
|move|p1a: swimmy swim|Wish|p1a: swimmy swim
|
|-heal|p2a: Suicune|258\/401 brn|[from] item: Leftovers
|-heal|p1a: swimmy swim|382\/471|[from] item: Leftovers
|-damage|p2a: Suicune|208\/401 brn|[from] brn
|turn|31
|
|switch|p1a: Mega Chansey|Blissey, F|451\/656
|-damage|p1a: Mega Chansey|369\/656|[from] Stealth Rock
|move|p2a: Suicune|Scald|p1a: Mega Chansey
|-damage|p1a: Mega Chansey|318\/656
|
|-heal|p1a: Mega Chansey|553\/656|[from] move: Wish|[wisher] swimmy swim
|-heal|p2a: Suicune|233\/401 brn|[from] item: Leftovers
|-heal|p1a: Mega Chansey|594\/656|[from] item: Leftovers
|-damage|p2a: Suicune|183\/401 brn|[from] brn
|turn|32
|
|move|p2a: Suicune|Rest|p2a: Suicune
|-status|p2a: Suicune|slp
|-heal|p2a: Suicune|401\/401 slp|[silent]
|-status|p2a: Suicune|slp|[from] move: Rest
|move|p1a: Mega Chansey|Seismic Toss|p2a: Suicune
|-damage|p2a: Suicune|301\/401 slp
|
|-heal|p2a: Suicune|326\/401 slp|[from] item: Leftovers
|-heal|p1a: Mega Chansey|635\/656|[from] item: Leftovers
|turn|33
|
|cant|p2a: Suicune|slp
|move|p2a: Suicune|Sleep Talk|p2a: Suicune
|move|p2a: Suicune|Rest|p2a: Suicune|[from]Sleep Talk
|-fail|p2a: Suicune
|move|p1a: Mega Chansey|Seismic Toss|p2a: Suicune
|-damage|p2a: Suicune|226\/401 slp
|
|-heal|p2a: Suicune|251\/401 slp|[from] item: Leftovers
|-heal|p1a: Mega Chansey|656\/656|[from] item: Leftovers
|turn|34
|
|switch|p1a: onion fairy god|Celebi|365\/396
|-damage|p1a: onion fairy god|316\/396|[from] Stealth Rock
|cant|p2a: Suicune|slp
|move|p2a: Suicune|Sleep Talk|p2a: Suicune
|move|p2a: Suicune|Rest|p2a: Suicune|[from]Sleep Talk
|-fail|p2a: Suicune
|
|-heal|p1a: onion fairy god|340\/396|[from] item: Leftovers
|-heal|p2a: Suicune|276\/401 slp|[from] item: Leftovers
|turn|35
|
|switch|p1a: Mega Chansey|Blissey, F|656\/656
|-damage|p1a: Mega Chansey|574\/656|[from] Stealth Rock
|switch|p2a: Crobat|Crobat, M|242\/325 brn
|-damage|p2a: Crobat|161\/325 brn|[from] Stealth Rock
|
|-heal|p2a: Crobat|181\/325 brn|[from] item: Black Sludge
|-heal|p1a: Mega Chansey|615\/656|[from] item: Leftovers
|-damage|p2a: Crobat|141\/325 brn|[from] brn
|turn|36
|
|move|p2a: Crobat|Roost|p2a: Crobat
|-heal|p2a: Crobat|304\/325 brn
|move|p1a: Mega Chansey|Seismic Toss|p2a: Crobat
|-damage|p2a: Crobat|204\/325 brn
|
|-heal|p2a: Crobat|224\/325 brn|[from] item: Black Sludge
|-heal|p1a: Mega Chansey|656\/656|[from] item: Leftovers
|-damage|p2a: Crobat|184\/325 brn|[from] brn
|turn|37
|
|switch|p2a: Machamp|Machamp, M|261\/321
|-damage|p2a: Machamp|241\/321|[from] Stealth Rock
|move|p1a: Mega Chansey|Seismic Toss|p2a: Machamp
|-damage|p2a: Machamp|141\/321
|
|turn|38
|
|switch|p1a: swimmy swim|Alomomola, M|471\/471
|-damage|p1a: swimmy swim|413\/471|[from] Stealth Rock
|move|p2a: Machamp|Close Combat|p1a: swimmy swim
|-crit|p1a: swimmy swim
|-damage|p1a: swimmy swim|11\/471
|-unboost|p2a: Machamp|def|1
|-unboost|p2a: Machamp|spd|1
|
|-heal|p1a: swimmy swim|40\/471|[from] item: Leftovers
|turn|39
|c|âpokemonisfun|what a lord
|
|switch|p2a: Jirachi|Jirachi|73\/341
|-damage|p2a: Jirachi|52\/341|[from] Stealth Rock
|move|p1a: swimmy swim|Protect|p1a: swimmy swim
|-fail|p1a: swimmy swim
|
|-damage|p2a: Jirachi|10\/341|[from] item: Black Sludge
|-heal|p1a: swimmy swim|69\/471|[from] item: Leftovers
|turn|40
|
|move|p1a: swimmy swim|Protect|p1a: swimmy swim
|-singleturn|p1a: swimmy swim|Protect
|move|p2a: Jirachi|Healing Wish|p2a: Jirachi
|faint|p2a: Jirachi
|
|-heal|p1a: swimmy swim|98\/471|[from] item: Leftovers
|
|switch|p2a: Crobat|Crobat, M|184\/325 brn
|-heal|p2a: Crobat|325\/325|[from] move: Healing Wish
|-damage|p2a: Crobat|244\/325|[from] Stealth Rock
|turn|41
|
|switch|p1a: Mega Chansey|Blissey, F|656\/656
|-damage|p1a: Mega Chansey|574\/656|[from] Stealth Rock
|move|p2a: Crobat|Brave Bird|p1a: Mega Chansey
|-damage|p1a: Mega Chansey|240\/656
|-damage|p2a: Crobat|134\/325|[from] recoil|[of] p1a: Mega Chansey
|
|-heal|p2a: Crobat|154\/325|[from] item: Black Sludge
|-heal|p1a: Mega Chansey|281\/656|[from] item: Leftovers
|turn|42
|c|âpokemonisfun|all my hard work
|
|switch|p1a: woofy woof woof|Granbull, F|281\/384
|-damage|p1a: woofy woof woof|233\/384|[from] Stealth Rock
|-ability|p1a: woofy woof woof|Intimidate|[of] p2a: Crobat
|-unboost|p2a: Crobat|atk|1
|move|p2a: Crobat|Brave Bird|p1a: woofy woof woof
|-damage|p1a: woofy woof woof|136\/384
|-damage|p2a: Crobat|122\/325|[from] recoil|[of] p1a: woofy woof woof
|
|-heal|p2a: Crobat|142\/325|[from] item: Black Sludge
|turn|43
|c|âMasochism|soz senpai
|c|âpokemonisfun|im not your senpai
|c|âMasochism|yea you are
|c|âMasochism|pls notice me
|
|move|p2a: Crobat|Brave Bird|p1a: woofy woof woof
|-crit|p1a: woofy woof woof
|-damage|p1a: woofy woof woof|0 fnt
|-damage|p2a: Crobat|97\/325|[from] recoil|[of] p1a: woofy woof woof
|faint|p1a: woofy woof woof
|
|-heal|p2a: Crobat|117\/325|[from] item: Black Sludge
|
|switch|p1a: swimmy swim|Alomomola, M|255\/471
|-damage|p1a: swimmy swim|197\/471|[from] Stealth Rock
|turn|44
|
|move|p2a: Crobat|Roost|p2a: Crobat
|-heal|p2a: Crobat|280\/325
|move|p1a: swimmy swim|Wish|p1a: swimmy swim
|
|-heal|p2a: Crobat|300\/325|[from] item: Black Sludge
|-heal|p1a: swimmy swim|226\/471|[from] item: Leftovers
|turn|45
|
|switch|p2a: Swampert|Swampert, F|257\/404
|-damage|p2a: Swampert|232\/404|[from] Stealth Rock
|switch|p1a: Mega Chansey|Blissey, F|281\/656
|-damage|p1a: Mega Chansey|199\/656|[from] Stealth Rock
|
|-heal|p1a: Mega Chansey|434\/656|[from] move: Wish|[wisher] swimmy swim
|-heal|p1a: Mega Chansey|475\/656|[from] item: Leftovers
|-heal|p2a: Swampert|257\/404|[from] item: Leftovers
|turn|46
|
|move|p1a: Mega Chansey|Toxic|p2a: Swampert
|-status|p2a: Swampert|tox
|move|p2a: Swampert|Earthquake|p1a: Mega Chansey
|-damage|p1a: Mega Chansey|231\/656
|
|-heal|p1a: Mega Chansey|272\/656|[from] item: Leftovers
|-heal|p2a: Swampert|282\/404 tox|[from] item: Leftovers
|-damage|p2a: Swampert|257\/404 tox|[from] psn
|turn|47
|
|move|p1a: Mega Chansey|Soft-Boiled|p1a: Mega Chansey
|-heal|p1a: Mega Chansey|600\/656
|move|p2a: Swampert|Earthquake|p1a: Mega Chansey
|-damage|p1a: Mega Chansey|360\/656
|
|-heal|p1a: Mega Chansey|401\/656|[from] item: Leftovers
|-heal|p2a: Swampert|282\/404 tox|[from] item: Leftovers
|-damage|p2a: Swampert|232\/404 tox|[from] psn
|turn|48
|
|switch|p2a: Machamp|Machamp, M|141\/321
|-damage|p2a: Machamp|121\/321|[from] Stealth Rock
|move|p1a: Mega Chansey|Soft-Boiled|p1a: Mega Chansey
|-heal|p1a: Mega Chansey|656\/656
|
|turn|49
|
|switch|p1a: swimmy swim|Alomomola, M|383\/471
|-damage|p1a: swimmy swim|325\/471|[from] Stealth Rock
|move|p2a: Machamp|Close Combat|p1a: swimmy swim
|-damage|p1a: swimmy swim|57\/471
|-unboost|p2a: Machamp|def|1
|-unboost|p2a: Machamp|spd|1
|
|-heal|p1a: swimmy swim|86\/471|[from] item: Leftovers
|turn|50
|c|âpokemonisfun|thats kind of strong
|
|move|p1a: swimmy swim|Protect|p1a: swimmy swim
|-singleturn|p1a: swimmy swim|Protect
|move|p2a: Machamp|Close Combat|p1a: swimmy swim
|-activate|p1a: swimmy swim|Protect
|
|-heal|p1a: swimmy swim|115\/471|[from] item: Leftovers
|turn|51
|c|âMasochism|been lifting
|
|switch|p1a: onion fairy god|Celebi|340\/396
|-damage|p1a: onion fairy god|291\/396|[from] Stealth Rock
|move|p2a: Machamp|Close Combat|p1a: onion fairy god
|-resisted|p1a: onion fairy god
|-damage|p1a: onion fairy god|156\/396
|-unboost|p2a: Machamp|def|1
|-unboost|p2a: Machamp|spd|1
|
|-heal|p1a: onion fairy god|180\/396|[from] item: Leftovers
|turn|52
|
|switch|p2a: Crobat|Crobat, M|300\/325
|-damage|p2a: Crobat|219\/325|[from] Stealth Rock
|move|p1a: onion fairy god|Recover|p1a: onion fairy god
|-heal|p1a: onion fairy god|378\/396
|
|-heal|p2a: Crobat|239\/325|[from] item: Black Sludge
|-heal|p1a: onion fairy god|396\/396|[from] item: Leftovers
|turn|53
|
|move|p2a: Crobat|Brave Bird|p1a: onion fairy god
|-supereffective|p1a: onion fairy god
|-damage|p1a: onion fairy god|178\/396
|-damage|p2a: Crobat|167\/325|[from] recoil|[of] p1a: onion fairy god
|move|p1a: onion fairy god|Recover|p1a: onion fairy god
|-heal|p1a: onion fairy god|376\/396
|
|-heal|p2a: Crobat|187\/325|[from] item: Black Sludge
|-heal|p1a: onion fairy god|396\/396|[from] item: Leftovers
|turn|54
|c|âMasochism|that did nothing
|
|switch|p1a: Mega Chansey|Blissey, F|656\/656
|-damage|p1a: Mega Chansey|574\/656|[from] Stealth Rock
|move|p2a: Crobat|Toxic|p1a: Mega Chansey
|-status|p1a: Mega Chansey|tox
|
|-heal|p2a: Crobat|207\/325|[from] item: Black Sludge
|-heal|p1a: Mega Chansey|615\/656 tox|[from] item: Leftovers
|-damage|p1a: Mega Chansey|574\/656 tox|[from] psn
|turn|55
|
|switch|p1a: swimmy swim|Alomomola, M|272\/471
|-damage|p1a: swimmy swim|214\/471|[from] Stealth Rock
|move|p2a: Crobat|Roost|p2a: Crobat
|-heal|p2a: Crobat|325\/325
|
|-heal|p1a: swimmy swim|243\/471|[from] item: Leftovers
|turn|56
|c|âpokemonisfun|lol
|c|âpokemonisfun|cc almost did as much as bb
|
|move|p2a: Crobat|Toxic|p1a: swimmy swim
|-status|p1a: swimmy swim|tox
|move|p1a: swimmy swim|Scald|p2a: Crobat
|-damage|p2a: Crobat|273\/325
|-status|p2a: Crobat|brn
|
|-heal|p2a: Crobat|293\/325 brn|[from] item: Black Sludge
|-heal|p1a: swimmy swim|272\/471 tox|[from] item: Leftovers
|-damage|p2a: Crobat|253\/325 brn|[from] brn
|-damage|p1a: swimmy swim|243\/471 tox|[from] psn
|turn|57
|c|âMasochism|wow pls stop burns
|
|switch|p2a: Swampert|Swampert, F|232\/404 tox
|-damage|p2a: Swampert|207\/404 tox|[from] Stealth Rock
|move|p1a: swimmy swim|Wish|p1a: swimmy swim
|
|-heal|p1a: swimmy swim|272\/471 tox|[from] item: Leftovers
|-heal|p2a: Swampert|232\/404 tox|[from] item: Leftovers
|-damage|p1a: swimmy swim|214\/471 tox|[from] psn
|-damage|p2a: Swampert|207\/404 tox|[from] psn
|turn|58
|
|switch|p1a: onion fairy god|Celebi|396\/396
|-damage|p1a: onion fairy god|347\/396|[from] Stealth Rock
|move|p2a: Swampert|Scald|p1a: onion fairy god
|-resisted|p1a: onion fairy god
|-damage|p1a: onion fairy god|305\/396
|
|-heal|p1a: onion fairy god|396\/396|[from] move: Wish|[wisher] swimmy swim
|-heal|p2a: Swampert|232\/404 tox|[from] item: Leftovers
|-damage|p2a: Swampert|182\/404 tox|[from] psn
|turn|59
|
|move|p1a: onion fairy god|Giga Drain|p2a: Swampert
|-crit|p2a: Swampert
|-supereffective|p2a: Swampert
|-damage|p2a: Swampert|0 fnt
|faint|p2a: Swampert
|
|
|switch|p2a: Lucario|Lucario, F|281\/281
|-damage|p2a: Lucario|273\/281|[from] Stealth Rock
|turn|60
|
|move|p2a: Lucario|Swords Dance|p2a: Lucario
|-boost|p2a: Lucario|atk|2
|move|p1a: onion fairy god|Perish Song|p1a: onion fairy god
|-fieldactivate|move: Perish Song
|
|-start|p2a: Lucario|perish3
|-start|p1a: onion fairy god|perish3
|turn|61
|
|move|p2a: Lucario|Crunch|p1a: onion fairy god
|-supereffective|p1a: onion fairy god
|-damage|p1a: onion fairy god|63\/396
|-unboost|p1a: onion fairy god|def|1
|-damage|p2a: Lucario|245\/281|[from] item: Life Orb
|move|p1a: onion fairy god|Recover|p1a: onion fairy god
|-heal|p1a: onion fairy god|261\/396
|
|-start|p2a: Lucario|perish2
|-start|p1a: onion fairy god|perish2
|-heal|p1a: onion fairy god|285\/396|[from] item: Leftovers
|turn|62
|
|switch|p1a: batsy watzy|Crobat, F|123\/373
|-damage|p1a: batsy watzy|30\/373|[from] Stealth Rock
|move|p2a: Lucario|Crunch|p1a: batsy watzy
|-damage|p1a: batsy watzy|0 fnt
|-damage|p2a: Lucario|217\/281|[from] item: Life Orb
|faint|p1a: batsy watzy
|
|-start|p2a: Lucario|perish1
|
|switch|p1a: Mega Chansey|Blissey, F|574\/656
|-damage|p1a: Mega Chansey|492\/656|[from] Stealth Rock
|turn|63
|c|âpokemonisfun|luc counter
|
|switch|p2a: Crobat|Crobat, M|253\/325 brn
|-damage|p2a: Crobat|172\/325 brn|[from] Stealth Rock
|move|p1a: Mega Chansey|Heal Bell|p1a: Mega Chansey
|-cureteam|p1a: Mega Chansey|[from] move: HealBell
|
|-heal|p2a: Crobat|192\/325 brn|[from] item: Black Sludge
|-heal|p1a: Mega Chansey|533\/656|[from] item: Leftovers
|-damage|p2a: Crobat|152\/325 brn|[from] brn
|turn|64
|
|move|p2a: Crobat|Toxic|p1a: Mega Chansey
|-status|p1a: Mega Chansey|tox
|move|p1a: Mega Chansey|Seismic Toss|p2a: Crobat
|-damage|p2a: Crobat|52\/325 brn
|
|-heal|p2a: Crobat|72\/325 brn|[from] item: Black Sludge
|-heal|p1a: Mega Chansey|574\/656 tox|[from] item: Leftovers
|-damage|p2a: Crobat|32\/325 brn|[from] brn
|-damage|p1a: Mega Chansey|533\/656 tox|[from] psn
|turn|65
|
|switch|p1a: onion fairy god|Celebi|285\/396
|-damage|p1a: onion fairy god|236\/396|[from] Stealth Rock
|move|p2a: Crobat|Brave Bird|p1a: onion fairy god
|-supereffective|p1a: onion fairy god
|-damage|p1a: onion fairy god|104\/396
|-damage|p2a: Crobat|0 fnt|[from] recoil|[of] p1a: onion fairy god
|faint|p2a: Crobat
|
|-heal|p1a: onion fairy god|128\/396|[from] item: Leftovers
|
|switch|p2a: Lucario|Lucario, F|217\/281
|-damage|p2a: Lucario|209\/281|[from] Stealth Rock
|turn|66
|
|move|p2a: Lucario|Swords Dance|p2a: Lucario
|-boost|p2a: Lucario|atk|2
|move|p1a: onion fairy god|Perish Song|p1a: onion fairy god
|-fieldactivate|move: Perish Song
|
|-start|p2a: Lucario|perish3
|-start|p1a: onion fairy god|perish3
|-heal|p1a: onion fairy god|152\/396|[from] item: Leftovers
|turn|67
|
|move|p2a: Lucario|Close Combat|p1a: onion fairy god
|-resisted|p1a: onion fairy god
|-damage|p1a: onion fairy god|0 fnt
|-unboost|p2a: Lucario|def|1
|-unboost|p2a: Lucario|spd|1
|-damage|p2a: Lucario|181\/281|[from] item: Life Orb
|faint|p1a: onion fairy god
|
|-start|p2a: Lucario|perish2
|
|switch|p1a: swimmy swim|Alomomola, M|371\/471
|-damage|p1a: swimmy swim|313\/471|[from] Stealth Rock
|turn|68
|c|âMasochism|even if you lose you'll still be my senpai
|
|move|p1a: swimmy swim|Protect|p1a: swimmy swim
|-singleturn|p1a: swimmy swim|Protect
|move|p2a: Lucario|Close Combat|p1a: swimmy swim
|-activate|p1a: swimmy swim|Protect
|
|-start|p2a: Lucario|perish1
|-heal|p1a: swimmy swim|342\/471|[from] item: Leftovers
|turn|69
|
|move|p1a: swimmy swim|Protect|p1a: swimmy swim
|-fail|p1a: swimmy swim
|move|p2a: Lucario|Close Combat|p1a: swimmy swim
|-damage|p1a: swimmy swim|0 fnt
|-unboost|p2a: Lucario|def|1
|-unboost|p2a: Lucario|spd|1
|-damage|p2a: Lucario|153\/281|[from] item: Life Orb
|faint|p1a: swimmy swim
|
|-start|p2a: Lucario|perish0
|faint|p2a: Lucario
|c|âpokemonisfun|well thats a relief
|
|switch|p2a: Machamp|Machamp, M|121\/321
|switch|p1a: Mega Chansey|Blissey, F|533\/656
|-damage|p2a: Machamp|101\/321|[from] Stealth Rock
|-damage|p1a: Mega Chansey|451\/656|[from] Stealth Rock
|turn|70
|c|âMasochism|n_n
|
|move|p2a: Machamp|Close Combat|p1a: Mega Chansey
|-supereffective|p1a: Mega Chansey
|-damage|p1a: Mega Chansey|0 fnt
|-unboost|p2a: Machamp|def|1
|-unboost|p2a: Machamp|spd|1
|faint|p1a: Mega Chansey
|
|win|Masochism
|raw|Ladder updating...
|raw|pokemonisfun's rating: 1635 &rarr; <strong>1604<\/strong><br \/>(-31 for losing)
|raw|Masochism's rating: 1427 &rarr; <strong>1458<\/strong><br \/>(+31 for winning)
|c|âpokemonisfun|GG
|leave|pokemonisfun
|player|p1