|join|Masochism
|join|scoutisout
|player|p1|Masochism|167
|player|p2|scoutisout|170
|gametype|singles
|gen|6
|tier|UU
|rated
|rule|Sleep Clause Mod: Limit one foe put to sleep
|rule|Species Clause: Limit one of each PokÃ©mon
|rule|OHKO Clause: OHKO moves are banned
|rule|Moody Clause: Moody is banned
|rule|Evasion Moves Clause: Evasion moves are banned
|rule|Endless Battle Clause: Forcing endless battles is banned
|rule|HP Percentage Mod: HP is shown in percentages
|clearpoke
|poke|p1|Jirachi
|poke|p1|Suicune
|poke|p1|Diancie
|poke|p1|Swampert, M
|poke|p1|Crobat, F
|poke|p1|Machamp, M
|poke|p2|Jirachi
|poke|p2|Crobat, F
|poke|p2|Swampert, F
|poke|p2|Blissey, F
|poke|p2|Aerodactyl, F
|poke|p2|Krookodile, F
|rule|Swagger Clause: Swagger is banned
|rule|Baton Pass Clause: Limit one PokÃ©mon knowing Baton Pass
|teampreview
|c|âscoutisout|wtf
|c|âscoutisout|this is gay af
|
|start
|switch|p1a: Swampert|Swampert, M|404\/404
|switch|p2a: Swampert|Swampert, F|404\/404
|turn|1
|
|move|p2a: Swampert|Scald|p1a: Swampert
|-damage|p1a: Swampert|317\/404
|-status|p1a: Swampert|brn
|move|p1a: Swampert|Stealth Rock|p2a: Swampert
|-sidestart|p2: scoutisout|move: Stealth Rock
|
|-heal|p1a: Swampert|342\/404 brn|[from] item: Leftovers
|-damage|p1a: Swampert|292\/404 brn|[from] brn
|turn|2
|
|switch|p1a: Machamp|Machamp, M|321\/321
|move|p2a: Swampert|Stealth Rock|p1a: Machamp
|-sidestart|p1: Masochism|move: Stealth Rock
|
|turn|3
|
|move|p1a: Machamp|Knock Off|p2a: Swampert
|-damage|p2a: Swampert|268\/404
|-enditem|p2a: Swampert|Leftovers|[from] move: Knock Off|[of] p1a: Machamp
|move|p2a: Swampert|Earthquake|p1a: Machamp
|-damage|p1a: Machamp|161\/321
|
|turn|4
|
|switch|p1a: Suicune|Suicune|401\/401
|-damage|p1a: Suicune|351\/401|[from] Stealth Rock
|-ability|p1a: Suicune|Pressure
|move|p2a: Swampert|Earthquake|p1a: Suicune
|-damage|p1a: Suicune|263\/401
|
|-heal|p1a: Suicune|288\/401|[from] item: Leftovers
|turn|5
|
|switch|p2a: Blissey|Blissey, F|652\/652
|-damage|p2a: Blissey|571\/652|[from] Stealth Rock
|move|p1a: Suicune|Scald|p2a: Blissey
|-damage|p2a: Blissey|517\/652
|
|-heal|p1a: Suicune|313\/401|[from] item: Leftovers
|-heal|p2a: Blissey|557\/652|[from] item: Leftovers
|turn|6
|
|move|p1a: Suicune|Calm Mind|p1a: Suicune
|-boost|p1a: Suicune|spa|1
|-boost|p1a: Suicune|spd|1
|move|p2a: Blissey|Seismic Toss|p1a: Suicune
|-damage|p1a: Suicune|213\/401
|
|-heal|p1a: Suicune|238\/401|[from] item: Leftovers
|-heal|p2a: Blissey|597\/652|[from] item: Leftovers
|turn|7
|
|move|p1a: Suicune|Calm Mind|p1a: Suicune
|-boost|p1a: Suicune|spa|1
|-boost|p1a: Suicune|spd|1
|move|p2a: Blissey|Toxic|p1a: Suicune|[miss]
|-miss|p2a: Blissey|p1a: Suicune
|
|-heal|p1a: Suicune|263\/401|[from] item: Leftovers
|-heal|p2a: Blissey|637\/652|[from] item: Leftovers
|turn|8
|
|move|p1a: Suicune|Calm Mind|p1a: Suicune
|-boost|p1a: Suicune|spa|1
|-boost|p1a: Suicune|spd|1
|move|p2a: Blissey|Toxic|p1a: Suicune
|-status|p1a: Suicune|tox
|
|-heal|p1a: Suicune|288\/401 tox|[from] item: Leftovers
|-heal|p2a: Blissey|652\/652|[from] item: Leftovers
|-damage|p1a: Suicune|263\/401 tox|[from] psn
|turn|9
|
|switch|p2a: Krookodile|Krookodile, F|332\/332
|-damage|p2a: Krookodile|312\/332|[from] Stealth Rock
|move|p1a: Suicune|Calm Mind|p1a: Suicune
|-boost|p1a: Suicune|spa|1
|-boost|p1a: Suicune|spd|1
|
|-heal|p1a: Suicune|288\/401 tox|[from] item: Leftovers
|-damage|p1a: Suicune|238\/401 tox|[from] psn
|turn|10
|
|move|p2a: Krookodile|Knock Off|p1a: Suicune
|-crit|p1a: Suicune
|-damage|p1a: Suicune|79\/401 tox
|-enditem|p1a: Suicune|Leftovers|[from] move: Knock Off|[of] p2a: Krookodile
|move|p1a: Suicune|Rest|p1a: Suicune
|-status|p1a: Suicune|slp
|-heal|p1a: Suicune|401\/401 slp|[silent]
|-status|p1a: Suicune|slp|[from] move: Rest
|
|turn|11
|
|switch|p2a: Blissey|Blissey, F|652\/652
|-damage|p2a: Blissey|571\/652|[from] Stealth Rock
|cant|p1a: Suicune|slp
|move|p1a: Suicune|Sleep Talk|p1a: Suicune
|move|p1a: Suicune|Scald|p2a: Blissey|[from]Sleep Talk
|-damage|p2a: Blissey|415\/652
|
|-heal|p2a: Blissey|455\/652|[from] item: Leftovers
|turn|12
|
|cant|p1a: Suicune|slp
|move|p1a: Suicune|Sleep Talk|p1a: Suicune
|move|p1a: Suicune|Rest|p1a: Suicune|[from]Sleep Talk
|-fail|p1a: Suicune
|move|p2a: Blissey|Seismic Toss|p1a: Suicune
|-damage|p1a: Suicune|301\/401 slp
|
|-heal|p2a: Blissey|495\/652|[from] item: Leftovers
|turn|13
|
|-curestatus|p1a: Suicune|slp
|move|p1a: Suicune|Calm Mind|p1a: Suicune
|-boost|p1a: Suicune|spa|1
|-boost|p1a: Suicune|spd|1
|move|p2a: Blissey|Seismic Toss|p1a: Suicune
|-damage|p1a: Suicune|201\/401
|
|-heal|p2a: Blissey|535\/652|[from] item: Leftovers
|turn|14
|
|move|p1a: Suicune|Calm Mind|p1a: Suicune
|-boost|p1a: Suicune|spa|1
|-boost|p1a: Suicune|spd|1
|move|p2a: Blissey|Toxic|p1a: Suicune
|-status|p1a: Suicune|tox
|
|-heal|p2a: Blissey|575\/652|[from] item: Leftovers
|-damage|p1a: Suicune|176\/401 tox|[from] psn
|turn|15
|
|move|p1a: Suicune|Rest|p1a: Suicune
|-status|p1a: Suicune|slp
|-heal|p1a: Suicune|401\/401 slp|[silent]
|-status|p1a: Suicune|slp|[from] move: Rest
|move|p2a: Blissey|Seismic Toss|p1a: Suicune
|-damage|p1a: Suicune|301\/401 slp
|
|-heal|p2a: Blissey|615\/652|[from] item: Leftovers
|turn|16
|
|cant|p1a: Suicune|slp
|move|p1a: Suicune|Sleep Talk|p1a: Suicune
|move|p1a: Suicune|Scald|p2a: Blissey|[from]Sleep Talk
|-damage|p2a: Blissey|408\/652
|move|p2a: Blissey|Seismic Toss|p1a: Suicune
|-damage|p1a: Suicune|201\/401 slp
|
|-heal|p2a: Blissey|448\/652|[from] item: Leftovers
|turn|17
|c|âMasochism|who the fk runs max spdef blis
|
|cant|p1a: Suicune|slp
|move|p2a: Blissey|Seismic Toss|p1a: Suicune
|-damage|p1a: Suicune|101\/401 slp
|
|-heal|p2a: Blissey|488\/652|[from] item: Leftovers
|turn|18
|c|âscoutisout|i dont
|
|-curestatus|p1a: Suicune|slp
|move|p1a: Suicune|Rest|p1a: Suicune
|-status|p1a: Suicune|slp
|-heal|p1a: Suicune|401\/401 slp|[silent]
|-status|p1a: Suicune|slp|[from] move: Rest
|move|p2a: Blissey|Seismic Toss|p1a: Suicune
|-damage|p1a: Suicune|301\/401 slp
|
|-heal|p2a: Blissey|528\/652|[from] item: Leftovers
|turn|19
|
|cant|p1a: Suicune|slp
|move|p2a: Blissey|Seismic Toss|p1a: Suicune
|-damage|p1a: Suicune|201\/401 slp
|
|-heal|p2a: Blissey|568\/652|[from] item: Leftovers
|turn|20
|c|âscoutisout|what kind of fagget runs rachi and suicune on the came team?
|
|cant|p1a: Suicune|slp
|move|p2a: Blissey|Seismic Toss|p1a: Suicune
|-damage|p1a: Suicune|101\/401 slp
|
|-heal|p2a: Blissey|608\/652|[from] item: Leftovers
|turn|21
|
|-curestatus|p1a: Suicune|slp
|move|p1a: Suicune|Rest|p1a: Suicune
|-status|p1a: Suicune|slp
|-heal|p1a: Suicune|401\/401 slp|[silent]
|-status|p1a: Suicune|slp|[from] move: Rest
|move|p2a: Blissey|Seismic Toss|p1a: Suicune
|-damage|p1a: Suicune|301\/401 slp
|
|-heal|p2a: Blissey|648\/652|[from] item: Leftovers
|turn|22
|c|âMasochism|i dont see the problem
|c|âscoutisout|rachi and crocune are cancerous
|
|cant|p1a: Suicune|slp
|move|p2a: Blissey|Seismic Toss|p1a: Suicune
|-damage|p1a: Suicune|201\/401 slp
|
|-heal|p2a: Blissey|652\/652|[from] item: Leftovers
|turn|23
|c|âMasochism|k
|
|cant|p1a: Suicune|slp
|move|p2a: Blissey|Seismic Toss|p1a: Suicune
|-damage|p1a: Suicune|101\/401 slp
|
|turn|24
|
|switch|p2a: Krookodile|Krookodile, F|312\/332
|-damage|p2a: Krookodile|292\/332|[from] Stealth Rock
|-curestatus|p1a: Suicune|slp
|move|p1a: Suicune|Rest|p1a: Suicune
|-status|p1a: Suicune|slp
|-heal|p1a: Suicune|401\/401 slp|[silent]
|-status|p1a: Suicune|slp|[from] move: Rest
|
|turn|25
|
|move|p2a: Krookodile|Earthquake|p1a: Suicune
|-damage|p1a: Suicune|289\/401 slp
|cant|p1a: Suicune|slp
|move|p1a: Suicune|Sleep Talk|p1a: Suicune
|move|p1a: Suicune|Rest|p1a: Suicune|[from]Sleep Talk
|-fail|p1a: Suicune
|
|turn|26
|
|move|p2a: Krookodile|Earthquake|p1a: Suicune
|-damage|p1a: Suicune|177\/401 slp
|cant|p1a: Suicune|slp
|move|p1a: Suicune|Sleep Talk|p1a: Suicune
|move|p1a: Suicune|Rest|p1a: Suicune|[from]Sleep Talk
|-fail|p1a: Suicune
|
|turn|27
|
|move|p2a: Krookodile|Earthquake|p1a: Suicune
|-damage|p1a: Suicune|71\/401 slp
|-curestatus|p1a: Suicune|slp
|move|p1a: Suicune|Rest|p1a: Suicune
|-status|p1a: Suicune|slp
|-heal|p1a: Suicune|401\/401 slp|[silent]
|-status|p1a: Suicune|slp|[from] move: Rest
|
|turn|28
|
|move|p2a: Krookodile|Earthquake|p1a: Suicune
|-damage|p1a: Suicune|284\/401 slp
|cant|p1a: Suicune|slp
|move|p1a: Suicune|Sleep Talk|p1a: Suicune
|move|p1a: Suicune|Calm Mind|p1a: Suicune|[from]Sleep Talk
|-fail|p1a: Suicune
|
|turn|29
|
|move|p2a: Krookodile|Earthquake|p1a: Suicune
|-damage|p1a: Suicune|170\/401 slp
|cant|p1a: Suicune|slp
|move|p1a: Suicune|Sleep Talk|p1a: Suicune
|move|p1a: Suicune|Scald|p2a: Krookodile|[from]Sleep Talk
|-supereffective|p2a: Krookodile
|-damage|p2a: Krookodile|0 fnt
|faint|p2a: Krookodile
|
|
|switch|p2a: Jirachi|Jirachi|397\/397
|-damage|p2a: Jirachi|373\/397|[from] Stealth Rock
|turn|30
|
|move|p2a: Jirachi|Iron Head|p1a: Suicune
|-resisted|p1a: Suicune
|-damage|p1a: Suicune|125\/401 slp
|-curestatus|p1a: Suicune|slp
|move|p1a: Suicune|Scald|p2a: Jirachi
|-damage|p2a: Jirachi|24\/397
|
|-heal|p2a: Jirachi|48\/397|[from] item: Leftovers
|turn|31
|
|move|p2a: Jirachi|Iron Head|p1a: Suicune
|-resisted|p1a: Suicune
|-damage|p1a: Suicune|79\/401
|cant|p1a: Suicune|flinch
|
|-heal|p2a: Jirachi|72\/397|[from] item: Leftovers
|turn|32
|
|move|p2a: Jirachi|Iron Head|p1a: Suicune
|-resisted|p1a: Suicune
|-damage|p1a: Suicune|37\/401
|cant|p1a: Suicune|flinch
|
|-heal|p2a: Jirachi|96\/397|[from] item: Leftovers
|turn|33
|
|switch|p1a: Jirachi|Jirachi|341\/341
|-damage|p1a: Jirachi|320\/341|[from] Stealth Rock
|move|p2a: Jirachi|Iron Head|p1a: Jirachi
|-resisted|p1a: Jirachi
|-damage|p1a: Jirachi|251\/341
|
|-heal|p2a: Jirachi|120\/397|[from] item: Leftovers
|turn|34
|
|move|p1a: Jirachi|U-turn|p2a: Jirachi
|-damage|p2a: Jirachi|54\/397
|
|switch|p1a: Swampert|Swampert, M|292\/404 brn
|-damage|p1a: Swampert|267\/404 brn|[from] Stealth Rock
|move|p2a: Jirachi|Iron Head|p1a: Swampert
|-crit|p1a: Swampert
|-resisted|p1a: Swampert
|-damage|p1a: Swampert|186\/404 brn
|
|-heal|p2a: Jirachi|78\/397|[from] item: Leftovers
|-heal|p1a: Swampert|211\/404 brn|[from] item: Leftovers
|-damage|p1a: Swampert|161\/404 brn|[from] brn
|turn|35
|
|switch|p1a: Jirachi|Jirachi|251\/341
|-damage|p1a: Jirachi|230\/341|[from] Stealth Rock
|move|p2a: Jirachi|Iron Head|p1a: Jirachi
|-resisted|p1a: Jirachi
|-damage|p1a: Jirachi|170\/341
|
|-heal|p2a: Jirachi|102\/397|[from] item: Leftovers
|turn|36
|
|move|p1a: Jirachi|Iron Head|p2a: Jirachi
|-resisted|p2a: Jirachi
|-damage|p2a: Jirachi|40\/397
|move|p2a: Jirachi|Body Slam|p1a: Jirachi
|-resisted|p1a: Jirachi
|-damage|p1a: Jirachi|124\/341
|-status|p1a: Jirachi|par
|
|-heal|p2a: Jirachi|64\/397|[from] item: Leftovers
|turn|37
|
|switch|p1a: Crobat|Crobat, F|325\/325
|-damage|p1a: Crobat|244\/325|[from] Stealth Rock
|move|p2a: Jirachi|Iron Head|p1a: Crobat
|-damage|p1a: Crobat|85\/325
|
|-heal|p1a: Crobat|105\/325|[from] item: Black Sludge
|-heal|p2a: Jirachi|88\/397|[from] item: Leftovers
|turn|38
|
|move|p1a: Crobat|Brave Bird|p2a: Jirachi
|-resisted|p2a: Jirachi
|-damage|p2a: Jirachi|9\/397
|-damage|p1a: Crobat|79\/325|[from] recoil|[of] p2a: Jirachi
|move|p2a: Jirachi|Body Slam|p1a: Crobat
|-damage|p1a: Crobat|0 fnt
|faint|p1a: Crobat
|
|-heal|p2a: Jirachi|33\/397|[from] item: Leftovers
|
|switch|p1a: Swampert|Swampert, M|161\/404 brn
|-damage|p1a: Swampert|136\/404 brn|[from] Stealth Rock
|turn|39
|
|move|p2a: Jirachi|Iron Head|p1a: Swampert
|-resisted|p1a: Swampert
|-damage|p1a: Swampert|89\/404 brn
|move|p1a: Swampert|Scald|p2a: Jirachi
|-damage|p2a: Jirachi|0 fnt
|faint|p2a: Jirachi
|
|-heal|p1a: Swampert|114\/404 brn|[from] item: Leftovers
|-damage|p1a: Swampert|64\/404 brn|[from] brn
|c|âscoutisout|fucker
|
|switch|p2a: Aerodactyl|Aerodactyl, F|301\/301
|-damage|p2a: Aerodactyl|226\/301|[from] Stealth Rock
|-ability|p2a: Aerodactyl|Pressure
|turn|40
|
|detailschange|p2a: Aerodactyl|Aerodactyl-Mega, F
|-mega|p2a: Aerodactyl|Aerodactyl|Aerodactylite
|move|p2a: Aerodactyl|Aqua Tail|p1a: Swampert
|-damage|p1a: Swampert|0 fnt
|faint|p1a: Swampert
|
|
|switch|p1a: Diancie|Diancie|241\/241
|-damage|p1a: Diancie|211\/241|[from] Stealth Rock
|turn|41
|
|switch|p2a: Swampert|Swampert, F|268\/404
|-damage|p2a: Swampert|243\/404|[from] Stealth Rock
|move|p1a: Diancie|Diamond Storm|p2a: Swampert
|-resisted|p2a: Swampert
|-damage|p2a: Swampert|199\/404
|-boost|p1a: Diancie|def|1
|
|turn|42
|
|detailschange|p1a: Diancie|Diancie-Mega
|-mega|p1a: Diancie|Diancie|Diancite
|move|p1a: Diancie|Moonblast|p2a: Swampert
|-damage|p2a: Swampert|0 fnt
|faint|p2a: Swampert
|
|c|âscoutisout|wtf
|c|âscoutisout|this thing is bl
|c|âscoutisout|fuck you
|
|switch|p2a: Blissey|Blissey, F|652\/652
|-damage|p2a: Blissey|571\/652|[from] Stealth Rock
|turn|43
|
|move|p1a: Diancie|Diamond Storm|p2a: Blissey
|-damage|p2a: Blissey|228\/652
|move|p2a: Blissey|Seismic Toss|p1a: Diancie
|-damage|p1a: Diancie|111\/241
|
|-heal|p2a: Blissey|268\/652|[from] item: Leftovers
|turn|44
|
|move|p1a: Diancie|Rock Polish|p1a: Diancie
|-boost|p1a: Diancie|spe|2
|move|p2a: Blissey|Seismic Toss|p1a: Diancie
|-damage|p1a: Diancie|11\/241
|
|-heal|p2a: Blissey|308\/652|[from] item: Leftovers
|turn|45
|
|move|p1a: Diancie|Diamond Storm|p2a: Blissey
|-damage|p2a: Blissey|0 fnt
|-boost|p1a: Diancie|def|1
|faint|p2a: Blissey
|
|c|âscoutisout|you fucking f@ggot
|
|switch|p2a: Crobat|Crobat, F|373\/373
|-damage|p2a: Crobat|280\/373|[from] Stealth Rock
|turn|46
|
|move|p1a: Diancie|Diamond Storm|p2a: Crobat
|-supereffective|p2a: Crobat
|-damage|p2a: Crobat|0 fnt
|faint|p2a: Crobat
|
|c|âscoutisout|go kill yourself you cunt
|
|switch|p2a: Aerodactyl|Aerodactyl-Mega, F|226\/301
|-damage|p2a: Aerodactyl|151\/301|[from] Stealth Rock
|turn|47
|
|move|p1a: Diancie|Moonblast|p2a: Aerodactyl
|-crit|p2a: Aerodactyl
|-damage|p2a: Aerodactyl|0 fnt
|faint|p2a: Aerodactyl
|
|win|Masochism
|raw|Ladder updating...
|raw|Masochism's rating: 1640 &rarr; <strong>1647<\/strong><br \/>(+7 for winning)
|raw|scoutisout's rating: 1379 &rarr; <strong>1372<\/strong><br \/>(-7 for losing)