|join|Masochism
|join|NarcistNarcissus
|player|p1|Masochism|23
|player|p2|NarcistNarcissus|34
|gametype|singles
|gen|6
|tier|UU
|rated
|rule|Sleep Clause Mod: Limit one foe put to sleep
|rule|Species Clause: Limit one of each PokÃ©mon
|rule|OHKO Clause: OHKO moves are banned
|rule|Moody Clause: Moody is banned
|rule|Evasion Moves Clause: Evasion moves are banned
|rule|Endless Battle Clause: Forcing endless battles is banned
|rule|HP Percentage Mod: HP is shown in percentages
|clearpoke
|poke|p1|Swampert, M
|poke|p1|Crobat, F
|poke|p1|Jirachi
|poke|p1|Suicune
|poke|p1|Diancie
|poke|p1|Machamp, F
|poke|p2|Lucario, F
|poke|p2|Rotom-Heat
|poke|p2|Swampert, M
|poke|p2|Crobat, M
|poke|p2|Haxorus, F
|poke|p2|Reuniclus, M
|rule|Swagger Clause: Swagger is banned
|rule|Baton Pass Clause: Limit one PokÃ©mon knowing Baton Pass
|teampreview
|join|bellick4
|
|start
|switch|p1a: Swampert|Swampert, M|404\/404
|switch|p2a: Reuniclus|Reuniclus, M|424\/424
|turn|1
|
|move|p1a: Swampert|Stealth Rock|p2a: Reuniclus
|-sidestart|p2: NarcistNarcissus|move: Stealth Rock
|move|p2a: Reuniclus|Energy Ball|p1a: Swampert
|-supereffective|p1a: Swampert
|-damage|p1a: Swampert|56\/404
|
|-heal|p1a: Swampert|81\/404|[from] item: Leftovers
|turn|2
|
|move|p1a: Swampert|Earthquake|p2a: Reuniclus
|-crit|p2a: Reuniclus
|-damage|p2a: Reuniclus|186\/424
|move|p2a: Reuniclus|Psychic|p1a: Swampert
|-damage|p1a: Swampert|0 fnt
|faint|p1a: Swampert
|
|-heal|p2a: Reuniclus|212\/424|[from] item: Leftovers
|
|switch|p1a: Machamp|Machamp, F|321\/321
|turn|3
|
|switch|p2a: Swampert|Swampert, M|404\/404
|-damage|p2a: Swampert|379\/404|[from] Stealth Rock
|move|p1a: Machamp|Knock Off|p2a: Swampert
|-damage|p2a: Swampert|278\/404
|
|turn|4
|
|switch|p1a: Suicune|Suicune|400\/400
|-ability|p1a: Suicune|Pressure
|detailschange|p2a: Swampert|Swampert-Mega, M
|-mega|p2a: Swampert|Swampert|Swampertite
|move|p2a: Swampert|Earthquake|p1a: Suicune
|-damage|p1a: Suicune|298\/400
|
|-heal|p1a: Suicune|323\/400|[from] item: Leftovers
|turn|5
|
|switch|p2a: Rotom-Heat|Rotom-Heat|304\/304
|-damage|p2a: Rotom-Heat|228\/304|[from] Stealth Rock
|move|p1a: Suicune|Calm Mind|p1a: Suicune
|-boost|p1a: Suicune|spa|1
|-boost|p1a: Suicune|spd|1
|
|-heal|p1a: Suicune|348\/400|[from] item: Leftovers
|turn|6
|
|move|p1a: Suicune|Scald|p2a: Rotom-Heat
|-supereffective|p2a: Rotom-Heat
|-damage|p2a: Rotom-Heat|4\/304
|move|p2a: Rotom-Heat|Thunderbolt|p1a: Suicune
|-supereffective|p1a: Suicune
|-damage|p1a: Suicune|90\/400
|
|-heal|p1a: Suicune|115\/400|[from] item: Leftovers
|turn|7
|
|move|p1a: Suicune|Scald|p2a: Rotom-Heat
|-supereffective|p2a: Rotom-Heat
|-damage|p2a: Rotom-Heat|0 fnt
|faint|p2a: Rotom-Heat
|
|-heal|p1a: Suicune|140\/400|[from] item: Leftovers
|
|switch|p2a: Haxorus|Haxorus, F|294\/294
|-damage|p2a: Haxorus|258\/294|[from] Stealth Rock
|-ability|p2a: Haxorus|Mold Breaker
|turn|8
|
|switch|p1a: Jirachi|Jirachi|341\/341
|move|p2a: Haxorus|Outrage|p1a: Jirachi
|-resisted|p1a: Jirachi
|-damage|p1a: Jirachi|137\/341
|
|turn|9
|
|move|p1a: Jirachi|Iron Head|p2a: Haxorus
|-damage|p2a: Haxorus|122\/294
|cant|p2a: Haxorus|flinch
|
|-end|p2a: Haxorus|rampage
|-start|p2a: Haxorus|confusion
|turn|10
|
|switch|p2a: Swampert|Swampert-Mega, M|278\/404
|-damage|p2a: Swampert|253\/404|[from] Stealth Rock
|move|p1a: Jirachi|Iron Head|p2a: Swampert
|-crit|p2a: Swampert
|-resisted|p2a: Swampert
|-damage|p2a: Swampert|193\/404
|
|turn|11
|
|switch|p1a: Machamp|Machamp, F|321\/321
|move|p2a: Swampert|Stealth Rock|p1a: Machamp
|-sidestart|p1: Masochism|move: Stealth Rock
|
|turn|12
|
|move|p1a: Machamp|Close Combat|p2a: Swampert
|-damage|p2a: Swampert|0 fnt
|-unboost|p1a: Machamp|def|1
|-unboost|p1a: Machamp|spd|1
|faint|p2a: Swampert
|
|
|switch|p2a: Haxorus|Haxorus, F|122\/294
|-damage|p2a: Haxorus|86\/294|[from] Stealth Rock
|-ability|p2a: Haxorus|Mold Breaker
|turn|13
|
|move|p2a: Haxorus|Poison Jab|p1a: Machamp
|-damage|p1a: Machamp|22\/321
|-status|p1a: Machamp|psn
|move|p1a: Machamp|Close Combat|p2a: Haxorus
|-damage|p2a: Haxorus|0 fnt
|-unboost|p1a: Machamp|def|1
|-unboost|p1a: Machamp|spd|1
|faint|p2a: Haxorus
|
|-damage|p1a: Machamp|0 fnt|[from] psn
|faint|p1a: Machamp
|
|switch|p2a: Crobat|Crobat, M|312\/312
|switch|p1a: Diancie|Diancie|242\/242
|-damage|p2a: Crobat|234\/312|[from] Stealth Rock
|-damage|p1a: Diancie|212\/242|[from] Stealth Rock
|turn|14
|
|detailschange|p1a: Diancie|Diancie-Mega
|-mega|p1a: Diancie|Diancie|Diancite
|move|p2a: Crobat|U-turn|p1a: Diancie
|-resisted|p1a: Diancie
|-damage|p1a: Diancie|181\/242
|
|switch|p2a: Reuniclus|Reuniclus, M|353\/424
|-damage|p2a: Reuniclus|300\/424|[from] Stealth Rock
|move|p1a: Diancie|Diamond Storm|p2a: Reuniclus
|-damage|p2a: Reuniclus|75\/424
|
|-heal|p2a: Reuniclus|101\/424|[from] item: Leftovers
|turn|15
|
|move|p1a: Diancie|Moonblast|p2a: Reuniclus
|-damage|p2a: Reuniclus|0 fnt
|faint|p2a: Reuniclus
|
|
|switch|p2a: Lucario|Lucario, F|282\/282
|-damage|p2a: Lucario|274\/282|[from] Stealth Rock
|-item|p2a: Lucario|Air Balloon
|turn|16
|
|switch|p1a: Jirachi|Jirachi|137\/341
|-damage|p1a: Jirachi|116\/341|[from] Stealth Rock
|move|p2a: Lucario|Bullet Punch|p1a: Jirachi
|-resisted|p1a: Jirachi
|-damage|p1a: Jirachi|81\/341
|
|turn|17
|
|switch|p2a: Crobat|Crobat, M|234\/312
|-damage|p2a: Crobat|156\/312|[from] Stealth Rock
|move|p1a: Jirachi|Trick|p2a: Crobat
|-activate|p1a: Jirachi|move: Trick|[of] p2a: Crobat
|-item|p2a: Crobat|Choice Scarf|[from] move: Trick
|-item|p1a: Jirachi|Black Sludge|[from] move: Trick
|
|-damage|p1a: Jirachi|39\/341|[from] item: Black Sludge
|turn|18
|
|move|p2a: Crobat|Brave Bird|p1a: Jirachi
|-resisted|p1a: Jirachi
|-damage|p1a: Jirachi|0 fnt
|-damage|p2a: Crobat|143\/312|[from] recoil|[of] p1a: Jirachi
|faint|p1a: Jirachi
|
|
|switch|p1a: Suicune|Suicune|140\/400
|-damage|p1a: Suicune|90\/400|[from] Stealth Rock
|-ability|p1a: Suicune|Pressure
|turn|19
|
|move|p2a: Crobat|Brave Bird|p1a: Suicune
|-damage|p1a: Suicune|0 fnt
|-damage|p2a: Crobat|113\/312|[from] recoil|[of] p1a: Suicune
|faint|p1a: Suicune
|
|
|switch|p1a: Diancie|Diancie-Mega|181\/242
|-damage|p1a: Diancie|151\/242|[from] Stealth Rock
|turn|20
|
|move|p2a: Crobat|Brave Bird|p1a: Diancie
|-resisted|p1a: Diancie
|-damage|p1a: Diancie|60\/242
|-damage|p2a: Crobat|83\/312|[from] recoil|[of] p1a: Diancie
|move|p1a: Diancie|Diamond Storm|p2a: Crobat
|-supereffective|p2a: Crobat
|-damage|p2a: Crobat|0 fnt
|-boost|p1a: Diancie|def|1
|faint|p2a: Crobat
|
|
|switch|p2a: Lucario|Lucario, F|274\/282
|-damage|p2a: Lucario|266\/282|[from] Stealth Rock
|-item|p2a: Lucario|Air Balloon
|turn|21
|
|move|p2a: Lucario|Bullet Punch|p1a: Diancie
|-supereffective|p1a: Diancie
|-damage|p1a: Diancie|0 fnt
|faint|p1a: Diancie
|
|
|switch|p1a: Crobat|Crobat, F|325\/325
|-damage|p1a: Crobat|244\/325|[from] Stealth Rock
|turn|22
|
|move|p2a: Lucario|Extreme Speed|p1a: Crobat
|-damage|p1a: Crobat|126\/325
|move|p1a: Crobat|Roost|p1a: Crobat
|-heal|p1a: Crobat|289\/325
|
|-heal|p1a: Crobat|309\/325|[from] item: Black Sludge
|turn|23
|
|move|p1a: Crobat|Brave Bird|p2a: Lucario
|-damage|p2a: Lucario|62\/282
|-enditem|p2a: Lucario|Air Balloon
|-damage|p1a: Crobat|242\/325|[from] recoil|[of] p2a: Lucario
|move|p2a: Lucario|Swords Dance|p2a: Lucario
|-boost|p2a: Lucario|atk|2
|
|-heal|p1a: Crobat|262\/325|[from] item: Black Sludge
|turn|24
|
|move|p2a: Lucario|Extreme Speed|p1a: Crobat
|-damage|p1a: Crobat|47\/325
|move|p1a: Crobat|Brave Bird|p2a: Lucario
|-damage|p2a: Lucario|0 fnt
|-damage|p1a: Crobat|27\/325|[from] recoil|[of] p2a: Lucario
|faint|p2a: Lucario
|
|win|Masochism
|raw|Ladder updating...
|raw|Masochism's rating: 1527 &rarr; <strong>1552<\/strong><br \/>(+25 for winning)
|raw|NarcistNarcissus's rating: 1616 &rarr; <strong>1591<\/strong><br \/>(-25 for losing)
|leave|NarcistNarcissus
|player|p2
|leave|Masochism
|player|p1
|leave|bellick4
|join|Masochism