|join|Mounts
|join|axiom_alpha
|player|p1|Mounts|101
|player|p2|axiom_alpha|33
|gametype|singles
|gen|6
|tier|OU
|rated
|clearpoke
|poke|p1|Charizard, F
|poke|p1|Tyranitar, M
|poke|p1|Excadrill, M
|poke|p1|Dragonite, M
|poke|p1|Azumarill, F
|poke|p1|Gengar, M
|poke|p2|Gothitelle, F
|poke|p2|Rotom-Wash
|poke|p2|Gliscor, M
|poke|p2|Scizor, F
|poke|p2|Chansey, F
|poke|p2|Ditto
|rule|Swagger Clause: Swagger is banned
|rule|Baton Pass Clause: Limit one PokÃ©mon knowing Baton Pass
|rule|Sleep Clause Mod: Limit one foe put to sleep
|rule|Species Clause: Limit one of each PokÃ©mon
|rule|OHKO Clause: OHKO moves are banned
|rule|Moody Clause: Moody is banned
|rule|Evasion Moves Clause: Evasion moves are banned
|rule|Endless Battle Clause: Forcing endless battles is banned
|rule|HP Percentage Mod: HP is shown in percentages
|teampreview
|join|sine270
|c| sine270|rood
|c| sine270|ignoring my challenge
|
|start
|switch|p1a: Leibniz|Gengar, M|262\/262
|switch|p2a: Chansey|Chansey, F|703\/703
|turn|1
|
|switch|p2a: Scizor|Scizor, F|343\/343
|move|p1a: Leibniz|Taunt|p2a: Scizor
|-start|p2a: Scizor|move: Taunt
|
|turn|2
|
|switch|p1a: Nietzsche|Charizard, F|298\/298
|switch|p2a: Chansey|Chansey, F|703\/703
|
|turn|3
|
|switch|p1a: Kundera|Tyranitar, M|404\/404
|-weather|Sandstorm
|move|p2a: Chansey|Thunder Wave|p1a: Kundera
|-status|p1a: Kundera|par
|
|-weather|Sandstorm|[upkeep]
|-damage|p2a: Chansey|660\/703|[from] sandstorm
|turn|4
|
|move|p2a: Chansey|Stealth Rock|p1a: Kundera
|-sidestart|p1: Mounts|move: Stealth Rock
|move|p1a: Kundera|Stealth Rock|p2a: Chansey
|-sidestart|p2: axiom_alpha|move: Stealth Rock
|
|-weather|Sandstorm|[upkeep]
|-damage|p2a: Chansey|617\/703|[from] sandstorm
|turn|5
|
|switch|p2a: Rotom-Wash|Rotom-Wash|303\/303
|-damage|p2a: Rotom-Wash|266\/303|[from] Stealth Rock
|switch|p1a: Spinoza|Excadrill, M|362\/362
|-damage|p1a: Spinoza|351\/362|[from] Stealth Rock
|
|-weather|Sandstorm|[upkeep]
|-damage|p2a: Rotom-Wash|248\/303|[from] sandstorm
|-heal|p2a: Rotom-Wash|266\/303|[from] item: Leftovers
|turn|6
|
|move|p1a: Spinoza|Rapid Spin|p2a: Rotom-Wash
|-damage|p2a: Rotom-Wash|239\/303
|-sideend|p1: Mounts|Stealth Rock|[from] move: Rapid Spin|[of] p1a: Spinoza
|-damage|p1a: Spinoza|315\/362|[from] item: Life Orb
|move|p2a: Rotom-Wash|Hydro Pump|p1a: Spinoza
|-supereffective|p1a: Spinoza
|-damage|p1a: Spinoza|0 fnt
|faint|p1a: Spinoza
|
|-weather|Sandstorm|[upkeep]
|-damage|p2a: Rotom-Wash|221\/303|[from] sandstorm
|-heal|p2a: Rotom-Wash|239\/303|[from] item: Leftovers
|
|switch|p1a: Proust|Dragonite, M|330\/330
|turn|7
|
|move|p1a: Proust|Dragon Dance|p1a: Proust
|-boost|p1a: Proust|atk|1
|-boost|p1a: Proust|spe|1
|move|p2a: Rotom-Wash|Will-O-Wisp|p1a: Proust
|-status|p1a: Proust|brn
|-enditem|p1a: Proust|Lum Berry|[eat]
|-curestatus|p1a: Proust|brn
|
|-weather|Sandstorm|[upkeep]
|-damage|p1a: Proust|310\/330|[from] sandstorm
|-damage|p2a: Rotom-Wash|221\/303|[from] sandstorm
|-heal|p2a: Rotom-Wash|239\/303|[from] item: Leftovers
|turn|8
|
|switch|p2a: Gothitelle|Gothitelle, F|301\/301
|-damage|p2a: Gothitelle|264\/301|[from] Stealth Rock
|move|p1a: Proust|Outrage|p2a: Gothitelle
|-damage|p2a: Gothitelle|0 fnt
|faint|p2a: Gothitelle
|
|-weather|Sandstorm|[upkeep]
|-damage|p1a: Proust|290\/330|[from] sandstorm
|
|switch|p2a: Get Copy'ed|Ditto|299\/299
|-damage|p2a: Get Copy'ed|262\/299|[from] Stealth Rock
|-transform|p2a: Get Copy'ed|p1a: Proust
|turn|9
|
|move|p2a: Get Copy'ed|Outrage|p1a: Proust
|-supereffective|p1a: Proust
|-damage|p1a: Proust|0 fnt
|faint|p1a: Proust
|
|-weather|Sandstorm|[upkeep]
|-damage|p2a: Get Copy'ed|244\/299|[from] sandstorm
|
|switch|p1a: De la Fayette|Azumarill, F|402\/402
|turn|10
|
|move|p2a: Get Copy'ed|Outrage|p1a: De la Fayette
|-immune|p1a: De la Fayette|[msg]
|move|p1a: De la Fayette|Play Rough|p2a: Get Copy'ed
|-supereffective|p2a: Get Copy'ed
|-damage|p2a: Get Copy'ed|0 fnt
|faint|p2a: Get Copy'ed
|
|-weather|none
|
|switch|p2a: Rotom-Wash|Rotom-Wash|239\/303
|-damage|p2a: Rotom-Wash|202\/303|[from] Stealth Rock
|turn|11
|
|switch|p1a: Kundera|Tyranitar, M|404\/404 par
|-weather|Sandstorm
|move|p2a: Rotom-Wash|Volt Switch|p1a: Kundera
|-damage|p1a: Kundera|346\/404 par
|
|switch|p2a: Chansey|Chansey, F|617\/703
|-damage|p2a: Chansey|530\/703|[from] Stealth Rock
|
|-weather|Sandstorm|[upkeep]
|-damage|p2a: Chansey|487\/703|[from] sandstorm
|turn|12
|
|move|p2a: Chansey|Stealth Rock|p1a: Kundera
|-sidestart|p1: Mounts|move: Stealth Rock
|move|p1a: Kundera|Low Kick|p2a: Chansey
|-supereffective|p2a: Chansey
|-damage|p2a: Chansey|333\/703
|
|-weather|Sandstorm|[upkeep]
|-damage|p2a: Chansey|290\/703|[from] sandstorm
|turn|13
|
|switch|p1a: Leibniz|Gengar, M|262\/262
|-damage|p1a: Leibniz|230\/262|[from] Stealth Rock
|move|p2a: Chansey|Soft-Boiled|p2a: Chansey
|-heal|p2a: Chansey|642\/703
|
|-weather|Sandstorm|[upkeep]
|-damage|p1a: Leibniz|214\/262|[from] sandstorm
|-damage|p2a: Chansey|599\/703|[from] sandstorm
|-heal|p1a: Leibniz|230\/262|[from] item: Black Sludge
|turn|14
|
|move|p1a: Leibniz|Substitute|p1a: Leibniz
|-start|p1a: Leibniz|Substitute
|-damage|p1a: Leibniz|165\/262
|move|p2a: Chansey|Thunder Wave|p1a: Leibniz
|
|-weather|Sandstorm|[upkeep]
|-damage|p1a: Leibniz|149\/262|[from] sandstorm
|-damage|p2a: Chansey|556\/703|[from] sandstorm
|-heal|p1a: Leibniz|165\/262|[from] item: Black Sludge
|turn|15
|
|switch|p2a: Rotom-Wash|Rotom-Wash|202\/303
|-damage|p2a: Rotom-Wash|165\/303|[from] Stealth Rock
|move|p1a: Leibniz|Will-O-Wisp|p2a: Rotom-Wash
|-status|p2a: Rotom-Wash|brn
|
|-weather|Sandstorm|[upkeep]
|-damage|p1a: Leibniz|149\/262|[from] sandstorm
|-damage|p2a: Rotom-Wash|147\/303 brn|[from] sandstorm
|-heal|p1a: Leibniz|165\/262|[from] item: Black Sludge
|-heal|p2a: Rotom-Wash|165\/303 brn|[from] item: Leftovers
|-damage|p2a: Rotom-Wash|128\/303 brn|[from] brn
|turn|16
|
|move|p1a: Leibniz|Hex|p2a: Rotom-Wash
|-damage|p2a: Rotom-Wash|0 fnt
|faint|p2a: Rotom-Wash
|
|-weather|Sandstorm|[upkeep]
|-damage|p1a: Leibniz|149\/262|[from] sandstorm
|-heal|p1a: Leibniz|165\/262|[from] item: Black Sludge
|
|switch|p2a: Scizor|Scizor, F|343\/343
|-damage|p2a: Scizor|301\/343|[from] Stealth Rock
|turn|17
|
|detailschange|p2a: Scizor|Scizor-Mega, F
|message|Scizor has Mega Evolved into Mega Scizor!
|move|p1a: Leibniz|Will-O-Wisp|p2a: Scizor
|-status|p2a: Scizor|brn
|move|p2a: Scizor|Knock Off|p1a: Leibniz
|-supereffective|p1a: Leibniz
|-end|p1a: Leibniz|Substitute
|
|-weather|Sandstorm|[upkeep]
|-damage|p1a: Leibniz|149\/262|[from] sandstorm
|-heal|p1a: Leibniz|165\/262|[from] item: Black Sludge
|-damage|p2a: Scizor|259\/343 brn|[from] brn
|turn|18
|
|switch|p1a: Kundera|Tyranitar, M|346\/404 par
|-damage|p1a: Kundera|296\/404 par|[from] Stealth Rock
|move|p2a: Scizor|Knock Off|p1a: Kundera
|-resisted|p1a: Kundera
|-damage|p1a: Kundera|277\/404 par
|-enditem|p1a: Kundera|Smooth Rock|[from] move: Knock Off|[of] p2a: Scizor
|
|-weather|none
|-damage|p2a: Scizor|217\/343 brn|[from] brn
|turn|19
|
|switch|p2a: Gliscor|Gliscor, M|352\/352
|-damage|p2a: Gliscor|308\/352|[from] Stealth Rock
|switch|p1a: Leibniz|Gengar, M|165\/262
|-damage|p1a: Leibniz|133\/262|[from] Stealth Rock
|
|-heal|p1a: Leibniz|149\/262|[from] item: Black Sludge
|-status|p2a: Gliscor|tox|[from] item: Toxic Orb
|turn|20
|
|switch|p2a: Scizor|Scizor-Mega, F|217\/343 brn
|-damage|p2a: Scizor|175\/343 brn|[from] Stealth Rock
|move|p1a: Leibniz|Hex|p2a: Scizor
|-damage|p2a: Scizor|0 fnt
|faint|p2a: Scizor
|
|-heal|p1a: Leibniz|165\/262|[from] item: Black Sludge
|-message|axiom_alpha forfeited.
|
|win|Mounts
|raw|Ladder updating...
|leave|axiom_alpha
|player|p2
|raw|Mounts's rating: 1820 &rarr; <strong>1841<\/strong><br \/>(+21 for winning)
|raw|axiom_alpha's rating: 1835 &rarr; <strong>1815<\/strong><br \/>(-20 for losing)