|join|axiom_alpha
|join|HaydenMadeEm
|player|p1|axiom_alpha|33
|player|p2|HaydenMadeEm|253
|gametype|singles
|gen|6
|tier|OU
|rated
|clearpoke
|poke|p1|Tyranitar, F
|poke|p1|Excadrill, F
|poke|p1|Clefable, M
|poke|p1|Keldeo
|poke|p1|Latios, M
|poke|p1|Charizard, F
|poke|p2|Bisharp, F
|poke|p2|Gengar, M
|poke|p2|Pinsir, F, shiny
|poke|p2|Claydol
|poke|p2|Azumarill, F
|poke|p2|Tyranitar, F
|rule|Swagger Clause: Swagger is banned
|rule|Baton Pass Clause: Limit one PokÃ©mon knowing Baton Pass
|rule|Sleep Clause Mod: Limit one foe put to sleep
|rule|Species Clause: Limit one of each PokÃ©mon
|rule|OHKO Clause: OHKO moves are banned
|rule|Moody Clause: Moody is banned
|rule|Evasion Moves Clause: Evasion moves are banned
|rule|Endless Battle Clause: Forcing endless battles is banned
|rule|HP Percentage Mod: HP is shown in percentages
|teampreview
|c|âaxiom_alpha|gl
|
|start
|switch|p1a: Zeta|Charizard, F|297\/297
|switch|p2a: Zoom Zoom|Azumarill, F|404\/404
|turn|1
|join|KingAegisYT
|
|detailschange|p1a: Zeta|Charizard-Mega-Y, F
|message|Charizard has Mega Evolved into Mega Charizard!
|-weather|SunnyDay
|move|p1a: Zeta|Solar Beam|p2a: Zoom Zoom|[still]
|-prepare|p1a: Zeta|Solar Beam|p2a: Zoom Zoom
|-anim|p1a: Zeta|Solar Beam|p2a: Zoom Zoom
|-supereffective|p2a: Zoom Zoom
|-damage|p2a: Zoom Zoom|0 fnt
|faint|p2a: Zoom Zoom
|
|-weather|SunnyDay|[upkeep]
|
|switch|p2a: Reptar|Tyranitar, F|341\/341
|-weather|Sandstorm
|turn|2
|
|switch|p2a: HeyDoll|Claydol|324\/324
|move|p1a: Zeta|Focus Blast|p2a: HeyDoll
|-resisted|p2a: HeyDoll
|-damage|p2a: HeyDoll|246\/324
|
|-weather|Sandstorm|[upkeep]
|-damage|p1a: Zeta|279\/297|[from] sandstorm
|-heal|p2a: HeyDoll|266\/324|[from] item: Leftovers
|turn|3
|
|switch|p1a: Gamma|Clefable, M|393\/393
|move|p2a: HeyDoll|Stealth Rock|p1a: Gamma
|-sidestart|p1: axiom_alpha|move: Stealth Rock
|
|-weather|Sandstorm|[upkeep]
|-heal|p2a: HeyDoll|286\/324|[from] item: Leftovers
|turn|4
|
|switch|p2a: Boo|Gengar, M|262\/262
|move|p1a: Gamma|Stealth Rock|p2a: Boo
|-sidestart|p2: HaydenMadeEm|move: Stealth Rock
|
|-weather|Sandstorm|[upkeep]
|-damage|p2a: Boo|246\/262|[from] sandstorm
|turn|5
|
|switch|p1a: Alpha|Tyranitar, F|341\/341
|-damage|p1a: Alpha|299\/341|[from] Stealth Rock
|move|p2a: Boo|Shadow Ball|p1a: Alpha
|-resisted|p1a: Alpha
|-damage|p1a: Alpha|231\/341
|
|-weather|Sandstorm|[upkeep]
|-damage|p2a: Boo|230\/262|[from] sandstorm
|turn|6
|
|switch|p2a: Reptar|Tyranitar, F|341\/341
|-damage|p2a: Reptar|299\/341|[from] Stealth Rock
|move|p1a: Alpha|Crunch|p2a: Reptar
|-resisted|p2a: Reptar
|-damage|p2a: Reptar|234\/341
|-unboost|p2a: Reptar|def|1
|
|-weather|none
|turn|7
|
|switch|p1a: Gamma|Clefable, M|393\/393
|move|p2a: Reptar|Surf|p1a: Gamma
|-damage|p1a: Gamma|321\/393
|
|-heal|p1a: Gamma|345\/393|[from] item: Leftovers
|turn|8
|
|switch|p2a: HeyDoll|Claydol|286\/324
|-damage|p2a: HeyDoll|266\/324|[from] Stealth Rock
|move|p1a: Gamma|Thunder Wave|p2a: HeyDoll
|-immune|p2a: HeyDoll|[msg]
|
|-heal|p2a: HeyDoll|286\/324|[from] item: Leftovers
|-heal|p1a: Gamma|369\/393|[from] item: Leftovers
|turn|9
|
|move|p2a: HeyDoll|Rapid Spin|p1a: Gamma
|-damage|p1a: Gamma|352\/393
|-sideend|p2: HaydenMadeEm|Stealth Rock|[from] move: Rapid Spin|[of] p2a: HeyDoll
|move|p1a: Gamma|Moonblast|p2a: HeyDoll
|-damage|p2a: HeyDoll|202\/324
|-unboost|p2a: HeyDoll|spa|1
|
|-heal|p2a: HeyDoll|222\/324|[from] item: Leftovers
|-heal|p1a: Gamma|376\/393|[from] item: Leftovers
|turn|10
|
|switch|p2a: KnockinYou|Bisharp, F|271\/271
|move|p1a: Gamma|Stealth Rock|p2a: KnockinYou
|-sidestart|p2: HaydenMadeEm|move: Stealth Rock
|
|-heal|p1a: Gamma|393\/393|[from] item: Leftovers
|turn|11
|
|switch|p1a: Delta|Keldeo|323\/323
|-damage|p1a: Delta|303\/323|[from] Stealth Rock
|move|p2a: KnockinYou|Iron Head|p1a: Delta
|-resisted|p1a: Delta
|-damage|p1a: Delta|214\/323
|
|-heal|p1a: Delta|234\/323|[from] item: Leftovers
|turn|12
|
|switch|p2a: HeyDoll|Claydol|222\/324
|-damage|p2a: HeyDoll|202\/324|[from] Stealth Rock
|move|p1a: Delta|Scald|p2a: HeyDoll
|-supereffective|p2a: HeyDoll
|-damage|p2a: HeyDoll|0 fnt
|faint|p2a: HeyDoll
|
|-heal|p1a: Delta|254\/323|[from] item: Leftovers
|
|switch|p2a: Kabuterimon|Pinsir, F, shiny|272\/272
|-damage|p2a: Kabuterimon|204\/272|[from] Stealth Rock
|turn|13
|
|switch|p1a: Alpha|Tyranitar, F|231\/341
|-damage|p1a: Alpha|189\/341|[from] Stealth Rock
|-weather|Sandstorm
|detailschange|p2a: Kabuterimon|Pinsir-Mega, F, shiny
|message|Pinsir has Mega Evolved into Mega Pinsir!
|move|p2a: Kabuterimon|Quick Attack|p1a: Alpha
|-resisted|p1a: Alpha
|-damage|p1a: Alpha|142\/341
|
|-weather|Sandstorm|[upkeep]
|-damage|p2a: Kabuterimon|187\/272|[from] sandstorm
|turn|14
|
|move|p1a: Alpha|Stone Edge|p2a: Kabuterimon
|-supereffective|p2a: Kabuterimon
|-damage|p2a: Kabuterimon|0 fnt
|faint|p2a: Kabuterimon
|
|-weather|Sandstorm|[upkeep]
|
|switch|p2a: KnockinYou|Bisharp, F|271\/271
|-damage|p2a: KnockinYou|255\/271|[from] Stealth Rock
|turn|15
|
|switch|p1a: Delta|Keldeo|254\/323
|-damage|p1a: Delta|234\/323|[from] Stealth Rock
|move|p2a: KnockinYou|Iron Head|p1a: Delta
|-resisted|p1a: Delta
|-damage|p1a: Delta|150\/323
|
|-weather|Sandstorm|[upkeep]
|-damage|p1a: Delta|130\/323|[from] sandstorm
|-heal|p1a: Delta|150\/323|[from] item: Leftovers
|turn|16
|
|move|p1a: Delta|Scald|p2a: KnockinYou
|-damage|p2a: KnockinYou|80\/271
|move|p2a: KnockinYou|Iron Head|p1a: Delta
|-resisted|p1a: Delta
|-damage|p1a: Delta|72\/323
|
|-weather|Sandstorm|[upkeep]
|-damage|p1a: Delta|52\/323|[from] sandstorm
|-heal|p1a: Delta|72\/323|[from] item: Leftovers
|turn|17
|
|move|p2a: KnockinYou|Sucker Punch|p1a: Delta
|-resisted|p1a: Delta
|-damage|p1a: Delta|0 fnt
|faint|p1a: Delta
|
|-weather|none
|
|switch|p1a: Alpha|Tyranitar, F|142\/341
|-damage|p1a: Alpha|100\/341|[from] Stealth Rock
|-weather|Sandstorm
|turn|18
|
|move|p2a: KnockinYou|Sucker Punch|p1a: Alpha
|-resisted|p1a: Alpha
|-damage|p1a: Alpha|36\/341
|move|p1a: Alpha|Earthquake|p2a: KnockinYou
|-supereffective|p2a: KnockinYou
|-damage|p2a: KnockinYou|0 fnt
|faint|p2a: KnockinYou
|
|-weather|Sandstorm|[upkeep]
|
|switch|p2a: Boo|Gengar, M|230\/262
|-damage|p2a: Boo|198\/262|[from] Stealth Rock
|turn|19
|
|move|p1a: Alpha|Earthquake|p2a: Boo
|-immune|p2a: Boo|[msg]
|move|p2a: Boo|Shadow Ball|p1a: Alpha
|-resisted|p1a: Alpha
|-damage|p1a: Alpha|0 fnt
|faint|p1a: Alpha
|
|-weather|Sandstorm|[upkeep]
|-damage|p2a: Boo|182\/262|[from] sandstorm
|
|switch|p1a: Beta|Excadrill, F|362\/362
|-damage|p1a: Beta|351\/362|[from] Stealth Rock
|turn|20
|
|move|p1a: Beta|Iron Head|p2a: Boo
|-damage|p2a: Boo|0 fnt
|-damage|p1a: Beta|315\/362|[from] item: Life Orb
|faint|p2a: Boo
|
|-weather|Sandstorm|[upkeep]
|c|âaxiom_alpha|gg
|
|switch|p2a: Reptar|Tyranitar, F|234\/341
|-damage|p2a: Reptar|192\/341|[from] Stealth Rock
|turn|21
|
|move|p1a: Beta|Earthquake|p2a: Reptar
|-supereffective|p2a: Reptar
|-damage|p2a: Reptar|0 fnt
|-damage|p1a: Beta|279\/362|[from] item: Life Orb
|faint|p2a: Reptar
|
|win|axiom_alpha
|raw|Ladder updating...
|leave|HaydenMadeEm
|player|p2
|raw|Ladder (probably) updated, but score could not be retrieved (timeout).
|raw|Ladder (probably) updated, but score could not be retrieved (Error: socket hang up).
|leave|KingAegisYT