|inactive|Battle timer is ON: inactive players will automatically lose when time's up.
|join|Alice delice
|join|axiom_alpha
|player|p1|Alice delice|2
|player|p2|axiom_alpha|33
|gametype|singles
|gen|6
|tier|OU
|clearpoke
|poke|p1|Starmie
|poke|p1|Garbodor, F
|poke|p1|Clefable, F
|poke|p1|Manectric, M
|poke|p1|Hippowdon, F
|poke|p1|Tyranitar, M
|poke|p2|Tyranitar, M
|poke|p2|Excadrill, F
|poke|p2|Clefable, F
|poke|p2|Keldeo
|poke|p2|Latios, M
|poke|p2|Charizard, M
|rule|Swagger Clause: Swagger is banned
|rule|Baton Pass Clause: Limit one PokÃ©mon knowing Baton Pass
|rule|Sleep Clause Mod: Limit one foe put to sleep
|rule|Species Clause: Limit one of each PokÃ©mon
|rule|OHKO Clause: OHKO moves are banned
|rule|Moody Clause: Moody is banned
|rule|Evasion Moves Clause: Evasion moves are banned
|rule|Endless Battle Clause: Forcing endless battles is banned
|rule|HP Percentage Mod: HP is shown in percentages
|teampreview
|join|Lockheeed
|join|BahaWin
|join|Ary
|join|uCan'tSeeMe
|join|OO8
|c|âaxiom_alpha|hf
|join|zeriloa
|join|jake5
|c|âAlice delice|u2
|join|Tesung
|join|IAmGingy
|join|blunderr
|join|McMeghan
|join|Toad Le Lucario
|leave|blunderr
|join|Baldo1
|join|Evuelf
|join|xShurryk
|join|Exiline
|join|Deckline
|join|giara
|join|I wuv you <3
|join|Musiique
|join|Kaideos
|join|pam
|join|Leftiez
|
|start
|switch|p1a: Clefable|Clefable, F|394\/394
|switch|p2a: Gamma|Clefable, F|393\/393
|turn|1
|join|thelilou21
|
|switch|p2a: Zeta|Charizard, M|297\/297
|switch|p1a: Garbodor|Garbodor, F|364\/364
|
|turn|2
|join|bluri
|
|switch|p1a: Hippowdon|Hippowdon, F|420\/420
|-weather|Sandstorm
|detailschange|p2a: Zeta|Charizard-Mega-Y, M
|message|Charizard has Mega Evolved into Mega Charizard!
|-weather|SunnyDay
|move|p2a: Zeta|Fire Blast|p1a: Hippowdon
|-damage|p1a: Hippowdon|0 fnt
|faint|p1a: Hippowdon
|
|-weather|SunnyDay|[upkeep]
|
|switch|p1a: Manectric|Manectric, M|281\/281
|turn|3
|join|majaspic22
|
|switch|p2a: Alpha|Tyranitar, M|341\/341
|-weather|Sandstorm
|detailschange|p1a: Manectric|Manectric-Mega, M
|message|Manectric has Mega Evolved into Mega Manectric!
|-ability|p1a: Manectric|Intimidate|[of] p2a: Alpha
|-unboost|p2a: Alpha|atk|1
|move|p1a: Manectric|Volt Switch|p2a: Alpha
|-damage|p2a: Alpha|247\/341
|
|switch|p1a: Garbodor|Garbodor, F|364\/364
|
|-weather|Sandstorm|[upkeep]
|-damage|p1a: Garbodor|342\/364|[from] sandstorm
|-heal|p1a: Garbodor|364\/364|[from] item: Black Sludge
|turn|4
|leave|jake5
|
|switch|p2a: Zeta|Charizard-Mega-Y, M|297\/297
|-weather|SunnyDay
|move|p1a: Garbodor|Spikes|p2a: Zeta
|-sidestart|p2: axiom_alpha|Spikes
|
|-weather|SunnyDay|[upkeep]
|turn|5
|
|move|p2a: Zeta|Focus Blast|p1a: Garbodor
|-resisted|p1a: Garbodor
|-damage|p1a: Garbodor|290\/364
|move|p1a: Garbodor|Gunk Shot|p2a: Zeta
|-damage|p2a: Zeta|122\/297
|
|-weather|SunnyDay|[upkeep]
|-heal|p1a: Garbodor|312\/364|[from] item: Black Sludge
|turn|6
|
|switch|p1a: Tyranitar|Tyranitar, M|342\/342
|-weather|Sandstorm
|move|p2a: Zeta|Roost|p2a: Zeta
|-heal|p2a: Zeta|271\/297
|
|-weather|Sandstorm|[upkeep]
|-damage|p2a: Zeta|253\/297|[from] sandstorm
|turn|7
|join|alex32
|
|move|p1a: Tyranitar|Pursuit|p2a: Zeta|[from]Pursuit
|-damage|p2a: Zeta|87\/297
|switch|p2a: Gamma|Clefable, F|393\/393
|
|-weather|Sandstorm|[upkeep]
|turn|8
|
|switch|p1a: Starmie|Starmie|324\/324
|move|p2a: Gamma|Stealth Rock|p1a: Starmie
|-sidestart|p1: Alice delice|move: Stealth Rock
|
|-weather|Sandstorm|[upkeep]
|-damage|p1a: Starmie|304\/324|[from] sandstorm
|-heal|p1a: Starmie|324\/324|[from] item: Leftovers
|turn|9
|leave|thelilou21
|join|scotti
|
|move|p1a: Starmie|Reflect Type|p2a: Gamma
|-start|p1a: Starmie|typechange|[from] move: Reflect Type|[of] p2a: Gamma
|move|p2a: Gamma|Moonblast|p1a: Starmie
|-damage|p1a: Starmie|234\/324
|
|-weather|Sandstorm|[upkeep]
|-damage|p1a: Starmie|214\/324|[from] sandstorm
|-heal|p1a: Starmie|234\/324|[from] item: Leftovers
|turn|10
|leave|Ary
|
|move|p1a: Starmie|Rapid Spin|p2a: Gamma
|-damage|p2a: Gamma|381\/393
|-sideend|p1: Alice delice|Stealth Rock|[from] move: Rapid Spin|[of] p1a: Starmie
|move|p2a: Gamma|Moonblast|p1a: Starmie
|-damage|p1a: Starmie|140\/324
|-unboost|p1a: Starmie|spa|1
|
|-weather|none
|-heal|p1a: Starmie|160\/324|[from] item: Leftovers
|-heal|p2a: Gamma|393\/393|[from] item: Leftovers
|turn|11
|
|move|p1a: Starmie|Recover|p1a: Starmie
|-heal|p1a: Starmie|322\/324
|move|p2a: Gamma|Stealth Rock|p1a: Starmie
|-sidestart|p1: Alice delice|move: Stealth Rock
|
|-heal|p1a: Starmie|324\/324|[from] item: Leftovers
|turn|12
|
|move|p1a: Starmie|Rapid Spin|p2a: Gamma
|-damage|p2a: Gamma|381\/393
|-sideend|p1: Alice delice|Stealth Rock|[from] move: Rapid Spin|[of] p1a: Starmie
|move|p2a: Gamma|Thunder Wave|p1a: Starmie
|-status|p1a: Starmie|par
|
|-heal|p2a: Gamma|393\/393|[from] item: Leftovers
|turn|13
|join|Updated Kanto
|join|Omfuga
|
|switch|p1a: Garbodor|Garbodor, F|312\/364
|move|p2a: Gamma|Stealth Rock|p1a: Garbodor
|-sidestart|p1: Alice delice|move: Stealth Rock
|
|-heal|p1a: Garbodor|334\/364|[from] item: Black Sludge
|turn|14
|leave|Omfuga
|
|switch|p1a: Starmie|Starmie|324\/324
|-damage|p1a: Starmie|284\/324|[from] Stealth Rock
|switch|p2a: Beta|Excadrill, F|361\/361
|-item|p2a: Beta|Air Balloon
|
|-heal|p1a: Starmie|304\/324|[from] item: Leftovers
|turn|15
|join|Zephir
|
|switch|p2a: Alpha|Tyranitar, M|247\/341
|-damage|p2a: Alpha|205\/341|[from] Spikes
|-weather|Sandstorm
|move|p1a: Starmie|Scald|p2a: Alpha
|-supereffective|p2a: Alpha
|-damage|p2a: Alpha|71\/341
|
|-weather|Sandstorm|[upkeep]
|-damage|p1a: Starmie|284\/324|[from] sandstorm
|-heal|p1a: Starmie|304\/324|[from] item: Leftovers
|turn|16
|
|move|p2a: Alpha|Crunch|p1a: Starmie
|-supereffective|p1a: Starmie
|-damage|p1a: Starmie|0 fnt
|faint|p1a: Starmie
|
|-weather|Sandstorm|[upkeep]
|
|switch|p1a: Tyranitar|Tyranitar, M|342\/342
|-damage|p1a: Tyranitar|300\/342|[from] Stealth Rock
|turn|17
|leave|Lockheeed
|
|move|p1a: Tyranitar|Pursuit|p2a: Alpha|[from]Pursuit
|-resisted|p2a: Alpha
|-damage|p2a: Alpha|0 fnt
|faint|p2a: Alpha
|
|-weather|Sandstorm|[upkeep]
|
|switch|p2a: Beta|Excadrill, F|361\/361
|-item|p2a: Beta|Air Balloon
|turn|18
|join|Anty
|
|switch|p1a: Garbodor|Garbodor, F|334\/364
|-damage|p1a: Garbodor|289\/364|[from] Stealth Rock
|move|p2a: Beta|Earthquake|p1a: Garbodor
|-supereffective|p1a: Garbodor
|-damage|p1a: Garbodor|0 fnt
|faint|p1a: Garbodor
|
|-weather|Sandstorm|[upkeep]
|leave|Zephir
|
|switch|p1a: Clefable|Clefable, F|394\/394
|turn|19
|leave|pam
|
|move|p2a: Beta|Iron Head|p1a: Clefable
|-crit|p1a: Clefable
|-supereffective|p1a: Clefable
|-damage|p1a: Clefable|0 fnt
|faint|p1a: Clefable
|
|-weather|none
|
|switch|p1a: Manectric|Manectric-Mega, M|281\/281
|-damage|p1a: Manectric|246\/281|[from] Stealth Rock
|-ability|p1a: Manectric|Intimidate|[of] p2a: Beta
|-unboost|p2a: Beta|atk|1
|turn|20
|leave|Updated Kanto
|
|switch|p2a: Zeta|Charizard-Mega-Y, M|87\/297
|-weather|SunnyDay
|move|p1a: Manectric|Flamethrower|p2a: Zeta
|-resisted|p2a: Zeta
|-damage|p2a: Zeta|10\/297
|
|-weather|SunnyDay|[upkeep]
|turn|21
|
|move|p1a: Manectric|Flamethrower|p2a: Zeta
|-resisted|p2a: Zeta
|-damage|p2a: Zeta|0 fnt
|faint|p2a: Zeta
|
|-weather|SunnyDay|[upkeep]
|
|switch|p2a: Epsilon|Latios, M|301\/301
|turn|22
|
|move|p1a: Manectric|Volt Switch|p2a: Epsilon
|-resisted|p2a: Epsilon
|-damage|p2a: Epsilon|237\/301
|
|switch|p1a: Tyranitar|Tyranitar, M|300\/342
|-damage|p1a: Tyranitar|258\/342|[from] Stealth Rock
|-weather|Sandstorm
|move|p2a: Epsilon|Psyshock|p1a: Tyranitar
|-immune|p1a: Tyranitar|[msg]
|
|-weather|Sandstorm|[upkeep]
|-damage|p2a: Epsilon|219\/301|[from] sandstorm
|turn|23
|
|move|p1a: Tyranitar|Superpower|p2a: Epsilon
|-resisted|p2a: Epsilon
|-damage|p2a: Epsilon|117\/301
|-unboost|p1a: Tyranitar|atk|1
|-unboost|p1a: Tyranitar|def|1
|move|p2a: Epsilon|Draco Meteor|p1a: Tyranitar
|-damage|p1a: Tyranitar|50\/342
|-unboost|p2a: Epsilon|spa|2
|-damage|p2a: Epsilon|87\/301|[from] item: Life Orb
|
|-weather|Sandstorm|[upkeep]
|-damage|p2a: Epsilon|69\/301|[from] sandstorm
|turn|24
|
|move|p1a: Tyranitar|Superpower|p2a: Epsilon
|-resisted|p2a: Epsilon
|-damage|p2a: Epsilon|0 fnt
|-unboost|p1a: Tyranitar|atk|1
|-unboost|p1a: Tyranitar|def|1
|faint|p2a: Epsilon
|
|-weather|Sandstorm|[upkeep]
|
|switch|p2a: Beta|Excadrill, F|361\/361
|-item|p2a: Beta|Air Balloon
|turn|25
|
|move|p2a: Beta|Earthquake|p1a: Tyranitar
|-supereffective|p1a: Tyranitar
|-damage|p1a: Tyranitar|0 fnt
|faint|p1a: Tyranitar
|
|-weather|Sandstorm|[upkeep]
|
|switch|p1a: Manectric|Manectric-Mega, M|246\/281
|-damage|p1a: Manectric|211\/281|[from] Stealth Rock
|-ability|p1a: Manectric|Intimidate|[of] p2a: Beta
|-unboost|p2a: Beta|atk|1
|turn|26
|
|move|p2a: Beta|Earthquake|p1a: Manectric
|-crit|p1a: Manectric
|-supereffective|p1a: Manectric
|-damage|p1a: Manectric|0 fnt
|faint|p1a: Manectric
|
|win|axiom_alpha
|c|âaxiom_alpha|gg
|leave|majaspic22
|c|âAlice delice|gg
|leave|Alice delice
|player|p1
|join|thelilou21
|leave|bluri