|join|IggyRoselia
|join|Jirachinite
|player|p1|IggyRoselia|78
|player|p2|Jirachinite|223
|gametype|singles
|gen|6
|tier|OU
|rated
|clearpoke
|poke|p1|Lopunny, M
|poke|p1|Ferrothorn, M, shiny
|poke|p1|Heatran, M, shiny
|poke|p1|Greninja, F
|poke|p1|Azumarill, F, shiny
|poke|p1|Landorus-Therian, M
|poke|p2|Rotom-Wash
|poke|p2|Ferrothorn, M
|poke|p2|Heatran, M
|poke|p2|Hippowdon, F
|poke|p2|Heracross, F
|poke|p2|Latias, F
|rule|Swagger Clause: Swagger is banned
|rule|Baton Pass Clause: Limit one PokÃ©mon knowing Baton Pass
|rule|Sleep Clause Mod: Limit one foe put to sleep
|rule|Species Clause: Limit one of each PokÃ©mon
|rule|OHKO Clause: OHKO moves are banned
|rule|Moody Clause: Moody is banned
|rule|Evasion Moves Clause: Evasion moves are banned
|rule|Endless Battle Clause: Forcing endless battles is banned
|rule|HP Percentage Mod: HP is shown in percentages
|teampreview
|
|start
|switch|p1a: PlayBoi|Lopunny, M|272\/272
|switch|p2a: Rotom-Wash|Rotom-Wash|303\/303
|turn|1
|
|switch|p2a: Hippowdon|Hippowdon, F|420\/420
|-weather|Sandstorm
|detailschange|p1a: PlayBoi|Lopunny-Mega, M
|message|Lopunny has Mega Evolved into Mega Lopunny!
|move|p1a: PlayBoi|Fake Out|p2a: Hippowdon
|-damage|p2a: Hippowdon|371\/420
|
|-weather|Sandstorm|[upkeep]
|-damage|p1a: PlayBoi|255\/272|[from] sandstorm
|-heal|p2a: Hippowdon|397\/420|[from] item: Leftovers
|turn|2
|
|switch|p1a: worring about none|Ferrothorn, M, shiny|352\/352
|move|p2a: Hippowdon|Stealth Rock|p1a: worring about none
|-sidestart|p1: IggyRoselia|move: Stealth Rock
|
|-weather|Sandstorm|[upkeep]
|-heal|p2a: Hippowdon|420\/420|[from] item: Leftovers
|turn|3
|
|switch|p2a: Ferrothorn|Ferrothorn, M|352\/352
|move|p1a: worring about none|Spikes|p2a: Ferrothorn
|-sidestart|p2: Jirachinite|Spikes
|
|-weather|Sandstorm|[upkeep]
|turn|4
|
|move|p2a: Ferrothorn|Spikes|p1a: worring about none
|-sidestart|p1: IggyRoselia|Spikes
|move|p1a: worring about none|Spikes|p2a: Ferrothorn
|-sidestart|p2: Jirachinite|Spikes
|
|-weather|Sandstorm|[upkeep]
|turn|5
|
|move|p2a: Ferrothorn|Spikes|p1a: worring about none
|-sidestart|p1: IggyRoselia|Spikes
|move|p1a: worring about none|Spikes|p2a: Ferrothorn
|-sidestart|p2: Jirachinite|Spikes
|
|-weather|none
|turn|6
|join|Explouded BURST
|
|switch|p1a: Heatran|Heatran, M, shiny|357\/357
|-damage|p1a: Heatran|313\/357|[from] Stealth Rock
|-damage|p1a: Heatran|254\/357|[from] Spikes
|move|p2a: Ferrothorn|Leech Seed|p1a: Heatran
|-start|p1a: Heatran|move: Leech Seed
|
|-heal|p1a: Heatran|276\/357|[from] item: Leftovers
|-damage|p1a: Heatran|232\/357|[from] Leech Seed|[of] p2a: Ferrothorn
|turn|7
|
|switch|p1a: PlayBoi|Lopunny-Mega, M|255\/272
|-damage|p1a: PlayBoi|238\/272|[from] Stealth Rock
|-damage|p1a: PlayBoi|193\/272|[from] Spikes
|switch|p2a: Rotom-Wash|Rotom-Wash|303\/303
|
|turn|8
|
|move|p1a: PlayBoi|High Jump Kick|p2a: Rotom-Wash
|-damage|p2a: Rotom-Wash|60\/303
|move|p2a: Rotom-Wash|Volt Switch|p1a: PlayBoi
|-damage|p1a: PlayBoi|103\/272
|
|switch|p2a: Hippowdon|Hippowdon, F|420\/420
|-damage|p2a: Hippowdon|315\/420|[from] Spikes
|-weather|Sandstorm
|
|-weather|Sandstorm|[upkeep]
|-damage|p1a: PlayBoi|86\/272|[from] sandstorm
|-heal|p2a: Hippowdon|341\/420|[from] item: Leftovers
|turn|9
|c| Explouded BURST|nein mama meine freundin ist keine schlampe nur weil ich sie betrunken auf ner party kennengelernt habe
|c| Explouded BURST|oh sry falscher chat
|c|âJirachinite|lol
|
|switch|p1a: worring about none|Ferrothorn, M, shiny|352\/352
|-damage|p1a: worring about none|294\/352|[from] Spikes
|-damage|p1a: worring about none|272\/352|[from] Stealth Rock
|move|p2a: Hippowdon|Slack Off|p2a: Hippowdon
|-heal|p2a: Hippowdon|420\/420
|
|-weather|Sandstorm|[upkeep]
|-heal|p1a: worring about none|294\/352|[from] item: Leftovers
|turn|10
|c|âJirachinite|Glaubeb Sie an den Weinachtsmann?
|
|switch|p2a: Ferrothorn|Ferrothorn, M|352\/352
|-damage|p2a: Ferrothorn|264\/352|[from] Spikes
|move|p1a: worring about none|Leech Seed|p2a: Ferrothorn
|-immune|p2a: Ferrothorn|[msg]
|
|-weather|Sandstorm|[upkeep]
|-heal|p2a: Ferrothorn|286\/352|[from] item: Leftovers
|-heal|p1a: worring about none|316\/352|[from] item: Leftovers
|turn|11
|
|switch|p1a: Heatran|Heatran, M, shiny|232\/357
|-damage|p1a: Heatran|188\/357|[from] Stealth Rock
|-damage|p1a: Heatran|129\/357|[from] Spikes
|move|p2a: Ferrothorn|Spikes|p1a: Heatran
|-sidestart|p1: IggyRoselia|Spikes
|
|-weather|Sandstorm|[upkeep]
|-heal|p1a: Heatran|151\/357|[from] item: Leftovers
|-heal|p2a: Ferrothorn|308\/352|[from] item: Leftovers
|turn|12
|c| Explouded BURST|nur wenn er ne fette rute hat
|c|âJirachinite|lol
|
|switch|p2a: Rotom-Wash|Rotom-Wash|60\/303
|move|p1a: Heatran|Stealth Rock|p2a: Rotom-Wash
|-sidestart|p2: Jirachinite|move: Stealth Rock
|
|-weather|none
|-heal|p2a: Rotom-Wash|78\/303|[from] item: Leftovers
|-heal|p1a: Heatran|173\/357|[from] item: Leftovers
|turn|13
|
|switch|p1a: worring about none|Ferrothorn, M, shiny|316\/352
|-damage|p1a: worring about none|294\/352|[from] Stealth Rock
|-damage|p1a: worring about none|206\/352|[from] Spikes
|move|p2a: Rotom-Wash|Hydro Pump|p1a: worring about none|[miss]
|-miss|p2a: Rotom-Wash|p1a: worring about none
|
|-heal|p2a: Rotom-Wash|96\/303|[from] item: Leftovers
|-heal|p1a: worring about none|228\/352|[from] item: Leftovers
|turn|14
|
|move|p2a: Rotom-Wash|Volt Switch|p1a: worring about none
|-resisted|p1a: worring about none
|-damage|p1a: worring about none|197\/352
|
|switch|p2a: Heatran|Heatran, M|386\/386
|-damage|p2a: Heatran|338\/386|[from] Stealth Rock
|-damage|p2a: Heatran|242\/386|[from] Spikes
|move|p1a: worring about none|Leech Seed|p2a: Heatran
|-start|p2a: Heatran|move: Leech Seed
|
|-heal|p2a: Heatran|266\/386|[from] item: Leftovers
|-heal|p1a: worring about none|219\/352|[from] item: Leftovers
|-damage|p2a: Heatran|218\/386|[from] Leech Seed|[of] p1a: worring about none
|-heal|p1a: worring about none|267\/352|[silent]
|turn|15
|join|randomalt01
|
|switch|p2a: Heracross|Heracross, F|301\/301
|-damage|p2a: Heracross|226\/301|[from] Spikes
|-damage|p2a: Heracross|189\/301|[from] Stealth Rock
|switch|p1a: Heatran|Heatran, M, shiny|173\/357
|-damage|p1a: Heatran|129\/357|[from] Stealth Rock
|-damage|p1a: Heatran|40\/357|[from] Spikes
|
|-heal|p1a: Heatran|62\/357|[from] item: Leftovers
|turn|16
|
|detailschange|p2a: Heracross|Heracross-Mega, F
|message|Heracross has Mega Evolved into Mega Heracross!
|move|p2a: Heracross|Rock Blast|p1a: Heatran
|-damage|p1a: Heatran|21\/357
|-damage|p1a: Heatran|0 fnt
|-hitcount|p1a: Heatran|2
|faint|p1a: Heatran
|
|
|switch|p1a: PlayBoi|Lopunny-Mega, M|86\/272
|-damage|p1a: PlayBoi|18\/272|[from] Spikes
|-damage|p1a: PlayBoi|1\/272|[from] Stealth Rock
|turn|17
|
|switch|p2a: Hippowdon|Hippowdon, F|420\/420
|-damage|p2a: Hippowdon|394\/420|[from] Stealth Rock
|-damage|p2a: Hippowdon|289\/420|[from] Spikes
|-weather|Sandstorm
|move|p1a: PlayBoi|Return|p2a: Hippowdon
|-damage|p2a: Hippowdon|165\/420
|
|-weather|Sandstorm|[upkeep]
|-damage|p1a: PlayBoi|0 fnt|[from] sandstorm
|-heal|p2a: Hippowdon|191\/420|[from] item: Leftovers
|faint|p1a: PlayBoi
|join|MrStealYourBitch
|join|ShaunShaunson
|join|About 24Midgetz
|join|Raymond Quaza
|join|FerrothornTooOp
|leave|Raymond Quaza
|
|switch|p1a: Greninja|Greninja, F|285\/285
|-damage|p1a: Greninja|214\/285|[from] Spikes
|-damage|p1a: Greninja|179\/285|[from] Stealth Rock
|turn|18
|c| MrStealYourBitch|no it isnt
|leave|FerrothornTooOp
|join|mourir
|c| MrStealYourBitch|as bt always puts on modjoin
|join|Lady Iteria
|
|move|p1a: Greninja|Surf|p2a: Hippowdon
|-start|p1a: Greninja|typechange|Water|[from] Protean
|-supereffective|p2a: Hippowdon
|-damage|p2a: Hippowdon|0 fnt
|-damage|p1a: Greninja|151\/285|[from] item: Life Orb
|faint|p2a: Hippowdon
|
|-weather|Sandstorm|[upkeep]
|-damage|p1a: Greninja|134\/285|[from] sandstorm
|leave|MrStealYourBitch
|leave|mourir
|leave|ShaunShaunson
|leave|randomalt01
|leave|About 24Midgetz
|
|switch|p2a: Ferrothorn|Ferrothorn, M|308\/352
|-damage|p2a: Ferrothorn|220\/352|[from] Spikes
|-damage|p2a: Ferrothorn|198\/352|[from] Stealth Rock
|turn|19
|join|nintendo lpg
|c| Explouded BURST|alter blu wie einem in der lobby immer noch min 10 eute joinen wenn man omg joey schreibt XD
|
|move|p1a: Greninja|Ice Beam|p2a: Ferrothorn
|-start|p1a: Greninja|typechange|Ice|[from] Protean
|-damage|p2a: Ferrothorn|73\/352
|-damage|p1a: Greninja|106\/285|[from] item: Life Orb
|move|p2a: Ferrothorn|Gyro Ball|p1a: Greninja
|-supereffective|p1a: Greninja
|-damage|p1a: Greninja|0 fnt
|faint|p1a: Greninja
|
|-weather|Sandstorm|[upkeep]
|-heal|p2a: Ferrothorn|95\/352|[from] item: Leftovers
|c|âJirachinite|isso :D junge die vergÃ¶ttern joey so krank :D
|leave|nintendo lpg
|
|switch|p1a: Azumarill|Azumarill, F, shiny|401\/401
|-damage|p1a: Azumarill|351\/401|[from] Stealth Rock
|-damage|p1a: Azumarill|251\/401|[from] Spikes
|turn|20
|
|move|p1a: Azumarill|Superpower|p2a: Ferrothorn
|-supereffective|p2a: Ferrothorn
|-damage|p2a: Ferrothorn|0 fnt
|-damage|p1a: Azumarill|201\/401|[from] ability: Iron Barbs|[of] p2a: Ferrothorn
|-unboost|p1a: Azumarill|atk|1
|-unboost|p1a: Azumarill|def|1
|faint|p2a: Ferrothorn
|
|-weather|Sandstorm|[upkeep]
|-damage|p1a: Azumarill|176\/401|[from] sandstorm
|
|switch|p2a: Latias|Latias, F|301\/301
|-damage|p2a: Latias|264\/301|[from] Stealth Rock
|turn|21
|join|pokemon12947
|
|switch|p1a: worring about none|Ferrothorn, M, shiny|267\/352
|-damage|p1a: worring about none|179\/352|[from] Spikes
|-damage|p1a: worring about none|157\/352|[from] Stealth Rock
|move|p2a: Latias|Psyshock|p1a: worring about none
|-resisted|p1a: worring about none
|-damage|p1a: worring about none|104\/352
|-damage|p2a: Latias|234\/301|[from] item: Life Orb
|
|-weather|none
|-heal|p1a: worring about none|126\/352|[from] item: Leftovers
|turn|22
|
|move|p2a: Latias|Defog|p1a: worring about none
|-unboost|p1a: worring about none|evasion|1
|-sideend|p1: IggyRoselia|Spikes|[from] move: Defog|[of] p1a: worring about none
|-sideend|p1: IggyRoselia|Stealth Rock|[from] move: Defog|[of] p1a: worring about none
|-sideend|p2: Jirachinite|Spikes|[from] move: Defog|[of] p2a: Latias
|-sideend|p2: Jirachinite|Stealth Rock|[from] move: Defog|[of] p2a: Latias
|move|p1a: worring about none|Leech Seed|p2a: Latias
|-start|p2a: Latias|move: Leech Seed
|
|-heal|p1a: worring about none|148\/352|[from] item: Leftovers
|-damage|p2a: Latias|197\/301|[from] Leech Seed|[of] p1a: worring about none
|-heal|p1a: worring about none|185\/352|[silent]
|turn|23
|
|switch|p2a: Heatran|Heatran, M|218\/386
|switch|p1a: Azumarill|Azumarill, F, shiny|176\/401
|
|-heal|p2a: Heatran|242\/386|[from] item: Leftovers
|turn|24
|
|move|p1a: Azumarill|Aqua Jet|p2a: Heatran
|-supereffective|p2a: Heatran
|-damage|p2a: Heatran|0 fnt
|faint|p2a: Heatran
|
|
|switch|p2a: Rotom-Wash|Rotom-Wash|96\/303
|turn|25
|
|switch|p1a: worring about none|Ferrothorn, M, shiny|185\/352
|move|p2a: Rotom-Wash|Pain Split|p1a: worring about none
|-sethp|p1a: worring about none|140\/352|p2a: Rotom-Wash|140\/303|[from] move: Pain Split
|
|-heal|p2a: Rotom-Wash|158\/303|[from] item: Leftovers
|-heal|p1a: worring about none|162\/352|[from] item: Leftovers
|turn|26
|
|move|p2a: Rotom-Wash|Volt Switch|p1a: worring about none
|-resisted|p1a: worring about none
|-damage|p1a: worring about none|127\/352
|
|switch|p2a: Heracross|Heracross-Mega, F|189\/301
|move|p1a: worring about none|Spikes|p2a: Heracross
|-sidestart|p2: Jirachinite|Spikes
|
|-heal|p1a: worring about none|149\/352|[from] item: Leftovers
|turn|27
|
|move|p1a: worring about none|Protect|p1a: worring about none
|-singleturn|p1a: worring about none|Protect
|move|p2a: Heracross|Substitute|p2a: Heracross
|-start|p2a: Heracross|Substitute
|-damage|p2a: Heracross|114\/301
|
|-heal|p1a: worring about none|171\/352|[from] item: Leftovers
|turn|28
|
|move|p2a: Heracross|Close Combat|p1a: worring about none
|-supereffective|p1a: worring about none
|-damage|p1a: worring about none|0 fnt
|-damage|p2a: Heracross|77\/301|[from] ability: Iron Barbs|[of] p1a: worring about none
|-unboost|p2a: Heracross|def|1
|-unboost|p2a: Heracross|spd|1
|faint|p1a: worring about none
|
|
|switch|p1a: Landorus-Therian|Landorus-Therian, M|320\/320
|-activate|p2a: Heracross|Substitute|ability: Intimidate|[of] p1a: Landorus-Therian
|turn|29
|
|move|p1a: Landorus-Therian|Earthquake|p2a: Heracross
|-resisted|p2a: Heracross
|-end|p2a: Heracross|Substitute
|move|p2a: Heracross|Rock Blast|p1a: Landorus-Therian
|-damage|p1a: Landorus-Therian|271\/320
|-damage|p1a: Landorus-Therian|222\/320
|-damage|p1a: Landorus-Therian|176\/320
|-damage|p1a: Landorus-Therian|130\/320
|-damage|p1a: Landorus-Therian|85\/320
|-hitcount|p1a: Landorus-Therian|5
|
|turn|30
|
|switch|p1a: Azumarill|Azumarill, F, shiny|176\/401
|switch|p2a: Rotom-Wash|Rotom-Wash|158\/303
|
|-heal|p2a: Rotom-Wash|176\/303|[from] item: Leftovers
|turn|31
|
|switch|p2a: Latias|Latias, F|197\/301
|move|p1a: Azumarill|Play Rough|p2a: Latias
|-supereffective|p2a: Latias
|-damage|p2a: Latias|0 fnt
|faint|p2a: Latias
|
|
|switch|p2a: Heracross|Heracross-Mega, F|77\/301
|-damage|p2a: Heracross|40\/301|[from] Spikes
|turn|32
|
|move|p2a: Heracross|Rock Blast|p1a: Azumarill
|-damage|p1a: Azumarill|124\/401
|-damage|p1a: Azumarill|76\/401
|-damage|p1a: Azumarill|20\/401
|-damage|p1a: Azumarill|0 fnt
|-hitcount|p1a: Azumarill|4
|faint|p1a: Azumarill
|
|
|switch|p1a: Landorus-Therian|Landorus-Therian, M|85\/320
|-ability|p1a: Landorus-Therian|Intimidate|[of] p2a: Heracross
|-unboost|p2a: Heracross|atk|1
|turn|33
|
|move|p1a: Landorus-Therian|Stone Edge|p2a: Heracross
|-damage|p2a: Heracross|0 fnt
|faint|p2a: Heracross
|
|
|switch|p2a: Rotom-Wash|Rotom-Wash|176\/303
|turn|34
|
|move|p1a: Landorus-Therian|Stone Edge|p2a: Rotom-Wash
|-damage|p2a: Rotom-Wash|39\/303
|move|p2a: Rotom-Wash|Will-O-Wisp|p1a: Landorus-Therian
|-status|p1a: Landorus-Therian|brn
|
|-heal|p2a: Rotom-Wash|57\/303|[from] item: Leftovers
|-damage|p1a: Landorus-Therian|45\/320 brn|[from] brn
|turn|35
|c|âJirachinite|omfg fcking calcer
|
|move|p1a: Landorus-Therian|Stone Edge|p2a: Rotom-Wash
|-damage|p2a: Rotom-Wash|0 fnt
|faint|p2a: Rotom-Wash
|
|win|IggyRoselia
|raw|Ladder updating...
|leave|Jirachinite
|player|p2
|c|âIggyRoselia|gg
|leave|Lady Iteria
|raw|IggyRoselia's rating: 1626 &rarr; <strong>1647<\/strong><br \/>(+21 for winning)
|raw|Jirachinite's rating: 1647 &rarr; <strong>1626<\/strong><br \/>(-21 for losing)
|leave|IggyRoselia
|player|p1