|join|Trumaerd
|join|IggyRoselia
|player|p1|Trumaerd|170
|player|p2|IggyRoselia|78
|gametype|singles
|gen|6
|tier|OU
|rated
|clearpoke
|poke|p1|Infernape, M
|poke|p1|Dragonite, F
|poke|p1|Bisharp, M
|poke|p1|Keldeo
|poke|p1|Metagross
|poke|p1|Thundurus, M
|poke|p2|Kyurem-Black, shiny
|poke|p2|Latios, M
|poke|p2|Ferrothorn, F
|poke|p2|Dusclops, F
|poke|p2|Mamoswine, M, shiny
|poke|p2|Manaphy, shiny
|rule|Swagger Clause: Swagger is banned
|rule|Baton Pass Clause: Limit one PokÃ©mon knowing Baton Pass
|rule|Sleep Clause Mod: Limit one foe put to sleep
|rule|Species Clause: Limit one of each PokÃ©mon
|rule|OHKO Clause: OHKO moves are banned
|rule|Moody Clause: Moody is banned
|rule|Evasion Moves Clause: Evasion moves are banned
|rule|Endless Battle Clause: Forcing endless battles is banned
|rule|HP Percentage Mod: HP is shown in percentages
|teampreview
|
|start
|switch|p1a: Infernape|Infernape, M|293\/293
|switch|p2a: Mamoswine|Mamoswine, M, shiny|362\/362
|turn|1
|
|move|p1a: Infernape|Stealth Rock|p2a: Mamoswine
|-sidestart|p2: IggyRoselia|move: Stealth Rock
|move|p2a: Mamoswine|Earthquake|p1a: Infernape
|-supereffective|p1a: Infernape
|-enditem|p1a: Infernape|Focus Sash
|-damage|p1a: Infernape|1\/293
|
|turn|2
|
|move|p1a: Infernape|Vacuum Wave|p2a: Mamoswine
|-supereffective|p2a: Mamoswine
|-damage|p2a: Mamoswine|182\/362
|move|p2a: Mamoswine|Stealth Rock|p1a: Infernape
|-sidestart|p1: Trumaerd|move: Stealth Rock
|
|turn|3
|
|move|p1a: Infernape|Vacuum Wave|p2a: Mamoswine
|-supereffective|p2a: Mamoswine
|-damage|p2a: Mamoswine|0 fnt
|faint|p2a: Mamoswine
|
|
|switch|p2a: Latios|Latios, M|301\/301
|-damage|p2a: Latios|264\/301|[from] Stealth Rock
|turn|4
|
|detailschange|p2a: Latios|Latios-Mega, M
|-mega|p2a: Latios|Latios|Latiosite
|move|p1a: Infernape|Endeavor|p2a: Latios
|-damage|p2a: Latios|1\/301
|move|p2a: Latios|Dragon Dance|p2a: Latios
|-boost|p2a: Latios|atk|1
|-boost|p2a: Latios|spe|1
|
|turn|5
|
|move|p1a: Infernape|Vacuum Wave|p2a: Latios
|-resisted|p2a: Latios
|-damage|p2a: Latios|0 fnt
|faint|p2a: Latios
|
|
|switch|p2a: Ferrothorn|Ferrothorn, F|352\/352
|-damage|p2a: Ferrothorn|330\/352|[from] Stealth Rock
|turn|6
|
|move|p1a: Infernape|Fire Blast|p2a: Ferrothorn
|-supereffective|p2a: Ferrothorn
|-damage|p2a: Ferrothorn|0 fnt
|faint|p2a: Ferrothorn
|
|
|switch|p2a: Manaphy|Manaphy, shiny|341\/341
|-damage|p2a: Manaphy|299\/341|[from] Stealth Rock
|turn|7
|
|move|p1a: Infernape|Endeavor|p2a: Manaphy
|-damage|p2a: Manaphy|1\/341
|move|p2a: Manaphy|Surf|p1a: Infernape
|-supereffective|p1a: Infernape
|-damage|p1a: Infernape|0 fnt
|-damage|p2a: Manaphy|0 fnt|[from] item: Life Orb
|faint|p1a: Infernape
|faint|p2a: Manaphy
|
|
|switch|p1a: Keldeo|Keldeo|323\/323
|switch|p2a: Kyurem-Black|Kyurem-Black, shiny|391\/391
|-damage|p1a: Keldeo|303\/323|[from] Stealth Rock
|-damage|p2a: Kyurem-Black|294\/391|[from] Stealth Rock
|-ability|p2a: Kyurem-Black|Teravolt
|turn|8
|
|switch|p1a: Bisharp|Bisharp, M|272\/272
|-damage|p1a: Bisharp|255\/272|[from] Stealth Rock
|switch|p2a: Dusclops|Dusclops, F|284\/284
|-damage|p2a: Dusclops|249\/284|[from] Stealth Rock
|-ability|p2a: Dusclops|Pressure
|
|turn|9
|
|move|p1a: Bisharp|Knock Off|p2a: Dusclops
|-supereffective|p2a: Dusclops
|-damage|p2a: Dusclops|38\/284
|-enditem|p2a: Dusclops|Eviolite|[from] move: Knock Off|[of] p1a: Bisharp
|-damage|p1a: Bisharp|228\/272|[from] item: Life Orb
|move|p2a: Dusclops|Will-O-Wisp|p1a: Bisharp
|-status|p1a: Bisharp|brn
|
|-damage|p1a: Bisharp|194\/272 brn|[from] brn
|turn|10
|
|move|p1a: Bisharp|Knock Off|p2a: Dusclops
|-supereffective|p2a: Dusclops
|-damage|p2a: Dusclops|0 fnt
|-damage|p1a: Bisharp|167\/272 brn|[from] item: Life Orb
|faint|p2a: Dusclops
|
|-damage|p1a: Bisharp|133\/272 brn|[from] brn
|
|switch|p2a: Kyurem-Black|Kyurem-Black, shiny|294\/391
|-damage|p2a: Kyurem-Black|197\/391|[from] Stealth Rock
|-ability|p2a: Kyurem-Black|Teravolt
|turn|11
|c|âIggyRoselia|gg
|
|move|p2a: Kyurem-Black|Fusion Bolt|p1a: Bisharp
|-damage|p1a: Bisharp|0 fnt
|faint|p1a: Bisharp
|
|
|switch|p1a: Metagross|Metagross|301\/301
|-damage|p1a: Metagross|283\/301|[from] Stealth Rock
|turn|12
|
|detailschange|p1a: Metagross|Metagross-Mega
|-mega|p1a: Metagross|Metagross|Metagrossite
|move|p1a: Metagross|Bullet Punch|p2a: Kyurem-Black
|-supereffective|p2a: Kyurem-Black
|-damage|p2a: Kyurem-Black|0 fnt
|faint|p2a: Kyurem-Black
|
|win|Trumaerd
|raw|Ladder updating...
|raw|Trumaerd's rating: 1627 &rarr; <strong>1648<\/strong><br \/>(+21 for winning)
|raw|IggyRoselia's rating: 1643 &rarr; <strong>1622<\/strong><br \/>(-21 for losing)
|leave|IggyRoselia
|player|p2
|leave|Trumaerd
|player|p1