|join|Roi Pika
|join|IggyRoselia
|player|p1|Roi Pika|290
|player|p2|IggyRoselia|30
|gametype|singles
|gen|6
|tier|OU
|rated
|clearpoke
|poke|p1|Metagross, shiny
|poke|p1|Gothitelle, F
|poke|p1|Kyurem-Black, shiny
|poke|p1|Landorus-Therian, M, shiny
|poke|p1|Mandibuzz, F
|poke|p1|Rotom-Wash, shiny
|poke|p2|Slowbro, F, shiny
|poke|p2|Breloom, F
|poke|p2|Excadrill, F
|poke|p2|Azumarill, F
|poke|p2|Rotom-Wash
|poke|p2|Garchomp, M
|rule|Swagger Clause: Swagger is banned
|rule|Baton Pass Clause: Limit one PokÃ©mon knowing Baton Pass
|rule|Sleep Clause Mod: Limit one foe put to sleep
|rule|Species Clause: Limit one of each PokÃ©mon
|rule|OHKO Clause: OHKO moves are banned
|rule|Moody Clause: Moody is banned
|rule|Evasion Moves Clause: Evasion moves are banned
|rule|Endless Battle Clause: Forcing endless battles is banned
|rule|HP Percentage Mod: HP is shown in percentages
|teampreview
|
|start
|switch|p1a: Landorus-Therian|Landorus-Therian, M, shiny|381\/381
|switch|p2a: Azumarill|Azumarill, F|353\/353
|-ability|p1a: Landorus-Therian|Intimidate|[of] p2a: Azumarill
|-unboost|p2a: Azumarill|atk|1
|turn|1
|
|move|p1a: Landorus-Therian|Earthquake|p2a: Azumarill
|-damage|p2a: Azumarill|175\/353
|-enditem|p2a: Azumarill|Sitrus Berry|[eat]
|-heal|p2a: Azumarill|263\/353|[from] item: Sitrus Berry
|move|p2a: Azumarill|Belly Drum|p2a: Azumarill
|-damage|p2a: Azumarill|87\/353
|-setboost|p2a: Azumarill|atk|6|[from] move: Belly Drum
|
|turn|2
|
|move|p2a: Azumarill|Aqua Jet|p1a: Landorus-Therian
|-supereffective|p1a: Landorus-Therian
|-damage|p1a: Landorus-Therian|0 fnt
|faint|p1a: Landorus-Therian
|
|
|switch|p1a: Rotom-Wash|Rotom-Wash, shiny|304\/304
|turn|3
|
|move|p1a: Rotom-Wash|Volt Switch|p2a: Azumarill
|-crit|p2a: Azumarill
|-supereffective|p2a: Azumarill
|-damage|p2a: Azumarill|0 fnt
|faint|p2a: Azumarill
|
|switch|p1a: Gothitelle|Gothitelle, F|290\/290
|
|
|switch|p2a: Excadrill|Excadrill, F|420\/420
|-ability|p2a: Excadrill|Mold Breaker
|turn|4
|
|switch|p1a: Mandibuzz|Mandibuzz, F|423\/423
|move|p2a: Excadrill|Earthquake|p1a: Mandibuzz
|-immune|p1a: Mandibuzz|[msg]
|
|turn|5
|
|switch|p1a: Kyurem-Black|Kyurem-Black, shiny|405\/405
|-ability|p1a: Kyurem-Black|Teravolt
|move|p2a: Excadrill|Toxic|p1a: Kyurem-Black
|-status|p1a: Kyurem-Black|tox
|
|-damage|p1a: Kyurem-Black|380\/405 tox|[from] psn
|turn|6
|
|switch|p1a: Mandibuzz|Mandibuzz, F|423\/423
|move|p2a: Excadrill|Iron Head|p1a: Mandibuzz
|-damage|p1a: Mandibuzz|329\/423
|-damage|p2a: Excadrill|350\/420|[from] item: Rocky Helmet|[of] p1a: Mandibuzz
|
|-heal|p2a: Excadrill|376\/420|[from] item: Leftovers
|turn|7
|
|move|p2a: Excadrill|Toxic|p1a: Mandibuzz
|-status|p1a: Mandibuzz|tox
|move|p1a: Mandibuzz|Foul Play|p2a: Excadrill
|-damage|p2a: Excadrill|150\/420
|
|-heal|p2a: Excadrill|176\/420|[from] item: Leftovers
|-damage|p1a: Mandibuzz|303\/423 tox|[from] psn
|turn|8
|
|switch|p2a: Rotom-Wash|Rotom-Wash|304\/304
|move|p1a: Mandibuzz|Foul Play|p2a: Rotom-Wash
|-damage|p2a: Rotom-Wash|252\/304
|
|-heal|p2a: Rotom-Wash|271\/304|[from] item: Leftovers
|-damage|p1a: Mandibuzz|251\/423 tox|[from] psn
|turn|9
|
|switch|p1a: Gothitelle|Gothitelle, F|290\/290
|move|p2a: Rotom-Wash|Volt Switch|p1a: Gothitelle
|-damage|p1a: Gothitelle|208\/290
|
|switch|p2a: Excadrill|Excadrill, F|176\/420
|-ability|p2a: Excadrill|Mold Breaker
|
|-heal|p2a: Excadrill|202\/420|[from] item: Leftovers
|turn|10
|c|âRoi Pika|Excadrill spe def ???????????
|
|move|p2a: Excadrill|Earthquake|p1a: Gothitelle
|-damage|p1a: Gothitelle|54\/290
|move|p1a: Gothitelle|Hidden Power|p2a: Excadrill
|-supereffective|p2a: Excadrill
|-damage|p2a: Excadrill|32\/420
|
|-heal|p2a: Excadrill|58\/420|[from] item: Leftovers
|turn|11
|c|âIggyRoselia|yeah
|
|switch|p1a: Mandibuzz|Mandibuzz, F|251\/423 tox
|move|p2a: Excadrill|Earthquake|p1a: Mandibuzz
|-immune|p1a: Mandibuzz|[msg]
|
|-heal|p2a: Excadrill|84\/420|[from] item: Leftovers
|-damage|p1a: Mandibuzz|225\/423 tox|[from] psn
|turn|12
|
|switch|p2a: Rotom-Wash|Rotom-Wash|271\/304
|move|p1a: Mandibuzz|Roost|p1a: Mandibuzz
|-heal|p1a: Mandibuzz|423\/423 tox
|
|-heal|p2a: Rotom-Wash|290\/304|[from] item: Leftovers
|-damage|p1a: Mandibuzz|371\/423 tox|[from] psn
|turn|13
|
|switch|p1a: Kyurem-Black|Kyurem-Black, shiny|380\/405 tox
|-ability|p1a: Kyurem-Black|Teravolt
|move|p2a: Rotom-Wash|Volt Switch|p1a: Kyurem-Black
|-resisted|p1a: Kyurem-Black
|-damage|p1a: Kyurem-Black|336\/405 tox
|
|switch|p2a: Slowbro|Slowbro, F, shiny|394\/394
|
|-heal|p1a: Kyurem-Black|361\/405 tox|[from] item: Leftovers
|-damage|p1a: Kyurem-Black|336\/405 tox|[from] psn
|turn|14
|
|detailschange|p2a: Slowbro|Slowbro-Mega, F, shiny
|-mega|p2a: Slowbro|Slowbro|Slowbronite
|move|p1a: Kyurem-Black|Fusion Bolt|p2a: Slowbro
|-supereffective|p2a: Slowbro
|-damage|p2a: Slowbro|268\/394
|move|p2a: Slowbro|Calm Mind|p2a: Slowbro
|-boost|p2a: Slowbro|spa|1
|-boost|p2a: Slowbro|spd|1
|
|-heal|p1a: Kyurem-Black|361\/405 tox|[from] item: Leftovers
|-damage|p1a: Kyurem-Black|311\/405 tox|[from] psn
|turn|15
|
|switch|p1a: Gothitelle|Gothitelle, F|54\/290
|move|p2a: Slowbro|Scald|p1a: Gothitelle
|-damage|p1a: Gothitelle|0 fnt
|faint|p1a: Gothitelle
|
|
|switch|p1a: Rotom-Wash|Rotom-Wash, shiny|304\/304
|turn|16
|
|switch|p2a: Rotom-Wash|Rotom-Wash|290\/304
|move|p1a: Rotom-Wash|Volt Switch|p2a: Rotom-Wash
|-damage|p2a: Rotom-Wash|233\/304
|
|switch|p1a: Kyurem-Black|Kyurem-Black, shiny|311\/405 tox
|-ability|p1a: Kyurem-Black|Teravolt
|
|-heal|p1a: Kyurem-Black|336\/405 tox|[from] item: Leftovers
|-heal|p2a: Rotom-Wash|252\/304|[from] item: Leftovers
|-damage|p1a: Kyurem-Black|311\/405 tox|[from] psn
|turn|17
|
|move|p1a: Kyurem-Black|Earth Power|p2a: Rotom-Wash
|-supereffective|p2a: Rotom-Wash
|-damage|p2a: Rotom-Wash|106\/304
|move|p2a: Rotom-Wash|Pain Split|p1a: Kyurem-Black
|-sethp|p1a: Kyurem-Black|208\/405 tox|p2a: Rotom-Wash|208\/304|[from] move: Pain Split
|
|-heal|p1a: Kyurem-Black|233\/405 tox|[from] item: Leftovers
|-heal|p2a: Rotom-Wash|227\/304|[from] item: Leftovers
|-damage|p1a: Kyurem-Black|183\/405 tox|[from] psn
|turn|18
|
|switch|p1a: Metagross|Metagross, shiny|301\/301
|switch|p2a: Breloom|Breloom, F|282\/282
|
|-status|p2a: Breloom|tox|[from] item: Toxic Orb
|turn|19
|
|switch|p2a: Slowbro|Slowbro-Mega, F, shiny|268\/394
|detailschange|p1a: Metagross|Metagross-Mega, shiny
|-mega|p1a: Metagross|Metagross|Metagrossite
|move|p1a: Metagross|Zen Headbutt|p2a: Slowbro
|-resisted|p2a: Slowbro
|-damage|p2a: Slowbro|217\/394
|
|turn|20
|
|move|p1a: Metagross|Meteor Mash|p2a: Slowbro
|-resisted|p2a: Slowbro
|-damage|p2a: Slowbro|162\/394
|move|p2a: Slowbro|Slack Off|p2a: Slowbro
|-heal|p2a: Slowbro|359\/394
|
|turn|21
|
|switch|p1a: Rotom-Wash|Rotom-Wash, shiny|304\/304
|move|p2a: Slowbro|Scald|p1a: Rotom-Wash
|-resisted|p1a: Rotom-Wash
|-damage|p1a: Rotom-Wash|264\/304
|
|-heal|p1a: Rotom-Wash|283\/304|[from] item: Leftovers
|turn|22
|
|switch|p2a: Rotom-Wash|Rotom-Wash|227\/304
|move|p1a: Rotom-Wash|Will-O-Wisp|p2a: Rotom-Wash
|-status|p2a: Rotom-Wash|brn
|
|-heal|p1a: Rotom-Wash|302\/304|[from] item: Leftovers
|-heal|p2a: Rotom-Wash|246\/304 brn|[from] item: Leftovers
|-damage|p2a: Rotom-Wash|208\/304 brn|[from] brn
|turn|23
|
|move|p1a: Rotom-Wash|Volt Switch|p2a: Rotom-Wash
|-damage|p2a: Rotom-Wash|151\/304 brn
|
|switch|p1a: Kyurem-Black|Kyurem-Black, shiny|183\/405 tox
|-ability|p1a: Kyurem-Black|Teravolt
|move|p2a: Rotom-Wash|Volt Switch|p1a: Kyurem-Black
|-resisted|p1a: Kyurem-Black
|-damage|p1a: Kyurem-Black|132\/405 tox
|
|switch|p2a: Slowbro|Slowbro-Mega, F, shiny|359\/394
|
|-heal|p1a: Kyurem-Black|157\/405 tox|[from] item: Leftovers
|-damage|p1a: Kyurem-Black|132\/405 tox|[from] psn
|turn|24
|
|move|p1a: Kyurem-Black|Fusion Bolt|p2a: Slowbro
|-supereffective|p2a: Slowbro
|-damage|p2a: Slowbro|247\/394
|move|p2a: Slowbro|Calm Mind|p2a: Slowbro
|-boost|p2a: Slowbro|spa|1
|-boost|p2a: Slowbro|spd|1
|
|-heal|p1a: Kyurem-Black|157\/405 tox|[from] item: Leftovers
|-damage|p1a: Kyurem-Black|107\/405 tox|[from] psn
|turn|25
|
|move|p1a: Kyurem-Black|Fusion Bolt|p2a: Slowbro
|-supereffective|p2a: Slowbro
|-damage|p2a: Slowbro|129\/394
|move|p2a: Slowbro|Slack Off|p2a: Slowbro
|-heal|p2a: Slowbro|326\/394
|
|-heal|p1a: Kyurem-Black|132\/405 tox|[from] item: Leftovers
|-damage|p1a: Kyurem-Black|57\/405 tox|[from] psn
|turn|26
|
|switch|p1a: Rotom-Wash|Rotom-Wash, shiny|302\/304
|move|p2a: Slowbro|Slack Off|p2a: Slowbro
|-heal|p2a: Slowbro|394\/394
|
|-heal|p1a: Rotom-Wash|304\/304|[from] item: Leftovers
|turn|27
|
|switch|p2a: Breloom|Breloom, F|282\/282 tox
|move|p1a: Rotom-Wash|Volt Switch|p2a: Breloom
|-resisted|p2a: Breloom
|-damage|p2a: Breloom|219\/282 tox
|
|switch|p1a: Metagross|Metagross-Mega, shiny|301\/301
|
|-heal|p2a: Breloom|254\/282 tox|[from] ability: Poison Heal
|turn|28
|
|switch|p2a: Slowbro|Slowbro-Mega, F, shiny|394\/394
|move|p1a: Metagross|Earthquake|p2a: Slowbro
|-damage|p2a: Slowbro|329\/394
|
|turn|29
|
|switch|p1a: Rotom-Wash|Rotom-Wash, shiny|304\/304
|move|p2a: Slowbro|Scald|p1a: Rotom-Wash
|-resisted|p1a: Rotom-Wash
|-damage|p1a: Rotom-Wash|263\/304
|
|-heal|p1a: Rotom-Wash|282\/304|[from] item: Leftovers
|turn|30
|c|âIggyRoselia|this machine doesn't get burned
|
|switch|p2a: Excadrill|Excadrill, F|84\/420
|-ability|p2a: Excadrill|Mold Breaker
|move|p1a: Rotom-Wash|Will-O-Wisp|p2a: Excadrill
|-status|p2a: Excadrill|brn
|
|-heal|p2a: Excadrill|110\/420 brn|[from] item: Leftovers
|-heal|p1a: Rotom-Wash|301\/304|[from] item: Leftovers
|-damage|p2a: Excadrill|58\/420 brn|[from] brn
|turn|31
|
|switch|p1a: Kyurem-Black|Kyurem-Black, shiny|57\/405 tox
|-ability|p1a: Kyurem-Black|Teravolt
|move|p2a: Excadrill|Toxic|p1a: Kyurem-Black
|-fail|p1a: Kyurem-Black|tox
|
|-heal|p1a: Kyurem-Black|82\/405 tox|[from] item: Leftovers
|-heal|p2a: Excadrill|84\/420 brn|[from] item: Leftovers
|-damage|p1a: Kyurem-Black|57\/405 tox|[from] psn
|-damage|p2a: Excadrill|32\/420 brn|[from] brn
|turn|32
|
|move|p1a: Kyurem-Black|Fusion Bolt|p2a: Excadrill
|-immune|p2a: Excadrill|[msg]
|move|p2a: Excadrill|Iron Head|p1a: Kyurem-Black
|-supereffective|p1a: Kyurem-Black
|-damage|p1a: Kyurem-Black|0 fnt
|faint|p1a: Kyurem-Black
|
|-heal|p2a: Excadrill|58\/420 brn|[from] item: Leftovers
|-damage|p2a: Excadrill|6\/420 brn|[from] brn
|
|switch|p1a: Metagross|Metagross-Mega, shiny|301\/301
|turn|33
|
|move|p1a: Metagross|Earthquake|p2a: Excadrill
|-supereffective|p2a: Excadrill
|-damage|p2a: Excadrill|0 fnt
|faint|p2a: Excadrill
|
|
|switch|p2a: Slowbro|Slowbro-Mega, F, shiny|329\/394
|turn|34
|
|switch|p1a: Rotom-Wash|Rotom-Wash, shiny|301\/304
|switch|p2a: Breloom|Breloom, F|254\/282 tox
|
|-heal|p1a: Rotom-Wash|304\/304|[from] item: Leftovers
|-heal|p2a: Breloom|282\/282 tox|[from] ability: Poison Heal
|turn|35
|
|switch|p1a: Mandibuzz|Mandibuzz, F|371\/423 tox
|move|p2a: Breloom|Substitute|p2a: Breloom
|-start|p2a: Breloom|Substitute
|-damage|p2a: Breloom|212\/282 tox
|
|-heal|p2a: Breloom|247\/282 tox|[from] ability: Poison Heal
|-damage|p1a: Mandibuzz|345\/423 tox|[from] psn
|turn|36
|
|-singleturn|p2a: Breloom|move: Focus Punch
|move|p1a: Mandibuzz|Foul Play|p2a: Breloom
|-resisted|p2a: Breloom
|-end|p2a: Breloom|Substitute
|move|p2a: Breloom|Focus Punch|p1a: Mandibuzz
|-damage|p1a: Mandibuzz|128\/423 tox
|-damage|p2a: Breloom|200\/282 tox|[from] item: Rocky Helmet|[of] p1a: Mandibuzz
|
|-heal|p2a: Breloom|235\/282 tox|[from] ability: Poison Heal
|-damage|p1a: Mandibuzz|76\/423 tox|[from] psn
|turn|37
|
|move|p2a: Breloom|Seed Bomb|p1a: Mandibuzz
|-resisted|p1a: Mandibuzz
|-damage|p1a: Mandibuzz|18\/423 tox
|move|p1a: Mandibuzz|Foul Play|p2a: Breloom
|-resisted|p2a: Breloom
|-damage|p2a: Breloom|115\/282 tox
|
|-heal|p2a: Breloom|150\/282 tox|[from] ability: Poison Heal
|-damage|p1a: Mandibuzz|0 fnt|[from] psn
|faint|p1a: Mandibuzz
|
|switch|p1a: Metagross|Metagross-Mega, shiny|301\/301
|turn|38
|
|switch|p1a: Rotom-Wash|Rotom-Wash, shiny|304\/304
|switch|p2a: Slowbro|Slowbro-Mega, F, shiny|329\/394
|
|turn|39
|
|switch|p2a: Breloom|Breloom, F|150\/282 tox
|move|p1a: Rotom-Wash|Volt Switch|p2a: Breloom
|-resisted|p2a: Breloom
|-damage|p2a: Breloom|89\/282 tox
|
|switch|p1a: Metagross|Metagross-Mega, shiny|301\/301
|
|-heal|p2a: Breloom|124\/282 tox|[from] ability: Poison Heal
|turn|40
|
|switch|p2a: Slowbro|Slowbro-Mega, F, shiny|329\/394
|move|p1a: Metagross|Meteor Mash|p2a: Slowbro
|-resisted|p2a: Slowbro
|-damage|p2a: Slowbro|269\/394
|
|turn|41
|
|switch|p1a: Rotom-Wash|Rotom-Wash, shiny|304\/304
|switch|p2a: Rotom-Wash|Rotom-Wash|151\/304 brn
|
|-heal|p2a: Rotom-Wash|170\/304 brn|[from] item: Leftovers
|-damage|p2a: Rotom-Wash|132\/304 brn|[from] brn
|turn|42
|
|move|p1a: Rotom-Wash|Hydro Pump|p2a: Rotom-Wash
|-resisted|p2a: Rotom-Wash
|-damage|p2a: Rotom-Wash|84\/304 brn
|move|p2a: Rotom-Wash|Will-O-Wisp|p1a: Rotom-Wash
|-status|p1a: Rotom-Wash|brn
|
|-heal|p2a: Rotom-Wash|103\/304 brn|[from] item: Leftovers
|-damage|p1a: Rotom-Wash|266\/304 brn|[from] brn
|-damage|p2a: Rotom-Wash|65\/304 brn|[from] brn
|turn|43
|
|move|p1a: Rotom-Wash|Volt Switch|p2a: Rotom-Wash
|-damage|p2a: Rotom-Wash|4\/304 brn
|
|switch|p1a: Metagross|Metagross-Mega, shiny|301\/301
|move|p2a: Rotom-Wash|Pain Split|p1a: Metagross
|-sethp|p1a: Metagross|152\/301|p2a: Rotom-Wash|152\/304 brn|[from] move: Pain Split
|
|-heal|p2a: Rotom-Wash|171\/304 brn|[from] item: Leftovers
|-damage|p2a: Rotom-Wash|133\/304 brn|[from] brn
|turn|44
|
|switch|p2a: Slowbro|Slowbro-Mega, F, shiny|269\/394
|move|p1a: Metagross|Zen Headbutt|p2a: Slowbro
|-resisted|p2a: Slowbro
|-damage|p2a: Slowbro|220\/394
|
|turn|45
|
|move|p1a: Metagross|Zen Headbutt|p2a: Slowbro
|-resisted|p2a: Slowbro
|-damage|p2a: Slowbro|169\/394
|move|p2a: Slowbro|Slack Off|p2a: Slowbro
|-heal|p2a: Slowbro|366\/394
|
|turn|46
|
|switch|p1a: Rotom-Wash|Rotom-Wash, shiny|266\/304 brn
|move|p2a: Slowbro|Calm Mind|p2a: Slowbro
|-boost|p2a: Slowbro|spa|1
|-boost|p2a: Slowbro|spd|1
|
|-heal|p1a: Rotom-Wash|285\/304 brn|[from] item: Leftovers
|-damage|p1a: Rotom-Wash|247\/304 brn|[from] brn
|turn|47
|
|move|p1a: Rotom-Wash|Will-O-Wisp|p2a: Slowbro
|-status|p2a: Slowbro|brn
|move|p2a: Slowbro|Calm Mind|p2a: Slowbro
|-boost|p2a: Slowbro|spa|1
|-boost|p2a: Slowbro|spd|1
|
|-heal|p1a: Rotom-Wash|266\/304 brn|[from] item: Leftovers
|-damage|p1a: Rotom-Wash|228\/304 brn|[from] brn
|-damage|p2a: Slowbro|317\/394 brn|[from] brn
|turn|48
|
|move|p1a: Rotom-Wash|Volt Switch|p2a: Slowbro
|-supereffective|p2a: Slowbro
|-damage|p2a: Slowbro|209\/394 brn
|
|switch|p1a: Metagross|Metagross-Mega, shiny|152\/301
|move|p2a: Slowbro|Slack Off|p2a: Slowbro
|-heal|p2a: Slowbro|394\/394 brn
|
|-damage|p2a: Slowbro|345\/394 brn|[from] brn
|turn|49
|
|switch|p1a: Rotom-Wash|Rotom-Wash, shiny|228\/304 brn
|move|p2a: Slowbro|Scald|p1a: Rotom-Wash
|-resisted|p1a: Rotom-Wash
|-damage|p1a: Rotom-Wash|141\/304 brn
|
|-heal|p1a: Rotom-Wash|160\/304 brn|[from] item: Leftovers
|-damage|p1a: Rotom-Wash|122\/304 brn|[from] brn
|-damage|p2a: Slowbro|296\/394 brn|[from] brn
|turn|50
|
|move|p1a: Rotom-Wash|Pain Split|p2a: Slowbro
|-sethp|p2a: Slowbro|209\/394 brn|p1a: Rotom-Wash|209\/304 brn|[from] move: Pain Split
|move|p2a: Slowbro|Scald|p1a: Rotom-Wash
|-resisted|p1a: Rotom-Wash
|-damage|p1a: Rotom-Wash|130\/304 brn
|
|-heal|p1a: Rotom-Wash|149\/304 brn|[from] item: Leftovers
|-damage|p1a: Rotom-Wash|111\/304 brn|[from] brn
|-damage|p2a: Slowbro|160\/394 brn|[from] brn
|turn|51
|
|move|p1a: Rotom-Wash|Volt Switch|p2a: Slowbro
|-supereffective|p2a: Slowbro
|-damage|p2a: Slowbro|56\/394 brn
|
|switch|p1a: Metagross|Metagross-Mega, shiny|152\/301
|move|p2a: Slowbro|Slack Off|p2a: Slowbro
|-heal|p2a: Slowbro|253\/394 brn
|
|-damage|p2a: Slowbro|204\/394 brn|[from] brn
|turn|52
|
|move|p1a: Metagross|Zen Headbutt|p2a: Slowbro
|-resisted|p2a: Slowbro
|-damage|p2a: Slowbro|154\/394 brn
|move|p2a: Slowbro|Slack Off|p2a: Slowbro
|-heal|p2a: Slowbro|351\/394 brn
|
|-damage|p2a: Slowbro|302\/394 brn|[from] brn
|turn|53
|
|move|p1a: Metagross|Zen Headbutt|p2a: Slowbro
|-resisted|p2a: Slowbro
|-damage|p2a: Slowbro|251\/394 brn
|cant|p2a: Slowbro|flinch
|
|-damage|p2a: Slowbro|202\/394 brn|[from] brn
|turn|54
|c|âIggyRoselia|i think it is over
|
|switch|p1a: Rotom-Wash|Rotom-Wash, shiny|111\/304 brn
|move|p2a: Slowbro|Scald|p1a: Rotom-Wash
|-resisted|p1a: Rotom-Wash
|-damage|p1a: Rotom-Wash|30\/304 brn
|
|-heal|p1a: Rotom-Wash|49\/304 brn|[from] item: Leftovers
|-damage|p1a: Rotom-Wash|11\/304 brn|[from] brn
|-damage|p2a: Slowbro|153\/394 brn|[from] brn
|turn|55
|
|move|p1a: Rotom-Wash|Pain Split|p2a: Slowbro
|-sethp|p2a: Slowbro|82\/394 brn|p1a: Rotom-Wash|82\/304 brn|[from] move: Pain Split
|move|p2a: Slowbro|Slack Off|p2a: Slowbro
|-heal|p2a: Slowbro|279\/394 brn
|
|-heal|p1a: Rotom-Wash|101\/304 brn|[from] item: Leftovers
|-damage|p1a: Rotom-Wash|63\/304 brn|[from] brn
|-damage|p2a: Slowbro|230\/394 brn|[from] brn
|turn|56
|
|move|p1a: Rotom-Wash|Pain Split|p2a: Slowbro
|-sethp|p2a: Slowbro|146\/394 brn|p1a: Rotom-Wash|146\/304 brn|[from] move: Pain Split
|move|p2a: Slowbro|Scald|p1a: Rotom-Wash
|-resisted|p1a: Rotom-Wash
|-damage|p1a: Rotom-Wash|68\/304 brn
|
|-heal|p1a: Rotom-Wash|87\/304 brn|[from] item: Leftovers
|-damage|p1a: Rotom-Wash|49\/304 brn|[from] brn
|-damage|p2a: Slowbro|97\/394 brn|[from] brn
|turn|57
|
|move|p1a: Rotom-Wash|Volt Switch|p2a: Slowbro
|-supereffective|p2a: Slowbro
|-damage|p2a: Slowbro|5\/394 brn
|
|switch|p1a: Metagross|Metagross-Mega, shiny|152\/301
|move|p2a: Slowbro|Scald|p1a: Metagross
|-damage|p1a: Metagross|0 fnt
|faint|p1a: Metagross
|
|-damage|p2a: Slowbro|0 fnt|[from] brn
|faint|p2a: Slowbro
|c|âRoi Pika|gg
|
|switch|p1a: Rotom-Wash|Rotom-Wash, shiny|49\/304 brn
|switch|p2a: Breloom|Breloom, F|124\/282 tox
|turn|58
|c|âIggyRoselia|gg
|
|move|p2a: Breloom|Seed Bomb|p1a: Rotom-Wash
|-supereffective|p1a: Rotom-Wash
|-damage|p1a: Rotom-Wash|0 fnt
|faint|p1a: Rotom-Wash
|
|win|IggyRoselia
|raw|Ladder updating...
|raw|Roi Pika's rating: 1609 &rarr; <strong>1587<\/strong><br \/>(-22 for losing)
|raw|IggyRoselia's rating: 1568 &rarr; <strong>1590<\/strong><br \/>(+22 for winning)