|join|Qwazz
|join|kyjthgsfd
|player|p1|Qwazz|102
|player|p2|kyjthgsfd|110
|gametype|singles
|gen|6
|tier|OU
|clearpoke
|poke|p1|Camerupt, M
|poke|p1|Staraptor, F
|poke|p1|Latias, F
|poke|p1|Rotom-Wash
|poke|p1|Terrakion
|poke|p1|Scizor, M
|poke|p2|Greninja, M
|poke|p2|Breloom, M
|poke|p2|Mew
|poke|p2|Conkeldurr, M
|poke|p2|Espeon, F
|poke|p2|Slowbro, F
|rule|Swagger Clause: Swagger is banned
|rule|Baton Pass Clause: Limit one PokÃ©mon knowing Baton Pass
|rule|Sleep Clause Mod: Limit one foe put to sleep
|rule|Species Clause: Limit one of each PokÃ©mon
|rule|OHKO Clause: OHKO moves are banned
|rule|Moody Clause: Moody is banned
|rule|Evasion Moves Clause: Evasion moves are banned
|rule|Endless Battle Clause: Forcing endless battles is banned
|rule|HP Percentage Mod: HP is shown in percentages
|teampreview
|
|start
|switch|p1a: Scizor|Scizor, M|341\/341
|switch|p2a: Greninja|Greninja, M|285\/285
|turn|1
|
|move|p2a: Greninja|Hydro Pump|p1a: Scizor
|-start|p2a: Greninja|typechange|Water|[from] Protean
|-damage|p1a: Scizor|205\/341
|move|p1a: Scizor|U-turn|p2a: Greninja
|-damage|p2a: Greninja|131\/285
|
|switch|p1a: Rotom-Wash|Rotom-Wash|304\/304
|
|turn|2
|
|switch|p2a: Conkeldurr|Conkeldurr, M|413\/413
|move|p1a: Rotom-Wash|Volt Switch|p2a: Conkeldurr
|-damage|p2a: Conkeldurr|337\/413
|
|switch|p1a: Staraptor|Staraptor, F|311\/311
|
|turn|3
|
|move|p1a: Staraptor|Brave Bird|p2a: Conkeldurr
|-supereffective|p2a: Conkeldurr
|-damage|p2a: Conkeldurr|0 fnt
|-damage|p1a: Staraptor|200\/311|[from] recoil|[of] p2a: Conkeldurr
|faint|p2a: Conkeldurr
|
|
|switch|p2a: Greninja|Greninja, M|131\/285
|turn|4
|
|switch|p1a: Rotom-Wash|Rotom-Wash|304\/304
|move|p2a: Greninja|U-turn|p1a: Rotom-Wash
|-start|p2a: Greninja|typechange|Bug|[from] Protean
|-damage|p1a: Rotom-Wash|246\/304
|
|switch|p2a: Breloom|Breloom, M|262\/262
|
|-heal|p1a: Rotom-Wash|265\/304|[from] item: Leftovers
|turn|5
|join|valdis
|
|switch|p1a: Latias|Latias, F|333\/333
|move|p2a: Breloom|Spore|p1a: Latias
|-status|p1a: Latias|slp
|
|turn|6
|
|switch|p1a: Scizor|Scizor, M|205\/341
|move|p2a: Breloom|Rock Tomb|p1a: Scizor
|-crit|p1a: Scizor
|-damage|p1a: Scizor|32\/341
|-unboost|p1a: Scizor|spe|1
|
|turn|7
|
|move|p2a: Breloom|Mach Punch|p1a: Scizor
|-damage|p1a: Scizor|0 fnt
|faint|p1a: Scizor
|
|
|switch|p1a: Staraptor|Staraptor, F|200\/311
|turn|8
|
|move|p1a: Staraptor|U-turn|p2a: Breloom
|-damage|p2a: Breloom|105\/262
|
|switch|p1a: Terrakion|Terrakion|323\/323
|move|p2a: Breloom|Rock Tomb|p1a: Terrakion
|-resisted|p1a: Terrakion
|-damage|p1a: Terrakion|261\/323
|-unboost|p1a: Terrakion|spe|1
|
|turn|9
|
|move|p1a: Terrakion|Close Combat|p2a: Breloom
|-crit|p2a: Breloom
|-damage|p2a: Breloom|0 fnt
|-unboost|p1a: Terrakion|def|1
|-unboost|p1a: Terrakion|spd|1
|faint|p2a: Breloom
|
|
|switch|p2a: Slowbro|Slowbro, F|393\/393
|turn|10
|
|switch|p1a: Rotom-Wash|Rotom-Wash|265\/304
|move|p2a: Slowbro|Calm Mind|p2a: Slowbro
|-boost|p2a: Slowbro|spa|1
|-boost|p2a: Slowbro|spd|1
|
|-heal|p1a: Rotom-Wash|284\/304|[from] item: Leftovers
|turn|11
|
|move|p1a: Rotom-Wash|Will-O-Wisp|p2a: Slowbro
|-status|p2a: Slowbro|brn
|move|p2a: Slowbro|Calm Mind|p2a: Slowbro
|-boost|p2a: Slowbro|spa|1
|-boost|p2a: Slowbro|spd|1
|
|-heal|p1a: Rotom-Wash|303\/304|[from] item: Leftovers
|-damage|p2a: Slowbro|344\/393 brn|[from] brn
|turn|12
|
|move|p1a: Rotom-Wash|Volt Switch|p2a: Slowbro
|-supereffective|p2a: Slowbro
|-damage|p2a: Slowbro|248\/393 brn
|
|switch|p1a: Camerupt|Camerupt, M|343\/343
|move|p2a: Slowbro|Scald|p1a: Camerupt
|-supereffective|p1a: Camerupt
|-damage|p1a: Camerupt|0 fnt
|faint|p1a: Camerupt
|
|-damage|p2a: Slowbro|199\/393 brn|[from] brn
|
|switch|p1a: Staraptor|Staraptor, F|200\/311
|turn|13
|
|detailschange|p2a: Slowbro|Slowbro-Mega, F
|-mega|p2a: Slowbro|Slowbro|Slowbronite
|move|p1a: Staraptor|U-turn|p2a: Slowbro
|-supereffective|p2a: Slowbro
|-damage|p2a: Slowbro|83\/393 brn
|
|switch|p1a: Rotom-Wash|Rotom-Wash|303\/304
|move|p2a: Slowbro|Rest|p2a: Slowbro
|-status|p2a: Slowbro|slp
|-heal|p2a: Slowbro|393\/393 slp|[silent]
|-status|p2a: Slowbro|slp|[from] move: Rest
|
|-heal|p1a: Rotom-Wash|304\/304|[from] item: Leftovers
|turn|14
|
|move|p1a: Rotom-Wash|Pain Split|p2a: Slowbro
|-sethp|p2a: Slowbro|348\/393 slp|p1a: Rotom-Wash|304\/304|[from] move: Pain Split
|cant|p2a: Slowbro|slp
|move|p2a: Slowbro|Sleep Talk|p2a: Slowbro
|move|p2a: Slowbro|Calm Mind|p2a: Slowbro|[from]Sleep Talk
|-boost|p2a: Slowbro|spa|1
|-boost|p2a: Slowbro|spd|1
|
|turn|15
|
|move|p1a: Rotom-Wash|Hydro Pump|p2a: Slowbro
|-resisted|p2a: Slowbro
|-damage|p2a: Slowbro|318\/393 slp
|cant|p2a: Slowbro|slp
|move|p2a: Slowbro|Sleep Talk|p2a: Slowbro
|move|p2a: Slowbro|Rest|p2a: Slowbro|[from]Sleep Talk
|-fail|p2a: Slowbro
|
|turn|16
|
|move|p1a: Rotom-Wash|Hydro Pump|p2a: Slowbro
|-resisted|p2a: Slowbro
|-damage|p2a: Slowbro|284\/393 slp
|-curestatus|p2a: Slowbro|slp
|move|p2a: Slowbro|Calm Mind|p2a: Slowbro
|-boost|p2a: Slowbro|spa|1
|-boost|p2a: Slowbro|spd|1
|
|turn|17
|c|âkyjthgsfd|use pain split
|
|move|p1a: Rotom-Wash|Will-O-Wisp|p2a: Slowbro
|-status|p2a: Slowbro|brn
|move|p2a: Slowbro|Calm Mind|p2a: Slowbro
|-boost|p2a: Slowbro|spa|1
|-boost|p2a: Slowbro|spd|1
|
|-damage|p2a: Slowbro|235\/393 brn|[from] brn
|turn|18
|c|âkyjthgsfd|thank
|
|move|p1a: Rotom-Wash|Volt Switch|p2a: Slowbro
|-supereffective|p2a: Slowbro
|-damage|p2a: Slowbro|175\/393 brn
|
|switch|p1a: Latias|Latias, F|333\/333 slp
|move|p2a: Slowbro|Rest|p2a: Slowbro
|-status|p2a: Slowbro|slp
|-heal|p2a: Slowbro|393\/393 slp|[silent]
|-status|p2a: Slowbro|slp|[from] move: Rest
|
|turn|19
|
|cant|p1a: Latias|slp
|cant|p2a: Slowbro|slp
|move|p2a: Slowbro|Sleep Talk|p2a: Slowbro
|move|p2a: Slowbro|Rest|p2a: Slowbro|[from]Sleep Talk
|-fail|p2a: Slowbro
|
|turn|20
|join|Ke1deo
|
|cant|p1a: Latias|slp
|cant|p2a: Slowbro|slp
|move|p2a: Slowbro|Sleep Talk|p2a: Slowbro
|move|p2a: Slowbro|Rest|p2a: Slowbro|[from]Sleep Talk
|-fail|p2a: Slowbro
|
|turn|21
|c|âkyjthgsfd|i will never land scald on sleep talk
|c|âkyjthgsfd|this is ridiculous
|
|switch|p1a: Rotom-Wash|Rotom-Wash|304\/304
|-curestatus|p2a: Slowbro|slp
|move|p2a: Slowbro|Calm Mind|p2a: Slowbro
|-boost|p2a: Slowbro|spa|1
|-boost|p2a: Slowbro|spd|1
|
|turn|22
|
|move|p1a: Rotom-Wash|Will-O-Wisp|p2a: Slowbro
|-status|p2a: Slowbro|brn
|move|p2a: Slowbro|Scald|p1a: Rotom-Wash
|-resisted|p1a: Rotom-Wash
|-damage|p1a: Rotom-Wash|90\/304
|
|-heal|p1a: Rotom-Wash|109\/304|[from] item: Leftovers
|-damage|p2a: Slowbro|344\/393 brn|[from] brn
|turn|23
|
|move|p1a: Rotom-Wash|Pain Split|p2a: Slowbro
|-sethp|p2a: Slowbro|226\/393 brn|p1a: Rotom-Wash|226\/304|[from] move: Pain Split
|move|p2a: Slowbro|Rest|p2a: Slowbro
|-status|p2a: Slowbro|slp
|-heal|p2a: Slowbro|393\/393 slp|[silent]
|-status|p2a: Slowbro|slp|[from] move: Rest
|
|-heal|p1a: Rotom-Wash|245\/304|[from] item: Leftovers
|turn|24
|
|move|p1a: Rotom-Wash|Hydro Pump|p2a: Slowbro
|-resisted|p2a: Slowbro
|-damage|p2a: Slowbro|371\/393 slp
|cant|p2a: Slowbro|slp
|move|p2a: Slowbro|Sleep Talk|p2a: Slowbro
|move|p2a: Slowbro|Rest|p2a: Slowbro|[from]Sleep Talk
|-fail|p2a: Slowbro
|
|-heal|p1a: Rotom-Wash|264\/304|[from] item: Leftovers
|turn|25
|
|move|p1a: Rotom-Wash|Hydro Pump|p2a: Slowbro
|-resisted|p2a: Slowbro
|-damage|p2a: Slowbro|350\/393 slp
|cant|p2a: Slowbro|slp
|move|p2a: Slowbro|Sleep Talk|p2a: Slowbro
|move|p2a: Slowbro|Calm Mind|p2a: Slowbro|[from]Sleep Talk
|-fail|p2a: Slowbro
|
|-heal|p1a: Rotom-Wash|283\/304|[from] item: Leftovers
|turn|26
|
|move|p1a: Rotom-Wash|Hydro Pump|p2a: Slowbro
|-resisted|p2a: Slowbro
|-damage|p2a: Slowbro|332\/393 slp
|-curestatus|p2a: Slowbro|slp
|move|p2a: Slowbro|Scald|p1a: Rotom-Wash
|-resisted|p1a: Rotom-Wash
|-damage|p1a: Rotom-Wash|64\/304
|
|-heal|p1a: Rotom-Wash|83\/304|[from] item: Leftovers
|turn|27
|
|move|p1a: Rotom-Wash|Pain Split|p2a: Slowbro
|-sethp|p2a: Slowbro|207\/393|p1a: Rotom-Wash|207\/304|[from] move: Pain Split
|move|p2a: Slowbro|Scald|p1a: Rotom-Wash
|-resisted|p1a: Rotom-Wash
|-damage|p1a: Rotom-Wash|0 fnt
|faint|p1a: Rotom-Wash
|
|
|switch|p1a: Terrakion|Terrakion|261\/323
|turn|28
|
|move|p1a: Terrakion|Stone Edge|p2a: Slowbro
|-damage|p2a: Slowbro|128\/393
|move|p2a: Slowbro|Rest|p2a: Slowbro
|-status|p2a: Slowbro|slp
|-heal|p2a: Slowbro|393\/393 slp|[silent]
|-status|p2a: Slowbro|slp|[from] move: Rest
|
|turn|29
|
|switch|p1a: Staraptor|Staraptor, F|200\/311
|cant|p2a: Slowbro|slp
|move|p2a: Slowbro|Sleep Talk|p2a: Slowbro
|move|p2a: Slowbro|Calm Mind|p2a: Slowbro|[from]Sleep Talk
|-fail|p2a: Slowbro
|
|turn|30
|c|âkyjthgsfd|doube scarf team?
|
|move|p1a: Staraptor|Brave Bird|p2a: Slowbro
|-damage|p2a: Slowbro|212\/393 slp
|-damage|p1a: Staraptor|140\/311|[from] recoil|[of] p2a: Slowbro
|cant|p2a: Slowbro|slp
|move|p2a: Slowbro|Sleep Talk|p2a: Slowbro
|move|p2a: Slowbro|Scald|p1a: Staraptor|[from]Sleep Talk
|-damage|p1a: Staraptor|0 fnt
|faint|p1a: Staraptor
|
|leave|Qwazz
|player|p1
|leave|valdis
|-message|Player 1 lost due to inactivity.
|
|win|kyjthgsfd