|join|qwazz
|join|Jolly Egg Johnson
|player|p1|qwazz|2
|player|p2|Jolly Egg Johnson|256
|gametype|singles
|gen|6
|tier|OU
|clearpoke
|poke|p1|Charizard, F
|poke|p1|Jirachi
|poke|p1|Zapdos
|poke|p1|Keldeo
|poke|p1|Clefable, F
|poke|p1|Amoonguss, F
|poke|p2|Meloetta
|poke|p2|Alomomola, M
|poke|p2|Thundurus, M
|poke|p2|Beedrill, F
|poke|p2|Dugtrio, M, shiny
|poke|p2|Mew
|rule|Swagger Clause: Swagger is banned
|rule|Baton Pass Clause: Limit one PokÃ©mon knowing Baton Pass
|rule|Sleep Clause Mod: Limit one foe put to sleep
|rule|Species Clause: Limit one of each PokÃ©mon
|rule|OHKO Clause: OHKO moves are banned
|rule|Moody Clause: Moody is banned
|rule|Evasion Moves Clause: Evasion moves are banned
|rule|Endless Battle Clause: Forcing endless battles is banned
|rule|HP Percentage Mod: HP is shown in percentages
|teampreview
|
|start
|switch|p1a: Keldeo|Keldeo|323\/323
|switch|p2a: ed edd eddy|Dugtrio, M, shiny|212\/212
|turn|1
|
|switch|p2a: heyyy|Mew|404\/404
|move|p1a: Keldeo|Scald|p2a: heyyy
|-damage|p2a: heyyy|308\/404
|
|-heal|p2a: heyyy|333\/404|[from] item: Leftovers
|turn|2
|
|switch|p1a: Charizard|Charizard, F|359\/359
|move|p2a: heyyy|Knock Off|p1a: Charizard
|-damage|p1a: Charizard|311\/359
|
|-heal|p2a: heyyy|358\/404|[from] item: Leftovers
|turn|3
|
|move|p1a: Charizard|Will-O-Wisp|p2a: heyyy
|-status|p2a: heyyy|brn
|move|p2a: heyyy|Soft-Boiled|p2a: heyyy
|-heal|p2a: heyyy|404\/404 brn
|
|-damage|p2a: heyyy|354\/404 brn|[from] brn
|turn|4
|
|move|p1a: Charizard|Dragon Dance|p1a: Charizard
|-boost|p1a: Charizard|atk|1
|-boost|p1a: Charizard|spe|1
|move|p2a: heyyy|Heal Bell|p2a: heyyy
|-cureteam|p2a: heyyy|[from] move: HealBell
|
|-heal|p2a: heyyy|379\/404|[from] item: Leftovers
|turn|5
|
|switch|p2a: fat ass|Alomomola, M|534\/534
|move|p1a: Charizard|Will-O-Wisp|p2a: fat ass
|-status|p2a: fat ass|brn
|
|-damage|p2a: fat ass|468\/534 brn|[from] brn
|turn|6
|
|switch|p1a: Jirachi|Jirachi|400\/400
|move|p2a: fat ass|Toxic|p1a: Jirachi
|-fail|p1a: Jirachi
|
|-heal|p2a: fat ass|501\/534 brn|[from] item: Leftovers
|-damage|p2a: fat ass|435\/534 brn|[from] brn
|turn|7
|
|move|p1a: Jirachi|Stealth Rock|p2a: fat ass
|-sidestart|p2: Jolly Egg Johnson|move: Stealth Rock
|move|p2a: fat ass|Wish|p2a: fat ass
|
|-heal|p2a: fat ass|468\/534 brn|[from] item: Leftovers
|-damage|p2a: fat ass|402\/534 brn|[from] brn
|turn|8
|
|switch|p1a: Clefable|Clefable, F|394\/394
|switch|p2a: heyyy|Mew|379\/404
|-damage|p2a: heyyy|329\/404|[from] Stealth Rock
|
|-heal|p2a: heyyy|404\/404|[from] move: Wish|[wisher] fat ass
|turn|9
|
|switch|p1a: Zapdos|Zapdos|383\/383
|-ability|p1a: Zapdos|Pressure
|move|p2a: heyyy|Knock Off|p1a: Zapdos
|-damage|p1a: Zapdos|325\/383
|-enditem|p1a: Zapdos|Leftovers|[from] move: Knock Off|[of] p2a: heyyy
|
|turn|10
|
|switch|p1a: Charizard|Charizard, F|311\/359
|move|p2a: heyyy|Defog|p1a: Charizard
|-unboost|p1a: Charizard|evasion|1
|-sideend|p2: Jolly Egg Johnson|Stealth Rock|[from] move: Defog|[of] p2a: heyyy
|
|turn|11
|
|switch|p2a: you're free|Thundurus, M|300\/300
|move|p1a: Charizard|Will-O-Wisp|p2a: you're free
|-status|p2a: you're free|brn
|
|-damage|p2a: you're free|263\/300 brn|[from] brn
|turn|12
|
|switch|p1a: Jirachi|Jirachi|400\/400
|move|p2a: you're free|Volt Switch|p1a: Jirachi
|-damage|p1a: Jirachi|282\/400
|-damage|p2a: you're free|233\/300 brn|[from] item: Life Orb
|
|switch|p2a: ed edd eddy|Dugtrio, M, shiny|212\/212
|
|-heal|p1a: Jirachi|307\/400|[from] item: Leftovers
|turn|13
|
|move|p1a: Jirachi|Protect|p1a: Jirachi
|-singleturn|p1a: Jirachi|Protect
|move|p2a: ed edd eddy|Earthquake|p1a: Jirachi
|-activate|p1a: Jirachi|Protect
|
|-heal|p1a: Jirachi|332\/400|[from] item: Leftovers
|turn|14
|
|move|p2a: ed edd eddy|Earthquake|p1a: Jirachi
|-supereffective|p1a: Jirachi
|-damage|p1a: Jirachi|80\/400
|move|p1a: Jirachi|Wish|p1a: Jirachi
|
|-heal|p1a: Jirachi|105\/400|[from] item: Leftovers
|turn|15
|
|move|p1a: Jirachi|Protect|p1a: Jirachi
|-singleturn|p1a: Jirachi|Protect
|move|p2a: ed edd eddy|Stealth Rock|p1a: Jirachi
|-sidestart|p1: qwazz|move: Stealth Rock
|
|-heal|p1a: Jirachi|305\/400|[from] move: Wish|[wisher] Jirachi
|-heal|p1a: Jirachi|330\/400|[from] item: Leftovers
|turn|16
|
|move|p2a: ed edd eddy|Earthquake|p1a: Jirachi
|-supereffective|p1a: Jirachi
|-damage|p1a: Jirachi|48\/400
|move|p1a: Jirachi|Iron Head|p2a: ed edd eddy
|-damage|p2a: ed edd eddy|58\/212
|
|-heal|p1a: Jirachi|73\/400|[from] item: Leftovers
|turn|17
|
|move|p1a: Jirachi|Protect|p1a: Jirachi
|-singleturn|p1a: Jirachi|Protect
|move|p2a: ed edd eddy|Earthquake|p1a: Jirachi
|-activate|p1a: Jirachi|Protect
|
|-heal|p1a: Jirachi|98\/400|[from] item: Leftovers
|turn|18
|
|move|p1a: Jirachi|Protect|p1a: Jirachi
|-fail|p1a: Jirachi
|move|p2a: ed edd eddy|Earthquake|p1a: Jirachi
|-supereffective|p1a: Jirachi
|-damage|p1a: Jirachi|0 fnt
|faint|p1a: Jirachi
|
|
|switch|p1a: Zapdos|Zapdos|325\/383
|-damage|p1a: Zapdos|230\/383|[from] Stealth Rock
|-ability|p1a: Zapdos|Pressure
|turn|19
|
|move|p2a: ed edd eddy|Stealth Rock|p1a: Zapdos
|-fail|p1a: Zapdos
|move|p1a: Zapdos|Defog|p2a: ed edd eddy
|-unboost|p2a: ed edd eddy|evasion|1
|-sideend|p1: qwazz|Stealth Rock|[from] move: Defog|[of] p1a: Zapdos
|
|turn|20
|
|move|p2a: ed edd eddy|Stealth Rock|p1a: Zapdos
|-sidestart|p1: qwazz|move: Stealth Rock
|move|p1a: Zapdos|Roost|p1a: Zapdos
|-heal|p1a: Zapdos|383\/383
|
|turn|21
|
|switch|p2a: tappin|Meloetta|341\/341
|move|p1a: Zapdos|Defog|p2a: tappin
|-unboost|p2a: tappin|evasion|1
|-sideend|p1: qwazz|Stealth Rock|[from] move: Defog|[of] p1a: Zapdos
|
|turn|22
|
|move|p2a: tappin|Relic Song|p1a: Zapdos
|-damage|p1a: Zapdos|230\/383
|-formechange|p2a: tappin|Meloetta-Pirouette|[msg]
|-damage|p2a: tappin|307\/341|[from] item: Life Orb
|move|p1a: Zapdos|Thunderbolt|p2a: tappin
|-damage|p2a: tappin|157\/341
|
|turn|23
|
|move|p2a: tappin|Return|p1a: Zapdos
|-damage|p1a: Zapdos|35\/383
|-damage|p2a: tappin|123\/341|[from] item: Life Orb
|move|p1a: Zapdos|Roost|p1a: Zapdos
|-heal|p1a: Zapdos|227\/383
|
|turn|24
|
|switch|p2a: heyyy|Mew|404\/404
|move|p1a: Zapdos|Roost|p1a: Zapdos
|-heal|p1a: Zapdos|383\/383
|
|turn|25
|
|switch|p1a: Charizard|Charizard, F|311\/359
|move|p2a: heyyy|Heal Bell|p2a: heyyy
|-cureteam|p2a: heyyy|[from] move: HealBell
|
|turn|26
|
|switch|p2a: you're free|Thundurus, M|233\/300
|move|p1a: Charizard|Will-O-Wisp|p2a: you're free
|-status|p2a: you're free|brn
|
|-damage|p2a: you're free|196\/300 brn|[from] brn
|turn|27
|
|switch|p1a: Clefable|Clefable, F|394\/394
|move|p2a: you're free|Volt Switch|p1a: Clefable
|-damage|p1a: Clefable|256\/394
|-damage|p2a: you're free|166\/300 brn|[from] item: Life Orb
|
|switch|p2a: ed edd eddy|Dugtrio, M, shiny|58\/212
|
|-heal|p1a: Clefable|280\/394|[from] item: Leftovers
|turn|28
|
|move|p2a: ed edd eddy|Stealth Rock|p1a: Clefable
|-sidestart|p1: qwazz|move: Stealth Rock
|move|p1a: Clefable|Moonblast|p2a: ed edd eddy
|-damage|p2a: ed edd eddy|0 fnt
|faint|p2a: ed edd eddy
|
|-heal|p1a: Clefable|304\/394|[from] item: Leftovers
|
|switch|p2a: stangin|Beedrill, F|272\/272
|turn|29
|
|switch|p1a: Amoonguss|Amoonguss, F|432\/432
|-damage|p1a: Amoonguss|378\/432|[from] Stealth Rock
|detailschange|p2a: stangin|Beedrill-Mega, F
|message|Beedrill has Mega Evolved into Mega Beedrill!
|move|p2a: stangin|Poison Jab|p1a: Amoonguss
|-crit|p1a: Amoonguss
|-damage|p1a: Amoonguss|64\/432
|
|-heal|p1a: Amoonguss|91\/432|[from] item: Black Sludge
|turn|30
|
|move|p2a: stangin|U-turn|p1a: Amoonguss
|-damage|p1a: Amoonguss|0 fnt
|faint|p1a: Amoonguss
|
|switch|p2a: heyyy|Mew|404\/404
|
|c|âJolly Egg Johnson|hello
|
|switch|p1a: Zapdos|Zapdos|383\/383
|-damage|p1a: Zapdos|288\/383|[from] Stealth Rock
|-ability|p1a: Zapdos|Pressure
|turn|31
|
|move|p1a: Zapdos|Defog|p2a: heyyy
|-unboost|p2a: heyyy|evasion|1
|-sideend|p1: qwazz|Stealth Rock|[from] move: Defog|[of] p1a: Zapdos
|move|p2a: heyyy|Heal Bell|p2a: heyyy
|-cureteam|p2a: heyyy|[from] move: HealBell
|
|turn|32
|
|switch|p1a: Clefable|Clefable, F|304\/394
|switch|p2a: you're free|Thundurus, M|166\/300
|
|-heal|p1a: Clefable|328\/394|[from] item: Leftovers
|turn|33
|
|move|p2a: you're free|Volt Switch|p1a: Clefable
|-damage|p1a: Clefable|190\/394
|-damage|p2a: you're free|136\/300|[from] item: Life Orb
|
|switch|p2a: stangin|Beedrill-Mega, F|272\/272
|move|p1a: Clefable|Flamethrower|p2a: stangin
|-supereffective|p2a: stangin
|-damage|p2a: stangin|112\/272
|
|-heal|p1a: Clefable|214\/394|[from] item: Leftovers
|turn|34
|
|switch|p1a: Keldeo|Keldeo|323\/323
|move|p2a: stangin|Poison Jab|p1a: Keldeo
|-damage|p1a: Keldeo|95\/323
|
|turn|35
|
|switch|p2a: heyyy|Mew|404\/404
|move|p1a: Keldeo|Scald|p2a: heyyy
|-damage|p2a: heyyy|299\/404
|
|-heal|p2a: heyyy|324\/404|[from] item: Leftovers
|turn|36
|
|switch|p1a: Charizard|Charizard, F|311\/359
|switch|p2a: tappin|Meloetta|123\/341
|
|turn|37
|
|move|p2a: tappin|Relic Song|p1a: Charizard
|-damage|p1a: Charizard|136\/359
|-formechange|p2a: tappin|Meloetta-Pirouette|[msg]
|-damage|p2a: tappin|89\/341|[from] item: Life Orb
|move|p1a: Charizard|Dragon Claw|p2a: tappin
|-damage|p2a: tappin|24\/341
|
|turn|38
|
|detailschange|p1a: Charizard|Charizard-Mega-X, F
|message|Charizard has Mega Evolved into Mega Charizard!
|move|p2a: tappin|Return|p1a: Charizard
|-damage|p1a: Charizard|0 fnt
|-damage|p2a: tappin|0 fnt|[from] item: Life Orb
|faint|p1a: Charizard
|faint|p2a: tappin
|
|
|switch|p2a: you're free|Thundurus, M|136\/300
|switch|p1a: Zapdos|Zapdos|288\/383
|-ability|p1a: Zapdos|Pressure
|turn|39
|
|move|p2a: you're free|Thunderbolt|p1a: Zapdos
|-damage|p1a: Zapdos|72\/383
|-damage|p2a: you're free|106\/300|[from] item: Life Orb
|move|p1a: Zapdos|Roost|p1a: Zapdos
|-heal|p1a: Zapdos|264\/383
|
|turn|40
|
|move|p2a: you're free|Volt Switch|p1a: Zapdos
|-damage|p1a: Zapdos|89\/383
|-damage|p2a: you're free|76\/300|[from] item: Life Orb
|
|switch|p2a: fat ass|Alomomola, M|534\/534
|move|p1a: Zapdos|Roost|p1a: Zapdos
|-heal|p1a: Zapdos|281\/383
|
|turn|41
|
|move|p1a: Zapdos|Thunderbolt|p2a: fat ass
|-supereffective|p2a: fat ass
|-damage|p2a: fat ass|94\/534
|move|p2a: fat ass|Toxic|p1a: Zapdos
|-status|p1a: Zapdos|tox
|
|-heal|p2a: fat ass|127\/534|[from] item: Leftovers
|-damage|p1a: Zapdos|258\/383 tox|[from] psn
|turn|42
|
|switch|p1a: Clefable|Clefable, F|214\/394
|switch|p2a: heyyy|Mew|324\/404
|
|-heal|p2a: heyyy|349\/404|[from] item: Leftovers
|-heal|p1a: Clefable|238\/394|[from] item: Leftovers
|turn|43
|
|move|p2a: heyyy|Knock Off|p1a: Clefable
|-resisted|p1a: Clefable
|-damage|p1a: Clefable|197\/394
|-enditem|p1a: Clefable|Leftovers|[from] move: Knock Off|[of] p2a: heyyy
|move|p1a: Clefable|Flamethrower|p2a: heyyy
|-damage|p2a: heyyy|298\/404
|-status|p2a: heyyy|brn
|-status|p1a: Clefable|brn
|
|-heal|p2a: heyyy|323\/404 brn|[from] item: Leftovers
|-damage|p2a: heyyy|273\/404 brn|[from] brn
|turn|44
|
|move|p2a: heyyy|Heal Bell|p2a: heyyy
|-cureteam|p2a: heyyy|[from] move: HealBell
|move|p1a: Clefable|Flamethrower|p2a: heyyy
|-crit|p2a: heyyy
|-damage|p2a: heyyy|201\/404
|-status|p2a: heyyy|brn
|
|-heal|p2a: heyyy|226\/404 brn|[from] item: Leftovers
|-damage|p2a: heyyy|176\/404 brn|[from] brn
|turn|45
|
|move|p2a: heyyy|Heal Bell|p2a: heyyy
|-cureteam|p2a: heyyy|[from] move: HealBell
|move|p1a: Clefable|Heal Bell|p1a: Clefable
|-cureteam|p1a: Clefable|[from] move: HealBell
|
|-heal|p2a: heyyy|201\/404|[from] item: Leftovers
|turn|46
|
|switch|p2a: fat ass|Alomomola, M|305\/534
|move|p1a: Clefable|Flamethrower|p2a: fat ass
|-resisted|p2a: fat ass
|-damage|p2a: fat ass|242\/534
|-status|p2a: fat ass|brn
|
|-heal|p2a: fat ass|275\/534 brn|[from] item: Leftovers
|-damage|p2a: fat ass|209\/534 brn|[from] brn
|turn|47
|c|âJolly Egg Johnson|wtf
|
|switch|p2a: heyyy|Mew|201\/404
|move|p1a: Clefable|Flamethrower|p2a: heyyy
|-damage|p2a: heyyy|155\/404
|
|-heal|p2a: heyyy|180\/404|[from] item: Leftovers
|turn|48
|
|move|p2a: heyyy|Defog|p1a: Clefable
|-unboost|p1a: Clefable|evasion|1
|move|p1a: Clefable|Flamethrower|p2a: heyyy
|-crit|p2a: heyyy
|-damage|p2a: heyyy|108\/404
|
|-heal|p2a: heyyy|133\/404|[from] item: Leftovers
|turn|49
|
|move|p2a: heyyy|Soft-Boiled|p2a: heyyy
|-heal|p2a: heyyy|335\/404
|move|p1a: Clefable|Soft-Boiled|p1a: Clefable
|-heal|p1a: Clefable|394\/394
|
|-heal|p2a: heyyy|360\/404|[from] item: Leftovers
|turn|50
|
|move|p2a: heyyy|Heal Bell|p2a: heyyy
|-cureteam|p2a: heyyy|[from] move: HealBell
|move|p1a: Clefable|Flamethrower|p2a: heyyy
|-damage|p2a: heyyy|313\/404
|
|-heal|p2a: heyyy|338\/404|[from] item: Leftovers
|turn|51
|
|switch|p2a: fat ass|Alomomola, M|387\/534
|move|p1a: Clefable|Flamethrower|p2a: fat ass
|-resisted|p2a: fat ass
|-damage|p2a: fat ass|320\/534
|
|-heal|p2a: fat ass|353\/534|[from] item: Leftovers
|turn|52
|
|switch|p2a: you're free|Thundurus, M|76\/300
|move|p1a: Clefable|Flamethrower|p2a: you're free
|-damage|p2a: you're free|0 fnt
|faint|p2a: you're free
|
|
|switch|p2a: stangin|Beedrill-Mega, F|112\/272
|turn|53
|
|switch|p1a: Keldeo|Keldeo|95\/323
|move|p2a: stangin|Poison Jab|p1a: Keldeo
|-damage|p1a: Keldeo|0 fnt
|faint|p1a: Keldeo
|
|
|switch|p1a: Zapdos|Zapdos|258\/383
|-ability|p1a: Zapdos|Pressure
|turn|54
|
|move|p2a: stangin|U-turn|p1a: Zapdos
|-crit|p1a: Zapdos
|-resisted|p1a: Zapdos
|-damage|p1a: Zapdos|147\/383
|
|switch|p2a: heyyy|Mew|338\/404
|move|p1a: Zapdos|Thunderbolt|p2a: heyyy
|-damage|p2a: heyyy|251\/404
|
|-heal|p2a: heyyy|276\/404|[from] item: Leftovers
|turn|55
|
|switch|p2a: fat ass|Alomomola, M|531\/534
|move|p1a: Zapdos|Roost|p1a: Zapdos
|-heal|p1a: Zapdos|339\/383
|
|-heal|p2a: fat ass|534\/534|[from] item: Leftovers
|turn|56
|
|switch|p1a: Clefable|Clefable, F|394\/394
|move|p2a: fat ass|Toxic|p1a: Clefable
|-status|p1a: Clefable|tox
|
|turn|57
|
|move|p2a: fat ass|Scald|p1a: Clefable
|-damage|p1a: Clefable|351\/394 tox
|move|p1a: Clefable|Flamethrower|p2a: fat ass
|-crit|p2a: fat ass
|-resisted|p2a: fat ass
|-damage|p2a: fat ass|447\/534
|
|-heal|p2a: fat ass|480\/534|[from] item: Leftovers
|turn|58
|
|move|p2a: fat ass|Scald|p1a: Clefable
|-crit|p1a: Clefable
|-damage|p1a: Clefable|284\/394 tox
|move|p1a: Clefable|Moonblast|p2a: fat ass
|-damage|p2a: fat ass|296\/534
|
|-heal|p2a: fat ass|329\/534|[from] item: Leftovers
|turn|59
|
|move|p2a: fat ass|Wish|p2a: fat ass
|move|p1a: Clefable|Flamethrower|p2a: fat ass
|-resisted|p2a: fat ass
|-damage|p2a: fat ass|262\/534
|
|-heal|p2a: fat ass|295\/534|[from] item: Leftovers
|turn|60
|
|move|p2a: fat ass|Scald|p1a: Clefable
|-damage|p1a: Clefable|241\/394 tox
|move|p1a: Clefable|Flamethrower|p2a: fat ass
|-resisted|p2a: fat ass
|-damage|p2a: fat ass|233\/534
|
|-heal|p2a: fat ass|500\/534|[from] move: Wish|[wisher] fat ass
|-heal|p2a: fat ass|533\/534|[from] item: Leftovers
|turn|61
|
|switch|p2a: heyyy|Mew|276\/404
|move|p1a: Clefable|Moonblast|p2a: heyyy
|-damage|p2a: heyyy|203\/404
|-unboost|p2a: heyyy|spa|1
|
|-heal|p2a: heyyy|228\/404|[from] item: Leftovers
|turn|62
|
|move|p2a: heyyy|Knock Off|p1a: Clefable
|-resisted|p1a: Clefable
|-damage|p1a: Clefable|214\/394 tox
|move|p1a: Clefable|Flamethrower|p2a: heyyy
|-damage|p2a: heyyy|176\/404
|
|-heal|p2a: heyyy|201\/404|[from] item: Leftovers
|turn|63
|
|move|p2a: heyyy|Soft-Boiled|p2a: heyyy
|-heal|p2a: heyyy|403\/404
|move|p1a: Clefable|Flamethrower|p2a: heyyy
|-damage|p2a: heyyy|350\/404
|
|-heal|p2a: heyyy|375\/404|[from] item: Leftovers
|turn|64
|
|move|p2a: heyyy|Knock Off|p1a: Clefable
|-resisted|p1a: Clefable
|-damage|p1a: Clefable|184\/394 tox
|move|p1a: Clefable|Flamethrower|p2a: heyyy
|-damage|p2a: heyyy|330\/404
|
|-heal|p2a: heyyy|355\/404|[from] item: Leftovers
|turn|65
|
|move|p2a: heyyy|Knock Off|p1a: Clefable
|-resisted|p1a: Clefable
|-damage|p1a: Clefable|158\/394 tox
|move|p1a: Clefable|Flamethrower|p2a: heyyy
|-damage|p2a: heyyy|309\/404
|
|-heal|p2a: heyyy|334\/404|[from] item: Leftovers
|turn|66
|
|move|p2a: heyyy|Knock Off|p1a: Clefable
|-resisted|p1a: Clefable
|-damage|p1a: Clefable|129\/394 tox
|move|p1a: Clefable|Flamethrower|p2a: heyyy
|-damage|p2a: heyyy|285\/404
|
|-heal|p2a: heyyy|310\/404|[from] item: Leftovers
|turn|67
|
|move|p2a: heyyy|Knock Off|p1a: Clefable
|-resisted|p1a: Clefable
|-damage|p1a: Clefable|104\/394 tox
|move|p1a: Clefable|Flamethrower|p2a: heyyy
|-damage|p2a: heyyy|260\/404
|
|-heal|p2a: heyyy|285\/404|[from] item: Leftovers
|turn|68
|
|switch|p2a: fat ass|Alomomola, M|534\/534
|move|p1a: Clefable|Flamethrower|p2a: fat ass
|-resisted|p2a: fat ass
|-damage|p2a: fat ass|468\/534
|
|-heal|p2a: fat ass|501\/534|[from] item: Leftovers
|turn|69
|
|move|p2a: fat ass|Scald|p1a: Clefable
|-damage|p1a: Clefable|65\/394 tox
|move|p1a: Clefable|Soft-Boiled|p1a: Clefable
|-heal|p1a: Clefable|262\/394 tox
|
|-heal|p2a: fat ass|534\/534|[from] item: Leftovers
|turn|70
|
|switch|p2a: heyyy|Mew|285\/404
|move|p1a: Clefable|Moonblast|p2a: heyyy
|-damage|p2a: heyyy|206\/404
|-unboost|p2a: heyyy|spa|1
|
|-heal|p2a: heyyy|231\/404|[from] item: Leftovers
|turn|71
|
|move|p2a: heyyy|Soft-Boiled|p2a: heyyy
|-heal|p2a: heyyy|404\/404
|move|p1a: Clefable|Moonblast|p2a: heyyy
|-damage|p2a: heyyy|331\/404
|
|-heal|p2a: heyyy|356\/404|[from] item: Leftovers
|turn|72
|
|move|p2a: heyyy|Soft-Boiled|p2a: heyyy
|-heal|p2a: heyyy|404\/404
|move|p1a: Clefable|Flamethrower|p2a: heyyy
|-damage|p2a: heyyy|355\/404
|
|-heal|p2a: heyyy|380\/404|[from] item: Leftovers
|turn|73
|
|move|p2a: heyyy|Soft-Boiled|p2a: heyyy
|-heal|p2a: heyyy|404\/404
|move|p1a: Clefable|Moonblast|p2a: heyyy
|-damage|p2a: heyyy|326\/404
|
|-heal|p2a: heyyy|351\/404|[from] item: Leftovers
|turn|74
|
|move|p2a: heyyy|Knock Off|p1a: Clefable
|-resisted|p1a: Clefable
|-damage|p1a: Clefable|234\/394 tox
|move|p1a: Clefable|Moonblast|p2a: heyyy
|-damage|p2a: heyyy|276\/404
|-unboost|p2a: heyyy|spa|1
|
|-heal|p2a: heyyy|301\/404|[from] item: Leftovers
|turn|75
|
|move|p2a: heyyy|Soft-Boiled|p2a: heyyy
|-heal|p2a: heyyy|404\/404
|move|p1a: Clefable|Moonblast|p2a: heyyy
|-damage|p2a: heyyy|326\/404
|
|-heal|p2a: heyyy|351\/404|[from] item: Leftovers
|turn|76
|
|switch|p1a: Zapdos|Zapdos|339\/383
|-ability|p1a: Zapdos|Pressure
|move|p2a: heyyy|Knock Off|p1a: Zapdos
|-damage|p1a: Zapdos|297\/383
|
|-heal|p2a: heyyy|376\/404|[from] item: Leftovers
|turn|77
|
|move|p1a: Zapdos|Heat Wave|p2a: heyyy
|-damage|p2a: heyyy|305\/404
|move|p2a: heyyy|Knock Off|p1a: Zapdos
|-damage|p1a: Zapdos|256\/383
|
|-heal|p2a: heyyy|330\/404|[from] item: Leftovers
|turn|78
|
|switch|p2a: fat ass|Alomomola, M|534\/534
|move|p1a: Zapdos|Heat Wave|p2a: fat ass
|-resisted|p2a: fat ass
|-damage|p2a: fat ass|451\/534
|
|-heal|p2a: fat ass|484\/534|[from] item: Leftovers
|turn|79
|
|move|p1a: Zapdos|Thunderbolt|p2a: fat ass
|-supereffective|p2a: fat ass
|-damage|p2a: fat ass|40\/534
|move|p2a: fat ass|Toxic|p1a: Zapdos
|-status|p1a: Zapdos|tox
|
|-heal|p2a: fat ass|73\/534|[from] item: Leftovers
|-damage|p1a: Zapdos|233\/383 tox|[from] psn
|turn|80
|
|switch|p2a: heyyy|Mew|330\/404
|move|p1a: Zapdos|Roost|p1a: Zapdos
|-heal|p1a: Zapdos|383\/383 tox
|
|-heal|p2a: heyyy|355\/404|[from] item: Leftovers
|-damage|p1a: Zapdos|337\/383 tox|[from] psn
|turn|81
|
|switch|p1a: Clefable|Clefable, F|234\/394 tox
|move|p2a: heyyy|Knock Off|p1a: Clefable
|-resisted|p1a: Clefable
|-damage|p1a: Clefable|209\/394 tox
|
|-heal|p2a: heyyy|380\/404|[from] item: Leftovers
|turn|82
|
|switch|p2a: fat ass|Alomomola, M|251\/534
|move|p1a: Clefable|Heal Bell|p1a: Clefable
|-cureteam|p1a: Clefable|[from] move: HealBell
|
|-heal|p2a: fat ass|284\/534|[from] item: Leftovers
|turn|83
|
|move|p2a: fat ass|Ice Beam|p1a: Clefable
|-damage|p1a: Clefable|180\/394
|move|p1a: Clefable|Moonblast|p2a: fat ass
|-damage|p2a: fat ass|76\/534
|
|-heal|p2a: fat ass|109\/534|[from] item: Leftovers
|turn|84
|
|move|p2a: fat ass|Ice Beam|p1a: Clefable
|-damage|p1a: Clefable|150\/394
|move|p1a: Clefable|Moonblast|p2a: fat ass
|-damage|p2a: fat ass|0 fnt
|faint|p2a: fat ass
|
|
|switch|p2a: stangin|Beedrill-Mega, F|112\/272
|turn|85
|
|move|p2a: stangin|Poison Jab|p1a: Clefable
|-supereffective|p1a: Clefable
|-damage|p1a: Clefable|0 fnt
|faint|p1a: Clefable
|
|
|switch|p1a: Zapdos|Zapdos|337\/383
|-ability|p1a: Zapdos|Pressure
|turn|86
|
|move|p2a: stangin|U-turn|p1a: Zapdos
|-resisted|p1a: Zapdos
|-damage|p1a: Zapdos|259\/383
|
|switch|p2a: heyyy|Mew|380\/404
|move|p1a: Zapdos|Thunderbolt|p2a: heyyy
|-damage|p2a: heyyy|286\/404
|
|-heal|p2a: heyyy|311\/404|[from] item: Leftovers
|turn|87
|
|move|p1a: Zapdos|Heat Wave|p2a: heyyy
|-damage|p2a: heyyy|241\/404
|move|p2a: heyyy|Knock Off|p1a: Zapdos
|-damage|p1a: Zapdos|213\/383
|
|-heal|p2a: heyyy|266\/404|[from] item: Leftovers
|turn|88
|
|move|p1a: Zapdos|Roost|p1a: Zapdos
|-heal|p1a: Zapdos|383\/383
|move|p2a: heyyy|Knock Off|p1a: Zapdos
|-damage|p1a: Zapdos|338\/383
|
|-heal|p2a: heyyy|291\/404|[from] item: Leftovers
|turn|89
|
|move|p1a: Zapdos|Heat Wave|p2a: heyyy
|-damage|p2a: heyyy|231\/404
|move|p2a: heyyy|Knock Off|p1a: Zapdos
|-crit|p1a: Zapdos
|-damage|p1a: Zapdos|271\/383
|
|-heal|p2a: heyyy|256\/404|[from] item: Leftovers
|turn|90
|
|move|p1a: Zapdos|Heat Wave|p2a: heyyy
|-damage|p2a: heyyy|191\/404
|-status|p2a: heyyy|brn
|-status|p1a: Zapdos|brn
|move|p2a: heyyy|Knock Off|p1a: Zapdos
|-damage|p1a: Zapdos|251\/383 brn
|
|-heal|p2a: heyyy|216\/404 brn|[from] item: Leftovers
|-damage|p1a: Zapdos|204\/383 brn|[from] brn
|-damage|p2a: heyyy|166\/404 brn|[from] brn
|turn|91
|c|âJolly Egg Johnson|sweet
|
|move|p1a: Zapdos|Roost|p1a: Zapdos
|-heal|p1a: Zapdos|383\/383 brn
|move|p2a: heyyy|Heal Bell|p2a: heyyy
|-cureteam|p2a: heyyy|[from] move: HealBell
|
|-heal|p2a: heyyy|191\/404|[from] item: Leftovers
|-damage|p1a: Zapdos|336\/383 brn|[from] brn
|turn|92
|
|move|p1a: Zapdos|Heat Wave|p2a: heyyy
|-damage|p2a: heyyy|128\/404
|move|p2a: heyyy|Soft-Boiled|p2a: heyyy
|-heal|p2a: heyyy|330\/404
|
|-heal|p2a: heyyy|355\/404|[from] item: Leftovers
|-damage|p1a: Zapdos|289\/383 brn|[from] brn
|turn|93
|
|move|p1a: Zapdos|Heat Wave|p2a: heyyy
|-damage|p2a: heyyy|289\/404
|move|p2a: heyyy|Knock Off|p1a: Zapdos
|-damage|p1a: Zapdos|243\/383 brn
|
|-heal|p2a: heyyy|314\/404|[from] item: Leftovers
|-damage|p1a: Zapdos|196\/383 brn|[from] brn
|turn|94
|
|move|p1a: Zapdos|Roost|p1a: Zapdos
|-heal|p1a: Zapdos|383\/383 brn
|move|p2a: heyyy|Knock Off|p1a: Zapdos
|-damage|p1a: Zapdos|344\/383 brn
|
|-heal|p2a: heyyy|339\/404|[from] item: Leftovers
|-damage|p1a: Zapdos|297\/383 brn|[from] brn
|turn|95
|
|move|p1a: Zapdos|Heat Wave|p2a: heyyy
|-damage|p2a: heyyy|272\/404
|move|p2a: heyyy|Knock Off|p1a: Zapdos
|-damage|p1a: Zapdos|255\/383 brn
|
|-heal|p2a: heyyy|297\/404|[from] item: Leftovers
|-damage|p1a: Zapdos|208\/383 brn|[from] brn
|turn|96
|
|move|p1a: Zapdos|Heat Wave|p2a: heyyy
|-damage|p2a: heyyy|230\/404
|move|p2a: heyyy|Knock Off|p1a: Zapdos
|-damage|p1a: Zapdos|169\/383 brn
|
|-heal|p2a: heyyy|255\/404|[from] item: Leftovers
|-damage|p1a: Zapdos|122\/383 brn|[from] brn
|turn|97
|
|move|p1a: Zapdos|Roost|p1a: Zapdos
|-heal|p1a: Zapdos|314\/383 brn
|move|p2a: heyyy|Knock Off|p1a: Zapdos
|-damage|p1a: Zapdos|270\/383 brn
|
|-heal|p2a: heyyy|280\/404|[from] item: Leftovers
|-damage|p1a: Zapdos|223\/383 brn|[from] brn
|turn|98
|
|move|p1a: Zapdos|Heat Wave|p2a: heyyy
|-damage|p2a: heyyy|213\/404
|move|p2a: heyyy|Soft-Boiled|p2a: heyyy
|-heal|p2a: heyyy|404\/404
|
|-damage|p1a: Zapdos|176\/383 brn|[from] brn
|turn|99
|
|switch|p2a: stangin|Beedrill-Mega, F|112\/272
|move|p1a: Zapdos|Heat Wave|p2a: stangin
|-supereffective|p2a: stangin
|-damage|p2a: stangin|0 fnt
|faint|p2a: stangin
|
|-damage|p1a: Zapdos|129\/383 brn|[from] brn
|
|switch|p2a: heyyy|Mew|404\/404
|turn|100
|
|move|p1a: Zapdos|Roost|p1a: Zapdos
|-heal|p1a: Zapdos|321\/383 brn
|move|p2a: heyyy|Defog|p1a: Zapdos
|-unboost|p1a: Zapdos|evasion|1
|
|-damage|p1a: Zapdos|274\/383 brn|[from] brn
|turn|101
|
|move|p1a: Zapdos|Heat Wave|p2a: heyyy
|-damage|p2a: heyyy|342\/404
|move|p2a: heyyy|Defog|p1a: Zapdos
|-unboost|p1a: Zapdos|evasion|1
|
|-heal|p2a: heyyy|367\/404|[from] item: Leftovers
|-damage|p1a: Zapdos|227\/383 brn|[from] brn
|turn|102
|
|move|p1a: Zapdos|Heat Wave|p2a: heyyy
|-damage|p2a: heyyy|302\/404
|move|p2a: heyyy|Defog|p1a: Zapdos
|-unboost|p1a: Zapdos|evasion|1
|
|-heal|p2a: heyyy|327\/404|[from] item: Leftovers
|-damage|p1a: Zapdos|180\/383 brn|[from] brn
|turn|103
|
|move|p1a: Zapdos|Heat Wave|p2a: heyyy
|-damage|p2a: heyyy|259\/404
|move|p2a: heyyy|Defog|p1a: Zapdos
|-unboost|p1a: Zapdos|evasion|1
|
|-heal|p2a: heyyy|284\/404|[from] item: Leftovers
|-damage|p1a: Zapdos|133\/383 brn|[from] brn
|turn|104
|
|move|p1a: Zapdos|Roost|p1a: Zapdos
|-heal|p1a: Zapdos|325\/383 brn
|move|p2a: heyyy|Defog|p1a: Zapdos
|-unboost|p1a: Zapdos|evasion|1
|
|-heal|p2a: heyyy|309\/404|[from] item: Leftovers
|-damage|p1a: Zapdos|278\/383 brn|[from] brn
|turn|105
|
|move|p1a: Zapdos|Heat Wave|p2a: heyyy
|-damage|p2a: heyyy|246\/404
|move|p2a: heyyy|Defog|p1a: Zapdos
|-unboost|p1a: Zapdos|evasion|1
|
|-heal|p2a: heyyy|271\/404|[from] item: Leftovers
|-damage|p1a: Zapdos|231\/383 brn|[from] brn
|turn|106
|
|move|p1a: Zapdos|Heat Wave|p2a: heyyy
|-miss|p1a: Zapdos|p2a: heyyy
|move|p2a: heyyy|Defog|p1a: Zapdos
|
|-heal|p2a: heyyy|296\/404|[from] item: Leftovers
|-damage|p1a: Zapdos|184\/383 brn|[from] brn
|turn|107
|
|move|p1a: Zapdos|Roost|p1a: Zapdos
|-heal|p1a: Zapdos|376\/383 brn
|move|p2a: heyyy|Defog|p1a: Zapdos
|
|-heal|p2a: heyyy|321\/404|[from] item: Leftovers
|-damage|p1a: Zapdos|329\/383 brn|[from] brn
|turn|108
|
|move|p1a: Zapdos|Thunderbolt|p2a: heyyy
|-damage|p2a: heyyy|231\/404
|move|p2a: heyyy|Defog|p1a: Zapdos
|
|-heal|p2a: heyyy|256\/404|[from] item: Leftovers
|-damage|p1a: Zapdos|282\/383 brn|[from] brn
|turn|109
|
|move|p1a: Zapdos|Thunderbolt|p2a: heyyy
|-damage|p2a: heyyy|171\/404
|move|p2a: heyyy|Defog|p1a: Zapdos
|
|-heal|p2a: heyyy|196\/404|[from] item: Leftovers
|-damage|p1a: Zapdos|235\/383 brn|[from] brn
|turn|110
|
|move|p1a: Zapdos|Thunderbolt|p2a: heyyy
|-damage|p2a: heyyy|96\/404
|move|p2a: heyyy|Soft-Boiled|p2a: heyyy
|-heal|p2a: heyyy|298\/404
|
|-heal|p2a: heyyy|323\/404|[from] item: Leftovers
|-damage|p1a: Zapdos|188\/383 brn|[from] brn
|turn|111
|
|move|p1a: Zapdos|Thunderbolt|p2a: heyyy
|-damage|p2a: heyyy|227\/404
|move|p2a: heyyy|Defog|p1a: Zapdos
|
|-heal|p2a: heyyy|252\/404|[from] item: Leftovers
|-damage|p1a: Zapdos|141\/383 brn|[from] brn
|turn|112
|
|move|p1a: Zapdos|Roost|p1a: Zapdos
|-heal|p1a: Zapdos|333\/383 brn
|move|p2a: heyyy|Heal Bell|p2a: heyyy
|-cureteam|p2a: heyyy|[from] move: HealBell
|
|-heal|p2a: heyyy|277\/404|[from] item: Leftovers
|-damage|p1a: Zapdos|286\/383 brn|[from] brn
|turn|113
|
|move|p1a: Zapdos|Thunderbolt|p2a: heyyy
|-damage|p2a: heyyy|184\/404
|move|p2a: heyyy|Soft-Boiled|p2a: heyyy
|-heal|p2a: heyyy|386\/404
|
|-heal|p2a: heyyy|404\/404|[from] item: Leftovers
|-damage|p1a: Zapdos|239\/383 brn|[from] brn
|turn|114
|join|bfrock
|
|move|p1a: Zapdos|Thunderbolt|p2a: heyyy
|-crit|p2a: heyyy
|-damage|p2a: heyyy|271\/404
|move|p2a: heyyy|Soft-Boiled|p2a: heyyy
|-heal|p2a: heyyy|404\/404
|
|-damage|p1a: Zapdos|192\/383 brn|[from] brn
|turn|115
|
|move|p1a: Zapdos|Defog|p2a: heyyy
|-unboost|p2a: heyyy|evasion|1
|move|p2a: heyyy|Soft-Boiled|p2a: heyyy
|-fail|p2a: heyyy
|
|-damage|p1a: Zapdos|145\/383 brn|[from] brn
|turn|116
|
|move|p1a: Zapdos|Roost|p1a: Zapdos
|-heal|p1a: Zapdos|337\/383 brn
|move|p2a: heyyy|Soft-Boiled|p2a: heyyy
|-fail|p2a: heyyy
|
|-damage|p1a: Zapdos|290\/383 brn|[from] brn
|turn|117
|join|uncommon10
|
|move|p1a: Zapdos|Defog|p2a: heyyy
|-unboost|p2a: heyyy|evasion|1
|move|p2a: heyyy|Soft-Boiled|p2a: heyyy
|-fail|p2a: heyyy
|
|-damage|p1a: Zapdos|243\/383 brn|[from] brn
|turn|118
|leave|uncommon10
|
|move|p1a: Zapdos|Defog|p2a: heyyy
|-unboost|p2a: heyyy|evasion|1
|move|p2a: heyyy|Soft-Boiled|p2a: heyyy
|-fail|p2a: heyyy
|
|-damage|p1a: Zapdos|196\/383 brn|[from] brn
|turn|119
|
|move|p1a: Zapdos|Thunderbolt|p2a: heyyy
|-damage|p2a: heyyy|313\/404
|move|p2a: heyyy|Struggle|p1a: Zapdos
|-damage|p1a: Zapdos|164\/383 brn
|-damage|p2a: heyyy|212\/404
|
|-heal|p2a: heyyy|237\/404|[from] item: Leftovers
|-damage|p1a: Zapdos|117\/383 brn|[from] brn
|turn|120
|
|move|p1a: Zapdos|Thunderbolt|p2a: heyyy
|-damage|p2a: heyyy|150\/404
|-status|p2a: heyyy|par
|move|p2a: heyyy|Struggle|p1a: Zapdos
|-damage|p1a: Zapdos|85\/383 brn
|-damage|p2a: heyyy|49\/404 par
|
|-heal|p2a: heyyy|74\/404 par|[from] item: Leftovers
|-damage|p1a: Zapdos|38\/383 brn|[from] brn
|turn|121
|
|move|p1a: Zapdos|Thunderbolt|p2a: heyyy
|-damage|p2a: heyyy|0 fnt
|faint|p2a: heyyy
|
|win|qwazz
|c|âJolly Egg Johnson|can i save this
|c|âJolly Egg Johnson|gg