|join|NagariHO
|join|Qwazz
|player|p1|NagariHO|192
|player|p2|Qwazz|170
|gametype|singles
|gen|6
|tier|OU
|rated
|clearpoke
|poke|p1|Serperior, F, shiny
|poke|p1|Rhyperior, M, shiny
|poke|p1|Keldeo-Resolute
|poke|p1|Charizard, F
|poke|p1|Togekiss, M
|poke|p1|Jirachi
|poke|p2|Charizard, F
|poke|p2|Azelf
|poke|p2|Azumarill, M
|poke|p2|Bisharp, M
|poke|p2|Gengar, F
|poke|p2|Thundurus, M
|rule|Swagger Clause: Swagger is banned
|rule|Baton Pass Clause: Limit one PokÃ©mon knowing Baton Pass
|rule|Sleep Clause Mod: Limit one foe put to sleep
|rule|Species Clause: Limit one of each PokÃ©mon
|rule|OHKO Clause: OHKO moves are banned
|rule|Moody Clause: Moody is banned
|rule|Evasion Moves Clause: Evasion moves are banned
|rule|Endless Battle Clause: Forcing endless battles is banned
|rule|HP Percentage Mod: HP is shown in percentages
|teampreview
|c|âNagariHO|where were u qwazz?
|join|Stoned Zard
|c|âNagariHO|that was disguting
|c|âNagariHO|zard
|
|start
|switch|p1a: Rachi|Jirachi|404\/404
|switch|p2a: Azelf|Azelf|291\/291
|turn|1
|
|move|p2a: Azelf|Taunt|p1a: Rachi
|-start|p1a: Rachi|move: Taunt
|cant|p1a: Rachi|move: Taunt|Stealth Rock
|
|turn|2
|
|move|p2a: Azelf|Stealth Rock|p1a: Rachi
|-sidestart|p1: NagariHO|move: Stealth Rock
|move|p1a: Rachi|Iron Head|p2a: Azelf
|-damage|p2a: Azelf|170\/291
|
|turn|3
|
|switch|p2a: Bisharp|Bisharp, M|271\/271
|switch|p1a: Superior Rhyp|Rhyperior, M, shiny|434\/434
|-damage|p1a: Superior Rhyp|407\/434|[from] Stealth Rock
|
|-heal|p1a: Superior Rhyp|434\/434|[from] item: Leftovers
|turn|4
|
|switch|p2a: Gengar|Gengar, F|261\/261
|move|p1a: Superior Rhyp|Stone Edge|p2a: Gengar
|-damage|p2a: Gengar|8\/261
|
|turn|5
|
|move|p2a: Gengar|Shadow Ball|p1a: Superior Rhyp
|-damage|p1a: Superior Rhyp|130\/434
|-unboost|p1a: Superior Rhyp|spd|1
|-damage|p2a: Gengar|0 fnt|[from] item: Life Orb
|faint|p2a: Gengar
|move|p1a: Superior Rhyp|Megahorn|p2: Gengar|[notarget]
|-notarget
|
|-heal|p1a: Superior Rhyp|157\/434|[from] item: Leftovers
|c| Stoned Zard|lol
|
|switch|p2a: Thundurus|Thundurus, M|299\/299
|turn|6
|c| Stoned Zard|it has a less chance to miss :P
|c|âNagariHO|lord set
|c|âNagariHO|yup
|
|switch|p1a: Rachi|Jirachi|404\/404
|-damage|p1a: Rachi|379\/404|[from] Stealth Rock
|move|p2a: Thundurus|Hidden Power|p1a: Rachi
|-resisted|p1a: Rachi
|-damage|p1a: Rachi|348\/404
|-damage|p2a: Thundurus|270\/299|[from] item: Life Orb
|
|-heal|p1a: Rachi|373\/404|[from] item: Leftovers
|turn|7
|c| Stoned Zard|The God Squad
|
|switch|p2a: Charizard|Charizard, F|333\/333
|move|p1a: Rachi|Stealth Rock|p2a: Charizard
|-sidestart|p2: Qwazz|move: Stealth Rock
|
|-heal|p1a: Rachi|398\/404|[from] item: Leftovers
|turn|8
|
|detailschange|p2a: Charizard|Charizard-Mega-X, F
|-mega|p2a: Charizard|Charizard|Charizardite X
|move|p2a: Charizard|Dragon Dance|p2a: Charizard
|-boost|p2a: Charizard|atk|1
|-boost|p2a: Charizard|spe|1
|move|p1a: Rachi|Toxic|p2a: Charizard|[miss]
|-miss|p1a: Rachi|p2a: Charizard
|
|-heal|p1a: Rachi|404\/404|[from] item: Leftovers
|turn|9
|c| Stoned Zard|D:
|c|âNagariHO|*sigh*
|
|switch|p1a: Superior Rhyp|Rhyperior, M, shiny|157\/434
|-damage|p1a: Superior Rhyp|130\/434|[from] Stealth Rock
|move|p2a: Charizard|Flare Blitz|p1a: Superior Rhyp
|-resisted|p1a: Superior Rhyp
|-damage|p1a: Superior Rhyp|0 fnt
|-damage|p2a: Charizard|290\/333|[from] recoil|[of] p1a: Superior Rhyp
|faint|p1a: Superior Rhyp
|
|
|switch|p1a: Togekiss|Togekiss, M|374\/374
|-damage|p1a: Togekiss|281\/374|[from] Stealth Rock
|turn|10
|
|move|p2a: Charizard|Flare Blitz|p1a: Togekiss
|-damage|p1a: Togekiss|0 fnt
|-damage|p2a: Charizard|197\/333|[from] recoil|[of] p1a: Togekiss
|faint|p1a: Togekiss
|
|
|switch|p1a: Keldi|Keldeo-Resolute|323\/323
|-damage|p1a: Keldi|303\/323|[from] Stealth Rock
|turn|11
|
|move|p1a: Keldi|Hydro Pump|p2a: Charizard
|-damage|p2a: Charizard|0 fnt
|faint|p2a: Charizard
|
|
|switch|p2a: Azumarill|Azumarill, M|382\/382
|-damage|p2a: Azumarill|335\/382|[from] Stealth Rock
|turn|12
|
|switch|p1a: Zard X|Charizard, F|315\/315
|-damage|p1a: Zard X|158\/315|[from] Stealth Rock
|switch|p2a: Bisharp|Bisharp, M|271\/271
|-damage|p2a: Bisharp|255\/271|[from] Stealth Rock
|
|turn|13
|
|detailschange|p1a: Zard X|Charizard-Mega-X, F
|-mega|p1a: Zard X|Charizard|Charizardite X
|move|p2a: Bisharp|Sucker Punch|p1a: Zard X
|-damage|p1a: Zard X|2\/315
|-damage|p2a: Bisharp|228\/271|[from] item: Life Orb
|move|p1a: Zard X|Flare Blitz|p2a: Bisharp
|-supereffective|p2a: Bisharp
|-damage|p2a: Bisharp|0 fnt
|-damage|p1a: Zard X|0 fnt|[from] recoil|[of] p2a: Bisharp
|faint|p2a: Bisharp
|faint|p1a: Zard X
|
|
|switch|p2a: Thundurus|Thundurus, M|270\/299
|switch|p1a: Rachi|Jirachi|404\/404
|-damage|p2a: Thundurus|196\/299|[from] Stealth Rock
|-damage|p1a: Rachi|379\/404|[from] Stealth Rock
|turn|14
|
|move|p2a: Thundurus|Knock Off|p1a: Rachi
|-supereffective|p1a: Rachi
|-damage|p1a: Rachi|153\/404
|-enditem|p1a: Rachi|Leftovers|[from] move: Knock Off|[of] p2a: Thundurus
|-damage|p2a: Thundurus|167\/299|[from] item: Life Orb
|move|p1a: Rachi|Toxic|p2a: Thundurus
|-status|p2a: Thundurus|tox
|
|-damage|p2a: Thundurus|149\/299 tox|[from] psn
|turn|15
|
|move|p2a: Thundurus|Knock Off|p1a: Rachi
|-supereffective|p1a: Rachi
|-damage|p1a: Rachi|0 fnt
|-damage|p2a: Thundurus|120\/299 tox|[from] item: Life Orb
|faint|p1a: Rachi
|
|-damage|p2a: Thundurus|84\/299 tox|[from] psn
|
|switch|p1a: Keldi|Keldeo-Resolute|303\/323
|-damage|p1a: Keldi|283\/323|[from] Stealth Rock
|turn|16
|
|move|p2a: Thundurus|Thunder Wave|p1a: Keldi
|-status|p1a: Keldi|par
|move|p1a: Keldi|Hidden Power|p2a: Thundurus
|-damage|p2a: Thundurus|0 fnt
|faint|p2a: Thundurus
|
|
|switch|p2a: Azumarill|Azumarill, M|335\/382
|-damage|p2a: Azumarill|288\/382|[from] Stealth Rock
|turn|17
|
|move|p2a: Azumarill|Play Rough|p1a: Keldi
|-supereffective|p1a: Keldi
|-damage|p1a: Keldi|0 fnt
|faint|p1a: Keldi
|
|
|switch|p1a: Superior Serp|Serperior, F, shiny|292\/292
|-damage|p1a: Superior Serp|256\/292|[from] Stealth Rock
|turn|18
|
|move|p1a: Superior Serp|Leaf Storm|p2a: Azumarill
|-supereffective|p2a: Azumarill
|-damage|p2a: Azumarill|0 fnt
|-boost|p1a: Superior Serp|spa|2
|faint|p2a: Azumarill
|
|c|âNagariHO|?
|
|switch|p2a: Azelf|Azelf|170\/291
|-damage|p2a: Azelf|134\/291|[from] Stealth Rock
|turn|19
|c|âNagariHO|do it
|
|move|p2a: Azelf|Fire Blast|p1a: Superior Serp
|-supereffective|p1a: Superior Serp
|-damage|p1a: Superior Serp|52\/292
|move|p1a: Superior Serp|Dragon Pulse|p2a: Azelf
|-damage|p2a: Azelf|0 fnt
|faint|p2a: Azelf
|
|win|NagariHO
|raw|Ladder updating...
|raw|NagariHO's rating: 1577 &rarr; <strong>1599<\/strong><br \/>(+22 for winning)
|raw|Qwazz's rating: 1609 &rarr; <strong>1587<\/strong><br \/>(-22 for losing)
|c| Stoned Zard|wow :]
|c|âNagariHO|aaawww