|join|Qwazz
|join|im watchin anime
|join|hashtag fabulous
|player|p1|Qwazz|101
|player|p2|im watchin anime|34
|gametype|singles
|gen|6
|tier|OU
|clearpoke
|poke|p1|Swampert, F
|poke|p1|Gothitelle, M
|poke|p1|Talonflame, M
|poke|p1|Skarmory, M
|poke|p1|Rotom-Wash
|poke|p1|Amoonguss, F
|poke|p2|Celebi
|poke|p2|Heatran, M
|poke|p2|Keldeo-Resolute
|poke|p2|Gliscor, F
|poke|p2|Metagross
|poke|p2|Clefable, F
|rule|Swagger Clause: Swagger is banned
|rule|Baton Pass Clause: Limit one PokÃ©mon knowing Baton Pass
|rule|Sleep Clause Mod: Limit one foe put to sleep
|rule|Species Clause: Limit one of each PokÃ©mon
|rule|OHKO Clause: OHKO moves are banned
|rule|Moody Clause: Moody is banned
|rule|Evasion Moves Clause: Evasion moves are banned
|rule|Endless Battle Clause: Forcing endless battles is banned
|rule|HP Percentage Mod: HP is shown in percentages
|teampreview
|join|Villager B
|c|âim watchin anime|holy fuk this man is fast at joinin
|c|âQwazz|what?
|join|Justin n7
|c|âim watchin anime|not u
|c|âQwazz|o
|c| hashtag fabulous|i was just kinda clicking the chat until a new match started
|c|âim watchin anime|mk
|
|start
|switch|p1a: Rotom-Wash|Rotom-Wash|304\/304
|switch|p2a: nedor|Celebi|349\/349
|turn|1
|c|âQwazz|fk
|c|âim watchin anime|dw i dont have bp
|c|âQwazz|k
|c| Villager B|ditched a match with stall to come here, me no like watching stall
|
|move|p2a: nedor|Psychic|p1a: Rotom-Wash
|-crit|p1a: Rotom-Wash
|-damage|p1a: Rotom-Wash|112\/304
|move|p1a: Rotom-Wash|Volt Switch|p2a: nedor
|-resisted|p2a: nedor
|-damage|p2a: nedor|308\/349
|c|âQwazz|oml
|c|âim watchin anime|rip rotom
|c|âQwazz|stahp
|c|âim watchin anime|;;
|
|switch|p1a: Gothitelle|Gothitelle, M|344\/344
|
|-heal|p2a: nedor|329\/349|[from] item: Leftovers
|turn|2
|c|âQwazz|turn one hax
|c|âQwazz|np
|c|âQwazz|its ogre
|c|âim watchin anime|how the fuk
|c|âim watchin anime|do i kil this
|c|âQwazz|you dont
|c|âim watchin anime|ok its ez
|c|âim watchin anime|i get
|c|âim watchin anime|spdef drops
|c| Villager B|dont have uturn or baton pass?
|c|âQwazz|k
|c| hashtag fabulous|step one: cri
|
|move|p2a: nedor|Earth Power|p1a: Gothitelle
|-damage|p1a: Gothitelle|271\/344
|move|p1a: Gothitelle|Trick|p2a: nedor
|-activate|p1a: Gothitelle|move: Trick|[of] p2a: nedor
|-item|p2a: nedor|Choice Scarf|[from] move: Trick
|-item|p1a: Gothitelle|Leftovers|[from] move: Trick
|
|-heal|p1a: Gothitelle|292\/344|[from] item: Leftovers
|turn|3
|c|âim watchin anime|n crits
|c|âim watchin anime|villager nastypass is apprently against the rules
|c|âim watchin anime|so i had to change it
|c|âim watchin anime|rofl
|c| Villager B|rofl
|
|move|p2a: nedor|Earth Power|p1a: Gothitelle
|-damage|p1a: Gothitelle|217\/344
|move|p1a: Gothitelle|Psychic|p2a: nedor
|-resisted|p2a: nedor
|-damage|p2a: nedor|267\/349
|
|-heal|p1a: Gothitelle|238\/344|[from] item: Leftovers
|turn|4
|c| Villager B|i thought only geopass was illegal
|c|âim watchin anime|time for spdef drops
|c|âim watchin anime|lgi
|c|âim watchin anime|na
|c|âQwazz|n
|
|move|p2a: nedor|Earth Power|p1a: Gothitelle
|-damage|p1a: Gothitelle|154\/344
|-unboost|p1a: Gothitelle|spd|1
|move|p1a: Gothitelle|Psychic|p2a: nedor
|-resisted|p2a: nedor
|-damage|p2a: nedor|207\/349
|
|-heal|p1a: Gothitelle|175\/344|[from] item: Leftovers
|turn|5
|c|âim watchin anime|gone
|c|âQwazz|!!!!!!!!
|c|âim watchin anime|!!11!!
|c| hashtag fabulous|tbh bird
|
|move|p2a: nedor|Earth Power|p1a: Gothitelle
|-damage|p1a: Gothitelle|61\/344
|move|p1a: Gothitelle|Rest|p1a: Gothitelle
|-status|p1a: Gothitelle|slp
|-heal|p1a: Gothitelle|344\/344 slp|[silent]
|-status|p1a: Gothitelle|slp|[from] move: Rest
|
|turn|6
|c|âim watchin anime|AH
|c| hashtag fabulous|or that
|c|âim watchin anime|i just need to ah
|c|âim watchin anime|crit this
|c|âim watchin anime|:]
|c|âQwazz|n
|c|âim watchin anime|;]]]
|
|switch|p1a: Rotom-Wash|Rotom-Wash|112\/304
|move|p2a: nedor|Earth Power|p1a: Rotom-Wash
|-immune|p1a: Rotom-Wash|[msg]
|
|-heal|p1a: Rotom-Wash|131\/304|[from] item: Leftovers
|turn|7
|c|âim watchin anime|wow
|c|âim watchin anime|im stayin in on the wisp
|c|âim watchin anime|;_;
|
|switch|p2a: fook|Gliscor, F|354\/354
|move|p1a: Rotom-Wash|Volt Switch|p2a: fook
|-immune|p2a: fook|[msg]
|
|-heal|p1a: Rotom-Wash|150\/304|[from] item: Leftovers
|-status|p2a: fook|tox|[from] item: Toxic Orb
|turn|8
|c|âQwazz|k
|c|âQwazz|fk
|c|âim watchin anime|gone
|
|move|p2a: fook|Knock Off|p1a: Rotom-Wash
|-damage|p1a: Rotom-Wash|99\/304
|-enditem|p1a: Rotom-Wash|Leftovers|[from] move: Knock Off|[of] p2a: fook
|move|p1a: Rotom-Wash|Volt Switch|p2a: fook
|-immune|p2a: fook|[msg]
|
|turn|9
|c|âQwazz|k
|c|âQwazz|im aids
|c|âim watchin anime|easiest game of
|c|âim watchin anime|my life
|c| hashtag fabulous|rekt
|c|âQwazz|n
|c|âQwazz|its fin
|
|move|p2a: fook|Swords Dance|p2a: fook
|-boost|p2a: fook|atk|2
|move|p1a: Rotom-Wash|Pain Split|p2a: fook
|-sethp|p2a: fook|226\/354 tox|p1a: Rotom-Wash|226\/304|[from] move: Pain Split
|
|-heal|p2a: fook|270\/354 tox|[from] ability: Poison Heal
|turn|10
|c|âim watchin anime|now i click sd here
|c|âQwazz|im gonna win
|c|âim watchin anime|n
|c|âim watchin anime|i will dodge
|c|âim watchin anime|a hydro
|c|âQwazz|n
|c|âim watchin anime|if i have to
|
|move|p2a: fook|Roost|p2a: fook
|-heal|p2a: fook|354\/354 tox
|move|p1a: Rotom-Wash|Will-O-Wisp|p2a: fook
|-fail|p2a: fook
|
|turn|11
|c|âQwazz|wtf
|c|âim watchin anime|u thought
|c|âQwazz|thats not hydro
|c|âim watchin anime|i was lyin
|c|âim watchin anime|im gonna catch a hydro
|
|move|p2a: fook|Knock Off|p1a: Rotom-Wash
|-crit|p1a: Rotom-Wash
|-damage|p1a: Rotom-Wash|112\/304
|move|p1a: Rotom-Wash|Hydro Pump|p2a: fook
|-supereffective|p2a: fook
|-damage|p2a: fook|102\/354 tox
|
|-heal|p2a: fook|146\/354 tox|[from] ability: Poison Heal
|turn|12
|c|âim watchin anime|gone
|c|âQwazz|wetf is this match
|c| Villager B|totally predicted the crit imo
|c|âim watchin anime|u c
|
|move|p2a: fook|Roost|p2a: fook
|-heal|p2a: fook|323\/354 tox
|move|p1a: Rotom-Wash|Hydro Pump|p2a: fook
|-supereffective|p2a: fook
|-damage|p2a: fook|83\/354 tox
|
|-heal|p2a: fook|127\/354 tox|[from] ability: Poison Heal
|turn|13
|c|âim watchin anime|i have a
|c|âim watchin anime|passho berry
|c|âim watchin anime|so im not dyin
|c|âQwazz|o
|c|âim watchin anime|its secretly
|
|move|p2a: fook|Roost|p2a: fook
|-heal|p2a: fook|304\/354 tox
|move|p1a: Rotom-Wash|Pain Split|p2a: fook
|-sethp|p2a: fook|208\/354 tox|p1a: Rotom-Wash|208\/304|[from] move: Pain Split
|
|-heal|p2a: fook|252\/354 tox|[from] ability: Poison Heal
|turn|14
|c|âim watchin anime|built in
|c|âim watchin anime|im calcin this 1
|c|âQwazz|got it
|c|âim watchin anime|!calc
|raw|<div class="infobox">Pokemon Showdown! damage calculator. (Courtesy of Honko)<br \/>- <a href="https:\/\/pokemonshowdown.com\/damagecalc\/">Damage Calculator<\/a><\/div>
|c|âQwazz|k so basically
|c|âQwazz|swampy sweeps
|c|âim watchin anime|n i have scarf giga drain
|c|âim watchin anime|;)
|c|âQwazz|!!!
|c|âQwazz|i have rain ice punch
|c|âim watchin anime|i live
|c|âQwazz|llmfao
|c|âQwazz|my amoong
|c|âQwazz|oml
|c|âim watchin anime|but ru skilfull enuff
|c|âim watchin anime|to have
|c|âim watchin anime|hp bug
|c|âim watchin anime|spex
|c|âQwazz|ya
|
|switch|p1a: Amoonguss|Amoonguss, F|390\/390
|move|p2a: fook|Roost|p2a: fook
|-heal|p2a: fook|354\/354 tox
|
|turn|15
|c|âim watchin anime|what the fuck does moon do again
|c|âim watchin anime|spore
|c|âQwazz|i have no evs rofl
|c|âim watchin anime|?
|c|âim watchin anime|LOL
|
|move|p2a: fook|Knock Off|p1a: Amoonguss
|-damage|p1a: Amoonguss|218\/390
|-enditem|p1a: Amoonguss|Black Sludge|[from] move: Knock Off|[of] p2a: fook
|move|p1a: Amoonguss|Foul Play|p2a: fook
|-damage|p2a: fook|234\/354 tox
|
|-heal|p2a: fook|278\/354 tox|[from] ability: Poison Heal
|turn|16
|c|âQwazz|YUMMMMMMMMMMMMMMMMMMMMMMM
|c|âim watchin anime|easiest game of my life
|c| Villager B|not really...
|c|âim watchin anime|zzz
|
|move|p2a: fook|Earthquake|p1a: Amoonguss
|-damage|p1a: Amoonguss|0 fnt
|faint|p1a: Amoonguss
|
|-heal|p2a: fook|322\/354 tox|[from] ability: Poison Heal
|c|âQwazz|oof
|c| Villager B|now, that was yum
|c|âQwazz|k check it
|
|switch|p1a: Talonflame|Talonflame, M|359\/359
|turn|17
|c|âim watchin anime|what does talon do
|c|âim watchin anime|?
|
|move|p1a: Talonflame|Bulk Up|p1a: Talonflame
|-boost|p1a: Talonflame|atk|1
|-boost|p1a: Talonflame|def|1
|move|p2a: fook|Knock Off|p1a: Talonflame
|-damage|p1a: Talonflame|234\/359
|-enditem|p1a: Talonflame|Leftovers|[from] move: Knock Off|[of] p2a: fook
|
|-heal|p2a: fook|354\/354 tox|[from] ability: Poison Heal
|turn|18
|c|âQwazz|it eats your soul
|c|âim watchin anime|oh
|c| Villager B|that...
|c|âim watchin anime|__that__ set
|
|move|p1a: Talonflame|Taunt|p2a: fook
|-start|p2a: fook|move: Taunt
|move|p2a: fook|Knock Off|p1a: Talonflame
|-damage|p1a: Talonflame|150\/359
|
|turn|19
|c| hashtag fabulous|i smell eq fishing
|
|move|p1a: Talonflame|Bulk Up|p1a: Talonflame
|-boost|p1a: Talonflame|atk|1
|-boost|p1a: Talonflame|def|1
|move|p2a: fook|Earthquake|p1a: Talonflame
|-immune|p1a: Talonflame|[msg]
|
|turn|20
|c|âQwazz|!!!
|c|âim watchin anime|g.o.n.e
|
|move|p1a: Talonflame|Bulk Up|p1a: Talonflame
|-boost|p1a: Talonflame|atk|1
|-boost|p1a: Talonflame|def|1
|move|p2a: fook|Earthquake|p1a: Talonflame
|-immune|p1a: Talonflame|[msg]
|
|-end|p2a: fook|move: Taunt
|turn|21
|c|âim watchin anime|oml
|
|move|p1a: Talonflame|Taunt|p2a: fook
|-start|p2a: fook|move: Taunt
|move|p2a: fook|Earthquake|p1a: Talonflame
|-immune|p1a: Talonflame|[msg]
|
|turn|22
|c|âQwazz|im 3 gud
|c|âim watchin anime|roost here
|
|move|p1a: Talonflame|Bulk Up|p1a: Talonflame
|-boost|p1a: Talonflame|atk|1
|-boost|p1a: Talonflame|def|1
|move|p2a: fook|Earthquake|p1a: Talonflame
|-immune|p1a: Talonflame|[msg]
|
|turn|23
|c|âQwazz|its ogre
|c|âim watchin anime|stop
|c|âim watchin anime|let me eq
|c|âim watchin anime|ffs
|c|âQwazz|n
|
|move|p1a: Talonflame|Bulk Up|p1a: Talonflame
|-boost|p1a: Talonflame|atk|1
|-boost|p1a: Talonflame|def|1
|move|p2a: fook|Knock Off|p1a: Talonflame
|-damage|p1a: Talonflame|114\/359
|
|-end|p2a: fook|move: Taunt
|turn|24
|c| Villager B|that's damage
|c|âQwazz|nice n damage
|
|move|p1a: Talonflame|Taunt|p2a: fook
|-start|p2a: fook|move: Taunt
|move|p2a: fook|Earthquake|p1a: Talonflame
|-immune|p1a: Talonflame|[msg]
|
|turn|25
|
|move|p1a: Talonflame|Roost|p1a: Talonflame
|-heal|p1a: Talonflame|294\/359
|move|p2a: fook|Earthquake|p1a: Talonflame
|-supereffective|p1a: Talonflame
|-damage|p1a: Talonflame|136\/359
|
|turn|26
|c|âim watchin anime|nice
|c|âQwazz|yum
|c| Villager B|crit it
|c|âQwazz|n
|c|âim watchin anime|i will
|c|âQwazz|pls n
|c|âim watchin anime|crit ur ass
|
|move|p1a: Talonflame|Bulk Up|p1a: Talonflame
|-boost|p1a: Talonflame|atk|1
|-boost|p1a: Talonflame|def|1
|move|p2a: fook|Earthquake|p1a: Talonflame
|-immune|p1a: Talonflame|[msg]
|
|-end|p2a: fook|move: Taunt
|turn|27
|c|âim watchin anime|rofl
|
|move|p1a: Talonflame|Taunt|p2a: fook
|-start|p2a: fook|move: Taunt
|move|p2a: fook|Earthquake|p1a: Talonflame
|-immune|p1a: Talonflame|[msg]
|
|turn|28
|c|âQwazz|ima pp stall you out of eq
|
|move|p1a: Talonflame|Roost|p1a: Talonflame
|-heal|p1a: Talonflame|316\/359
|move|p2a: fook|Earthquake|p1a: Talonflame
|-supereffective|p1a: Talonflame
|-damage|p1a: Talonflame|170\/359
|
|turn|29
|c|âim watchin anime|im gonna crit u
|c|âim watchin anime|one day
|
|move|p1a: Talonflame|Roost|p1a: Talonflame
|-heal|p1a: Talonflame|350\/359
|move|p2a: fook|Earthquake|p1a: Talonflame
|-supereffective|p1a: Talonflame
|-damage|p1a: Talonflame|200\/359
|
|-end|p2a: fook|move: Taunt
|turn|30
|c|âQwazz|if you do
|c|âQwazz|im gonna cry
|c|âim watchin anime|ok
|
|move|p1a: Talonflame|Taunt|p2a: fook
|-start|p2a: fook|move: Taunt
|cant|p2a: fook|move: Taunt|Swords Dance
|
|turn|31
|c|âim watchin anime|go ahead
|
|move|p1a: Talonflame|Brave Bird|p2a: fook
|-damage|p2a: fook|11\/354 tox
|-damage|p1a: Talonflame|87\/359|[from] recoil|[of] p2a: fook
|move|p2a: fook|Earthquake|p1a: Talonflame
|-immune|p1a: Talonflame|[msg]
|
|-heal|p2a: fook|55\/354 tox|[from] ability: Poison Heal
|turn|32
|c|âim watchin anime|the live
|c|âQwazz|o boy
|c| hashtag fabulous|balk
|c|âQwazz|the sweep is here
|
|move|p1a: Talonflame|Roost|p1a: Talonflame
|-heal|p1a: Talonflame|267\/359
|move|p2a: fook|Earthquake|p1a: Talonflame
|-supereffective|p1a: Talonflame
|-damage|p1a: Talonflame|129\/359
|
|-heal|p2a: fook|99\/354 tox|[from] ability: Poison Heal
|-end|p2a: fook|move: Taunt
|turn|33
|c|âQwazz|fkn
|c|âim watchin anime|can i crit u
|c|âim watchin anime|already
|c| hashtag fabulous|ok crit now
|c|âim watchin anime|ffs
|c|âQwazz|n
|c|âQwazz|dont crit
|c| hashtag fabulous|im callin it
|
|move|p1a: Talonflame|Taunt|p2a: fook
|-start|p2a: fook|move: Taunt
|move|p2a: fook|Knock Off|p1a: Talonflame
|-crit|p1a: Talonflame
|-damage|p1a: Talonflame|0 fnt
|faint|p1a: Talonflame
|
|-heal|p2a: fook|143\/354 tox|[from] ability: Poison Heal
|c|âim watchin anime|ur not
|c|âim watchin anime|shell armor
|c|âQwazz|i wanna sweep you
|c|âim watchin anime|GONE
|c|âQwazz|!!!!!!!!
|c| Villager B|LMAO
|c|âQwazz|IM GONNA KILL MYSELF
|c|âim watchin anime|!DT GLISCOR
|c|~|\/data-pokemon Gliscor
|raw|<font size="1"><font color=#585858>Dex#:<\/font> 472&nbsp;|&ThickSpace;<font color=#585858>Height:<\/font> 2 m&nbsp;|&ThickSpace;<font color=#585858>Weight:<\/font> 42.5 kg <em>(60 BP)<\/em>&nbsp;|&ThickSpace;<font color=#585858>Dex Colour:<\/font> Purple&nbsp;|&ThickSpace;<font color=#585858>Egg Group(s):<\/font> Bug&nbsp;|&ThickSpace;<font color=#585858><font color=#585858>Does Not Evolve<\/font><\/font><\/font>
|c|âim watchin anime|U SEE POISON HEA
|c|âim watchin anime|L
|c|âim watchin anime|THATS NOT ACTUALLY PSN HEAL
|c|âim watchin anime|I HAVE
|c|âim watchin anime|SNIPER
|c| Villager B|totally called it
|
|switch|p1a: Swampert|Swampert, F|403\/403
|turn|34
|c|âim watchin anime|!DT SNIPER
|c|~|\/data-ability Sniper
|raw|<font size="1"><\/font>
|c|âim watchin anime|gone
|c|âQwazz|k check it
|c|âQwazz|i still got this
|c|âim watchin anime|brb checkin it
|
|detailschange|p1a: Swampert|Swampert-Mega, F
|-mega|p1a: Swampert|Swampert|Swampertite
|move|p2a: fook|Earthquake|p1a: Swampert
|-damage|p1a: Swampert|214\/403
|move|p1a: Swampert|Waterfall|p2a: fook
|-supereffective|p2a: fook
|-damage|p2a: fook|0 fnt
|faint|p2a: fook
|
|c| hashtag fabulous|totally predicted that crit tho
|c|âQwazz|1
|c|âQwazz|1
|c|âQwazz|1
|c|âQwazz|1
|c|âQwazz|1
|c|âQwazz|1
|c|âQwazz|!
|c|âim watchin anime|1
|c|âim watchin anime|1
|c|âim watchin anime|1
|c|âim watchin anime|1
|c|âim watchin anime|!
|
|switch|p2a: sunny|Keldeo-Resolute|323\/323
|turn|35
|c|âim watchin anime|now can i burn this fool
|c|âQwazz|k now watch this
|c|âim watchin anime|zzz
|
|move|p2a: sunny|Scald|p1a: Swampert
|-damage|p1a: Swampert|124\/403
|-status|p1a: Swampert|brn
|move|p1a: Swampert|Rest|p1a: Swampert
|-status|p1a: Swampert|slp
|-heal|p1a: Swampert|403\/403 slp|[silent]
|-status|p1a: Swampert|slp|[from] move: Rest
|
|turn|36
|c|âQwazz|YUMMMMMMMMMM
|c|âim watchin anime|is that
|c|âim watchin anime|curse restalk
|c|âim watchin anime|LOL
|c|âim watchin anime|where is my gk mmeta
|c|âQwazz|its ogre
|
|switch|p2a: nedor|Celebi|207\/349
|cant|p1a: Swampert|slp
|move|p1a: Swampert|Sleep Talk|p1a: Swampert
|move|p1a: Swampert|Rest|p1a: Swampert|[from]Sleep Talk
|-fail|p1a: Swampert
|
|turn|37
|c|âim watchin anime|i wish i had
|c|âQwazz|fkn
|c|âQwazz|useless
|c|âim watchin anime|hp
|c|âim watchin anime|fire
|c|âim watchin anime|to hit skarm
|c|âim watchin anime|useless mon
|c|âQwazz|!
|c|âQwazz|o no
|join|Hiye
|
|switch|p1a: Skarmory|Skarmory, M|333\/333
|move|p2a: nedor|Recover|p2a: nedor
|-heal|p2a: nedor|349\/349
|
|turn|38
|c|âim watchin anime|,,
|c|âim watchin anime|nice forcing out
|c| Hiye|!!!!!!!!!!!!!!!!!
|c|âQwazz|ez rox
|c| Hiye|is this ladder
|c|âQwazz|n
|
|switch|p2a: allattack|Heatran, M|385\/385
|move|p1a: Skarmory|Stealth Rock|p2a: allattack
|-sidestart|p2: im watchin anime|move: Stealth Rock
|
|turn|39
|c|âQwazz|tour
|c| Hiye|fk
|c| Hiye|did it just start
|c|âim watchin anime|yes
|c|âim watchin anime|sorta
|c| Hiye|fk
|c|âQwazz|ya
|c|âQwazz|lol
|c|âim watchin anime|~20 mins
|
|switch|p1a: Gothitelle|Gothitelle, M|344\/344 slp
|move|p2a: allattack|Stealth Rock|p1a: Gothitelle
|-sidestart|p1: Qwazz|move: Stealth Rock
|
|turn|40
|c|âim watchin anime|i think
|c| Hiye|dang
|
|move|p2a: allattack|Taunt|p1a: Gothitelle
|-start|p1a: Gothitelle|move: Taunt
|cant|p1a: Gothitelle|slp
|
|turn|41
|c|âQwazz|fk
|c| Villager B|hp ground imo
|c|âim watchin anime|can that stop
|c|âim watchin anime|ty
|
|switch|p1a: Rotom-Wash|Rotom-Wash|208\/304
|-damage|p1a: Rotom-Wash|170\/304|[from] Stealth Rock
|move|p2a: allattack|Lava Plume|p1a: Rotom-Wash
|-resisted|p1a: Rotom-Wash
|-damage|p1a: Rotom-Wash|118\/304
|
|turn|42
|c|âim watchin anime|nigga if thats hp ground goth
|c| Hiye|qwazz upir team is legit aids
|c| Hiye|Your
|c|âQwazz|lol
|c|âQwazz|ik
|c| Hiye|I cant even
|
|switch|p2a: nedor|Celebi|349\/349
|-damage|p2a: nedor|306\/349|[from] Stealth Rock
|move|p1a: Rotom-Wash|Pain Split|p2a: nedor
|-sethp|p2a: nedor|212\/349|p1a: Rotom-Wash|212\/304|[from] move: Pain Split
|
|turn|43
|c|âQwazz|i tried to make a new team
|c|âQwazz|it didnt work
|c| Hiye|whats the meag
|c| Hiye|mega
|c|âQwazz|...
|c|âim watchin anime|swamp
|c|âim watchin anime|];
|c| Hiye|I cant
|c| Hiye|see it
|c|âQwazz|Qwampert4
|c|âim watchin anime|same
|c|âim watchin anime|rofl
|
|switch|p1a: Gothitelle|Gothitelle, M|344\/344 slp
|-damage|p1a: Gothitelle|301\/344 slp|[from] Stealth Rock
|move|p2a: nedor|Psychic|p1a: Gothitelle
|-resisted|p1a: Gothitelle
|-damage|p1a: Gothitelle|242\/344 slp
|-unboost|p1a: Gothitelle|spd|1
|
|-heal|p1a: Gothitelle|263\/344 slp|[from] item: Leftovers
|turn|44
|c| Hiye|Ok good not only me
|c|âQwazz|NO
|c|âQwazz|STAHP
|c|âim watchin anime|http:\/\/prntscr.com\/5w5fvz
|c| Hiye|rekt
|c| hashtag fabulous|the drop
|c|âim watchin anime|destroyed
|c|âim watchin anime|get more drops now
|
|move|p2a: nedor|Psychic|p1a: Gothitelle
|-resisted|p1a: Gothitelle
|-damage|p1a: Gothitelle|173\/344 slp
|-unboost|p1a: Gothitelle|spd|1
|cant|p1a: Gothitelle|slp
|
|-heal|p1a: Gothitelle|194\/344 slp|[from] item: Leftovers
|turn|45
|c| hashtag fabulous|lol
|c|âim watchin anime|EASIEST
|c|âQwazz|WTF
|c|âim watchin anime|GAME
|c|âim watchin anime|OF MY LIFE
|c|âim watchin anime|ZZZZ
|
|switch|p1a: Swampert|Swampert-Mega, F|403\/403 slp
|-damage|p1a: Swampert|378\/403 slp|[from] Stealth Rock
|move|p2a: nedor|Psychic|p1a: Swampert
|-damage|p1a: Swampert|294\/403 slp
|-unboost|p1a: Swampert|spd|1
|
|turn|46
|c|âQwazz|WHat is this fkn
|c|âQwazz|jirachi
|c|âim watchin anime|LOL
|c| hashtag fabulous|gggg
|c|âim watchin anime|IM DYING
|c|âim watchin anime|RN
|
|switch|p1a: Skarmory|Skarmory, M|333\/333
|-damage|p1a: Skarmory|292\/333|[from] Stealth Rock
|move|p2a: nedor|Psychic|p1a: Skarmory
|-resisted|p1a: Skarmory
|-damage|p1a: Skarmory|202\/333
|
|turn|47
|c|âim watchin anime|serene grace celebi
|c|âQwazz|ii swear
|c|âQwazz|if this
|c| Villager B|scarf celebi is the shit
|c|âQwazz|fkn
|
|switch|p2a: allattack|Heatran, M|385\/385
|-damage|p2a: allattack|337\/385|[from] Stealth Rock
|switch|p1a: Gothitelle|Gothitelle, M|194\/344 slp
|-damage|p1a: Gothitelle|151\/344 slp|[from] Stealth Rock
|
|-heal|p2a: allattack|361\/385|[from] item: Leftovers
|-heal|p1a: Gothitelle|172\/344 slp|[from] item: Leftovers
|turn|48
|c|âQwazz|well fk
|c| Hiye|yep
|
|switch|p1a: Rotom-Wash|Rotom-Wash|212\/304
|-damage|p1a: Rotom-Wash|174\/304|[from] Stealth Rock
|move|p2a: allattack|Toxic|p1a: Rotom-Wash
|-status|p1a: Rotom-Wash|tox
|
|-heal|p2a: allattack|385\/385|[from] item: Leftovers
|-damage|p1a: Rotom-Wash|155\/304 tox|[from] psn
|turn|49
|c| Hiye|did swamp die
|c|âim watchin anime|gone
|c|âQwazz|n
|c| Hiye|Wtf
|c| Hiye|swamp sweeps
|
|move|p2a: allattack|Taunt|p1a: Rotom-Wash
|-start|p1a: Rotom-Wash|move: Taunt
|move|p1a: Rotom-Wash|Volt Switch|p2a: allattack
|-damage|p2a: allattack|300\/385
|c|âQwazz|n
|c| Hiye|nvm
|c| Hiye|lol
|c|âQwazz|theres a celebi
|c| Hiye|im not payin attention
|
|switch|p1a: Swampert|Swampert-Mega, F|294\/403 slp
|-damage|p1a: Swampert|269\/403 slp|[from] Stealth Rock
|
|-heal|p2a: allattack|324\/385|[from] item: Leftovers
|turn|50
|c| Villager B|get a fireblast burn as it wake up
|c|âim watchin anime|y
|c|âQwazz|n
|c|âim watchin anime|thats how u win
|
|move|p2a: allattack|Taunt|p1a: Swampert
|-start|p1a: Swampert|move: Taunt
|cant|p1a: Swampert|slp
|cant|p1a: Swampert|move: Taunt|Sleep Talk
|
|-heal|p2a: allattack|348\/385|[from] item: Leftovers
|turn|51
|c|âim watchin anime|:]]]]
|c|âQwazz|fkn
|c| Hiye|rekt af
|c|âQwazz|cancer
|c| Villager B|rekt
|c|âim watchin anime|my team is more cancer than urs
|c|âim watchin anime|;}
|
|switch|p2a: sunny|Keldeo-Resolute|323\/323
|-damage|p2a: sunny|303\/323|[from] Stealth Rock
|-curestatus|p1a: Swampert|slp
|move|p1a: Swampert|Waterfall|p2a: sunny
|-crit|p2a: sunny
|-resisted|p2a: sunny
|-damage|p2a: sunny|186\/323
|
|turn|52
|c| Hiye|n
|c|âim watchin anime|now i just
|c|âim watchin anime|burnspam
|c|âim watchin anime|!!!!
|c| Hiye|nice crit hacker
|c|âQwazz|o no!!
|c|âim watchin anime|since im a lucky n bad player
|
|move|p2a: sunny|Scald|p1a: Swampert
|-crit|p1a: Swampert
|-damage|p1a: Swampert|128\/403
|move|p1a: Swampert|Waterfall|p2a: sunny
|-resisted|p2a: sunny
|-damage|p2a: sunny|107\/323
|
|-end|p1a: Swampert|move: Taunt
|turn|53
|c|âim watchin anime|see
|c| Hiye|LOL
|c|âim watchin anime|i predicted
|c| Hiye|DAMAGE
|c|âim watchin anime|the crit
|c|âim watchin anime|now
|c|âQwazz|k wtf
|c|âim watchin anime|crit again
|c|âim watchin anime|zzz
|c|âQwazz|nty
|
|switch|p2a: allattack|Heatran, M|348\/385
|-damage|p2a: allattack|300\/385|[from] Stealth Rock
|move|p1a: Swampert|Rest|p1a: Swampert
|-status|p1a: Swampert|slp
|-heal|p1a: Swampert|403\/403 slp|[silent]
|-status|p1a: Swampert|slp|[from] move: Rest
|
|-heal|p2a: allattack|324\/385|[from] item: Leftovers
|turn|54
|c|âQwazz|k ima reveal snore
|c|âim watchin anime|i would like a
|
|switch|p1a: Rotom-Wash|Rotom-Wash|155\/304 tox
|-damage|p1a: Rotom-Wash|117\/304 tox|[from] Stealth Rock
|move|p2a: allattack|Taunt|p1a: Rotom-Wash
|-start|p1a: Rotom-Wash|move: Taunt
|
|-heal|p2a: allattack|348\/385|[from] item: Leftovers
|-damage|p1a: Rotom-Wash|98\/304 tox|[from] psn
|turn|55
|c|âim watchin anime|hp grass heatran
|c|âQwazz|why did i
|
|move|p2a: allattack|Lava Plume|p1a: Rotom-Wash
|-resisted|p1a: Rotom-Wash
|-damage|p1a: Rotom-Wash|43\/304 tox
|move|p1a: Rotom-Wash|Hydro Pump|p2a: allattack
|-supereffective|p2a: allattack
|-damage|p2a: allattack|108\/385
|
|-heal|p2a: allattack|132\/385|[from] item: Leftovers
|-damage|p1a: Rotom-Wash|5\/304 tox|[from] psn
|turn|56
|c|âQwazz|m
|c|âim watchin anime|8
|
|switch|p1a: Swampert|Swampert-Mega, F|403\/403 slp
|-damage|p1a: Swampert|378\/403 slp|[from] Stealth Rock
|move|p2a: allattack|Lava Plume|p1a: Swampert
|-resisted|p1a: Swampert
|-damage|p1a: Swampert|341\/403 slp
|
|-heal|p2a: allattack|156\/385|[from] item: Leftovers
|turn|57
|c|âQwazz|ahh
|
|move|p2a: allattack|Taunt|p1a: Swampert
|-start|p1a: Swampert|move: Taunt
|cant|p1a: Swampert|slp
|cant|p1a: Swampert|move: Taunt|Sleep Talk
|
|-heal|p2a: allattack|180\/385|[from] item: Leftovers
|turn|58
|c|âQwazz|o no!
|
|switch|p2a: meteordash|Metagross|301\/301
|-damage|p2a: meteordash|283\/301|[from] Stealth Rock
|cant|p1a: Swampert|slp
|
|turn|59
|c| Hiye|qaz u sux
|c|âim watchin anime|hp fire
|c|âQwazz|nig this wouyld've been 9000% easier if i didnt get rit
|
|switch|p1a: Rotom-Wash|Rotom-Wash|5\/304 tox
|-damage|p1a: Rotom-Wash|0 fnt|[from] Stealth Rock
|faint|p1a: Rotom-Wash
|detailschange|p2a: meteordash|Metagross-Mega
|-mega|p2a: meteordash|Metagross|Metagrossite
|move|p2a: meteordash|Zen Headbutt|p1: Rotom-Wash|[notarget]
|-notarget
|
|c| Hiye|tpunch imo
|
|switch|p1a: Skarmory|Skarmory, M|202\/333
|-damage|p1a: Skarmory|161\/333|[from] Stealth Rock
|turn|60
|c|âQwazz|if youre t punch
|c|âQwazz|ima cry
|c|âim watchin anime|im not
|c|âim watchin anime|];
|c|âQwazz|!!!
|c|âim watchin anime|eat zen tho
|c|âim watchin anime|imma flinch
|c|âQwazz|nty
|
|switch|p2a: allattack|Heatran, M|180\/385
|-damage|p2a: allattack|132\/385|[from] Stealth Rock
|move|p1a: Skarmory|Roost|p1a: Skarmory
|-heal|p1a: Skarmory|328\/333
|
|-heal|p2a: allattack|156\/385|[from] item: Leftovers
|turn|61
|c|âQwazz|eat swamperts balls
|
|switch|p1a: Swampert|Swampert-Mega, F|341\/403 slp
|-damage|p1a: Swampert|316\/403 slp|[from] Stealth Rock
|move|p2a: allattack|Lava Plume|p1a: Swampert
|-crit|p1a: Swampert
|-resisted|p1a: Swampert
|-damage|p1a: Swampert|250\/403 slp
|
|-heal|p2a: allattack|180\/385|[from] item: Leftovers
|turn|62
|c|âim watchin anime|eat double
|c|âQwazz|k
|c|âQwazz|wtf
|
|move|p2a: allattack|Taunt|p1a: Swampert
|-start|p1a: Swampert|move: Taunt
|-curestatus|p1a: Swampert|slp
|move|p1a: Swampert|Waterfall|p2a: allattack
|-supereffective|p2a: allattack
|-damage|p2a: allattack|0 fnt
|faint|p2a: allattack
|
|c|âQwazz|why is my luck so aids
|c|âQwazz|!!!!
|c|âim watchin anime|fuk i failed
|c|âim watchin anime|LOL
|c|âim watchin anime|i wish i was cm clef
|c|âim watchin anime|this woulda ended
|c|âim watchin anime|faster
|c|âQwazz|it woulda ended
|c|âQwazz|if you didnt crit
|
|switch|p2a: meteordash|Metagross-Mega|283\/301
|-damage|p2a: meteordash|265\/301|[from] Stealth Rock
|turn|63
|c|âim watchin anime|im lucky so w\/e
|c|âim watchin anime|:]
|c|âQwazz|k miss
|c|âQwazz|real quick
|c|âim watchin anime|kk
|c| Villager B|there's no "would" , because luck is a skill
|
|switch|p1a: Skarmory|Skarmory, M|328\/333
|-damage|p1a: Skarmory|287\/333|[from] Stealth Rock
|move|p2a: meteordash|Zen Headbutt|p1a: Skarmory
|-resisted|p1a: Skarmory
|-damage|p1a: Skarmory|227\/333
|
|turn|64
|c|âQwazz|uh hello>
|c|âim watchin anime|where is my hammer arm
|c|âQwazz|yum
|
|move|p2a: meteordash|Zen Headbutt|p1a: Skarmory
|-resisted|p1a: Skarmory
|-damage|p1a: Skarmory|173\/333
|move|p1a: Skarmory|Defog|p2a: meteordash
|-unboost|p2a: meteordash|evasion|1
|-sideend|p2: im watchin anime|Stealth Rock|[from] move: Defog|[of] p2a: meteordash
|-sideend|p1: Qwazz|Stealth Rock|[from] move: Defog|[of] p1a: Skarmory
|
|turn|65
|
|move|p2a: meteordash|Zen Headbutt|p1a: Skarmory
|-resisted|p1a: Skarmory
|-damage|p1a: Skarmory|119\/333
|move|p1a: Skarmory|Roost|p1a: Skarmory
|-heal|p1a: Skarmory|286\/333
|
|turn|66
|c|âQwazz|good thing i lowered your evasion!
|c|âim watchin anime|its all fun n games til i get boosts
|c|âQwazz|now brave bird wont miss!
|
|move|p2a: meteordash|Meteor Mash|p1a: Skarmory
|-resisted|p1a: Skarmory
|-damage|p1a: Skarmory|218\/333
|move|p1a: Skarmory|Stealth Rock|p2a: meteordash
|-sidestart|p2: im watchin anime|move: Stealth Rock
|
|turn|67
|c|âQwazz|no boosts
|c|âQwazz|pls
|
|move|p2a: meteordash|Meteor Mash|p1a: Skarmory
|-resisted|p1a: Skarmory
|-damage|p1a: Skarmory|146\/333
|move|p1a: Skarmory|Roost|p1a: Skarmory
|-heal|p1a: Skarmory|313\/333
|
|turn|68
|join|Dallasboi1992
|c|âim watchin anime|im gonna get it
|c|âim watchin anime|__soon__
|c| Hiye|the coonter
|c|âQwazz|i once lost the finals of a tour because they got 5\/7 meteor mash boosts vs skarm
|c|âim watchin anime|rofl
|c| Hiye|coontterrrr
|
|move|p2a: meteordash|Meteor Mash|p1a: Skarmory
|-resisted|p1a: Skarmory
|-damage|p1a: Skarmory|241\/333
|move|p1a: Skarmory|Counter|p2a: meteordash
|-damage|p2a: meteordash|121\/301
|
|turn|69
|c| Hiye|coonnnterrrr
|c| Dallasboi1992|I remember you talking about that. :P
|c| Hiye|see
|c|âim watchin anime|o
|c|âim watchin anime|rip
|c| Hiye|coonter
|c| Hiye|coonter
|c|âQwazz|poppeed af
|c| Hiye|COONTER
|
|move|p2a: meteordash|Earthquake|p1a: Skarmory
|-immune|p1a: Skarmory|[msg]
|move|p1a: Skarmory|Roost|p1a: Skarmory
|-heal|p1a: Skarmory|333\/333
|
|turn|70
|c| Hiye|lol wat
|c|âim watchin anime|idk
|c|âim watchin anime|rofl
|c| Dallasboi1992|Counter mind games
|c|âQwazz|!
|
|move|p2a: meteordash|Earthquake|p1a: Skarmory
|-immune|p1a: Skarmory|[msg]
|move|p1a: Skarmory|Counter|p2a: meteordash
|-fail|p2a: meteordash
|
|turn|71
|c| Hiye|nig your not stalling out 32 counters
|c|âim watchin anime|i am
|c|âim watchin anime|:]]]]]]]
|c| Hiye|k
|c|âQwazz|my pp is much larger than yours!
|c| Dallasboi1992|pause
|c|âim watchin anime|i just ah
|
|switch|p2a: cynde|Clefable, F|394\/394
|-damage|p2a: cynde|345\/394|[from] Stealth Rock
|move|p1a: Skarmory|Counter|p2a: cynde
|-fail|p2a: cynde
|
|-heal|p2a: cynde|369\/394|[from] item: Leftovers
|turn|72
|c|âim watchin anime|gotta do this
|c|âQwazz|ok
|c| Villager B|what is that even gonna do
|c|âQwazz|nothing
|c|âQwazz|at all
|join|Stannis Metagross
|
|switch|p1a: Swampert|Swampert-Mega, F|250\/403
|switch|p2a: meteordash|Metagross-Mega|121\/301
|-damage|p2a: meteordash|103\/301|[from] Stealth Rock
|
|turn|73
|c|âQwazz|k
|c|âQwazz|thats fine
|c| Dallasboi1992|miss
|
|switch|p1a: Skarmory|Skarmory, M|333\/333
|move|p2a: meteordash|Zen Headbutt|p1a: Skarmory
|-resisted|p1a: Skarmory
|-damage|p1a: Skarmory|279\/333
|
|turn|74
|c|âim watchin anime|flinch
|c|âim watchin anime|,,
|c|âQwazz|rox will wear you down
|
|switch|p2a: cynde|Clefable, F|369\/394
|-damage|p2a: cynde|320\/394|[from] Stealth Rock
|move|p1a: Skarmory|Counter|p2a: cynde
|-fail|p2a: cynde
|
|-heal|p2a: cynde|344\/394|[from] item: Leftovers
|turn|75
|
|switch|p1a: Swampert|Swampert-Mega, F|250\/403
|move|p2a: cynde|Wish|p2a: cynde
|
|-heal|p2a: cynde|368\/394|[from] item: Leftovers
|turn|76
|c|âQwazz|o pls
|c|âim watchin anime|lmoa
|c|âQwazz|go to meta
|c|âim watchin anime|time 2 crit fish
|
|switch|p2a: sunny|Keldeo-Resolute|107\/323
|-damage|p2a: sunny|87\/323|[from] Stealth Rock
|move|p1a: Swampert|Waterfall|p2a: sunny
|-resisted|p2a: sunny
|-damage|p2a: sunny|8\/323
|
|-heal|p2a: sunny|205\/323|[from] move: Wish|[wisher] cynde
|turn|77
|c|âQwazz|fk
|c|âQwazz|use hydro
|c|âim watchin anime|k
|c|âQwazz|it 2hkos
|
|move|p2a: sunny|Scald|p1a: Swampert
|-damage|p1a: Swampert|160\/403
|move|p1a: Swampert|Rest|p1a: Swampert
|-status|p1a: Swampert|slp
|-heal|p1a: Swampert|403\/403 slp|[silent]
|-status|p1a: Swampert|slp|[from] move: Rest
|
|turn|78
|c|âQwazz|nice damage
|c|âim watchin anime|tyty
|c|âQwazz|RIP you
|
|switch|p2a: cynde|Clefable, F|368\/394
|-damage|p2a: cynde|319\/394|[from] Stealth Rock
|cant|p1a: Swampert|slp
|move|p1a: Swampert|Sleep Talk|p1a: Swampert
|move|p1a: Swampert|Waterfall|p2a: cynde|[from]Sleep Talk
|-crit|p2a: cynde
|-damage|p2a: cynde|132\/394
|
|-heal|p2a: cynde|156\/394|[from] item: Leftovers
|turn|79
|c|âQwazz|2015
|join|LordRay
|c|âQwazz|popped
|c|âim watchin anime|im cute charm clef pls dont hurt me
|c|âim watchin anime|];
|c|âQwazz|k
|
|cant|p1a: Swampert|slp
|move|p1a: Swampert|Sleep Talk|p1a: Swampert
|move|p1a: Swampert|Curse|p1a: Swampert|[from]Sleep Talk
|-boost|p1a: Swampert|atk|1
|-boost|p1a: Swampert|def|1
|-unboost|p1a: Swampert|spe|1
|move|p2a: cynde|Wish|p2a: cynde
|
|-heal|p2a: cynde|180\/394|[from] item: Leftovers
|turn|80
|c|âQwazz|fkn
|c|âQwazz|why
|c|âim watchin anime|idk ]:
|c| Villager B|oh shit it's curse pert wtf
|c|âQwazz|lol
|
|move|p2a: cynde|Moonblast|p1a: Swampert
|-damage|p1a: Swampert|333\/403 slp
|-curestatus|p1a: Swampert|slp
|move|p1a: Swampert|Waterfall|p2a: cynde
|-damage|p2a: cynde|54\/394
|
|-heal|p2a: cynde|251\/394|[from] move: Wish|[wisher] cynde
|-heal|p2a: cynde|275\/394|[from] item: Leftovers
|turn|81
|c| Hiye|unware
|c| Hiye|np[
|c| Hiye|bp
|c| Villager B|tosixcroak = OU mandatory imo
|c| Hiye|bop
|c|âQwazz|fkn weak
|
|switch|p1a: Gothitelle|Gothitelle, M|172\/344 slp
|move|p2a: cynde|Moonblast|p1a: Gothitelle
|-damage|p1a: Gothitelle|81\/344 slp
|-unboost|p1a: Gothitelle|spa|1
|
|-heal|p1a: Gothitelle|102\/344 slp|[from] item: Leftovers
|-heal|p2a: cynde|299\/394|[from] item: Leftovers
|turn|82
|c|âim watchin anime|]:
|c|âQwazz|yaya
|
|-curestatus|p1a: Gothitelle|slp
|move|p1a: Gothitelle|Taunt|p2a: cynde
|-start|p2a: cynde|move: Taunt
|move|p2a: cynde|Moonblast|p1a: Gothitelle
|-damage|p1a: Gothitelle|11\/344
|
|-heal|p1a: Gothitelle|32\/344|[from] item: Leftovers
|-heal|p2a: cynde|323\/394|[from] item: Leftovers
|turn|83
|c|âim watchin anime|goth is my fav mon ngl
|c|âQwazz|!!!!
|c| Hiye|who uses gard
|c| Hiye|goth*
|
|move|p1a: Gothitelle|Rest|p1a: Gothitelle
|-status|p1a: Gothitelle|slp
|-heal|p1a: Gothitelle|344\/344 slp|[silent]
|-status|p1a: Gothitelle|slp|[from] move: Rest
|move|p2a: cynde|Moonblast|p1a: Gothitelle
|-damage|p1a: Gothitelle|253\/344 slp
|-unboost|p1a: Gothitelle|spa|1
|
|-heal|p1a: Gothitelle|274\/344 slp|[from] item: Leftovers
|-heal|p2a: cynde|347\/394|[from] item: Leftovers
|turn|84
|c|âQwazz|me
|c| Hiye|wierdo
|c|âim watchin anime|but
|c|âim watchin anime|i dont fukn use it
|c|âim watchin anime|rofl
|c| Villager B|i dont use this aids set on goth though
|
|cant|p1a: Gothitelle|slp
|move|p2a: cynde|Moonblast|p1a: Gothitelle
|-damage|p1a: Gothitelle|180\/344 slp
|
|-heal|p1a: Gothitelle|201\/344 slp|[from] item: Leftovers
|-heal|p2a: cynde|371\/394|[from] item: Leftovers
|-end|p2a: cynde|move: Taunt
|turn|85
|c|âQwazz|lol
|c| Dallasboi1992|Gothitelle is useful for trapping and eliminating things for stall to operate
|c|âim watchin anime|aids set on goth is the best set
|c|âim watchin anime|js
|c|âQwazz|ya
|c| Hiye|it could be used the other way too
|
|cant|p1a: Gothitelle|slp
|move|p2a: cynde|Moonblast|p1a: Gothitelle
|-damage|p1a: Gothitelle|105\/344 slp
|
|-heal|p1a: Gothitelle|126\/344 slp|[from] item: Leftovers
|-heal|p2a: cynde|394\/394|[from] item: Leftovers
|turn|86
|c|âQwazz|i needed a mon to beat key mons in stall
|c| Hiye|to get rid of stall
|
|-curestatus|p1a: Gothitelle|slp
|move|p1a: Gothitelle|Taunt|p2a: cynde
|-start|p2a: cynde|move: Taunt
|move|p2a: cynde|Moonblast|p1a: Gothitelle
|-crit|p1a: Gothitelle
|-damage|p1a: Gothitelle|0 fnt
|faint|p1a: Gothitelle
|
|c| Dallasboi1992|Trick, Rest, Tbolt, Psyshock\/Psychic
|c| Hiye|YES
|c|âim watchin anime|gone
|c|âQwazz|!!!!!!!!!!!!!!!!!!!!!
|c| Hiye|YESSS
|c| Hiye|YESSSSSSSSSSSSSSSSSSSSSS
|c|âQwazz|WHY ME
|c|âQwazz|WHY
|
|switch|p1a: Swampert|Swampert-Mega, F|333\/403
|turn|87
|c| Hiye|YESSSSSSSSSSSSSSSSSSSSSSSSSSSSSSSSSSSSSSSSSSSSSSSSSSSSSSSSSSSSSSSSSSSSSSSS
|c|âim watchin anime|IM THE GR8TEST HAXIN FUK
|c| hashtag fabulous|crits 4 days
|c|âim watchin anime|IN EXISTENCE
|c| Hiye|u lost qwazz lol ur bad
|c|âQwazz|k its ez as 1 2 6
|
|switch|p2a: nedor|Celebi|212\/349
|-damage|p2a: nedor|169\/349|[from] Stealth Rock
|move|p1a: Swampert|Waterfall|p2a: nedor
|-resisted|p2a: nedor
|-damage|p2a: nedor|106\/349
|
|turn|88
|c|âQwazz|watch n learn
|
|move|p2a: nedor|Recover|p2a: nedor
|-heal|p2a: nedor|281\/349
|move|p1a: Swampert|Waterfall|p2a: nedor
|-resisted|p2a: nedor
|-damage|p2a: nedor|215\/349
|
|turn|89
|c| hashtag fabulous|stay in if real
|c| Dallasboi1992|It could be worse. You could lose by your opponent getting 5\/8 Meteor Mash boosts
|c|âQwazz|popped
|c|âQwazz|lol
|join|AllAttack
|
|move|p2a: nedor|Recover|p2a: nedor
|-heal|p2a: nedor|349\/349
|move|p1a: Swampert|Waterfall|p2a: nedor
|-resisted|p2a: nedor
|-damage|p2a: nedor|283\/349
|
|turn|90
|c|âim watchin anime|!dt meteor mash
|c|~|\/data-move Meteor Mash
|raw|<font size="1"><font color=#585858>Priority:<\/font> 0&nbsp;|&ThickSpace;<font color=#585858><font color=black>&#10003; Secondary effect<\/font><\/font>&nbsp;|&ThickSpace;<font color=#585858><font color=black>&#10003; Contact<\/font><\/font>&nbsp;|&ThickSpace;<font color=#585858><font color=black>&#10003; Blocked by Protect<\/font><\/font>&nbsp;|&ThickSpace;<font color=#585858><font color=black>&#10003; Punch<\/font><\/font>&nbsp;|&ThickSpace;<font color=#585858>Target:<\/font> One Adjacent Pokemon<\/font>
|c| AllAttack|hai
|c|âim watchin anime|hi
|c|âim watchin anime|allattack u died
|c|âim watchin anime|]:
|c| AllAttack|:]
|c| AllAttack|I wasp laying football
|
|switch|p2a: cynde|Clefable, F|394\/394
|-damage|p2a: cynde|345\/394|[from] Stealth Rock
|move|p1a: Swampert|Curse|p1a: Swampert
|-boost|p1a: Swampert|atk|1
|-boost|p1a: Swampert|def|1
|-unboost|p1a: Swampert|spe|1
|
|-heal|p2a: cynde|369\/394|[from] item: Leftovers
|turn|91
|c|âQwazz|1!!!
|c|âim watchin anime|nice
|c| AllAttack|>curse
|c|âQwazz|cursepert is only pet
|c|âQwazz|pert
|c|âim watchin anime|ive been
|c|âim watchin anime|haxin him
|c|âim watchin anime|all game
|c|âQwazz|lmao
|c| AllAttack|it's not like u have unaware clef
|c| AllAttack|or anything
|
|move|p2a: cynde|Moonblast|p1a: Swampert
|-damage|p1a: Swampert|261\/403
|move|p1a: Swampert|Waterfall|p2a: cynde
|-damage|p2a: cynde|261\/394
|
|-heal|p2a: cynde|285\/394|[from] item: Leftovers
|turn|92
|c|âim watchin anime|we will
|c|âQwazz|mmm
|c|âim watchin anime|pp stall
|c|âQwazz|big damage
|c|âim watchin anime|eachother
|c| hashtag fabulous|this battle is so cancerous
|c| AllAttack|now cm
|c| AllAttack|to annoy
|c|âim watchin anime|i dont have cm
|c|âim watchin anime|rofl
|c| AllAttack|:[
|c|âim watchin anime|this is aroma
|join|halo
|
|move|p2a: cynde|Protect|p2a: cynde
|-singleturn|p2a: cynde|Protect
|move|p1a: Swampert|Curse|p1a: Swampert
|-boost|p1a: Swampert|atk|1
|-boost|p1a: Swampert|def|1
|-unboost|p1a: Swampert|spe|1
|
|-heal|p2a: cynde|309\/394|[from] item: Leftovers
|turn|93
|c|âQwazz|popped
|
|move|p2a: cynde|Wish|p2a: cynde
|move|p1a: Swampert|Rest|p1a: Swampert
|-status|p1a: Swampert|slp
|-heal|p1a: Swampert|403\/403 slp|[silent]
|-status|p1a: Swampert|slp|[from] move: Rest
|
|-heal|p2a: cynde|333\/394|[from] item: Leftovers
|turn|94
|c|âim watchin anime|mm  if i had amoonbro + clef + quag
|c|âQwazz|k heres the moment of truth
|c|âim watchin anime|and water absorb
|c| Hiye|back
|c|âim watchin anime|yumme
|c|âQwazz|thats what goth is for
|
|move|p2a: cynde|Moonblast|p1a: Swampert
|-damage|p1a: Swampert|331\/403 slp
|-unboost|p1a: Swampert|spa|1
|cant|p1a: Swampert|slp
|move|p1a: Swampert|Sleep Talk|p1a: Swampert
|move|p1a: Swampert|Rest|p1a: Swampert|[from]Sleep Talk
|-fail|p1a: Swampert
|
|-heal|p2a: cynde|394\/394|[from] move: Wish|[wisher] cynde
|turn|95
|c|âim watchin anime|shed shell
|c|âim watchin anime|:]
|c|âQwazz|useless nigerian
|c| Hiye|!
|c| Hiye|nigerian
|
|move|p2a: cynde|Moonblast|p1a: Swampert
|-damage|p1a: Swampert|256\/403 slp
|-unboost|p1a: Swampert|spa|1
|cant|p1a: Swampert|slp
|
|turn|96
|c|âim watchin anime|lmoa
|c|âQwazz|the hax
|c|âQwazz|is here
|c| Hiye|wow conserving pp
|c| Hiye|like a nig
|c| Hiye|why are you not going to celebi
|c|âim watchin anime|i dont have
|c|âim watchin anime|giga
|
|move|p2a: cynde|Protect|p2a: cynde
|-singleturn|p2a: cynde|Protect
|-curestatus|p1a: Swampert|slp
|move|p1a: Swampert|Curse|p1a: Swampert
|-boost|p1a: Swampert|atk|1
|-boost|p1a: Swampert|def|1
|-unboost|p1a: Swampert|spe|1
|
|turn|97
|c|âim watchin anime|lmoa
|c|âQwazz|lol
|c| Hiye|WTF
|c|âQwazz|its ogre
|c|âQwazz|you're done for
|c| Hiye|ya
|c|âim watchin anime|i meant to put it on
|c|âim watchin anime|instead of recover
|c|âim watchin anime|lmao
|c| Hiye|does it have psychic
|c|âim watchin anime|ye
|
|move|p2a: cynde|Aromatherapy|p2a: cynde
|-cureteam|p2a: cynde|[from] move: Aromatherapy
|move|p1a: Swampert|Curse|p1a: Swampert
|-boost|p1a: Swampert|atk|1
|-boost|p1a: Swampert|def|1
|-unboost|p1a: Swampert|spe|1
|
|turn|98
|c| Hiye|im p sure celebi can tank waterfalls
|c|âQwazz|not at +6
|c|âim watchin anime|im just
|c| AllAttack|not +4
|c| Villager B|not +6 no
|c|âim watchin anime|fuckin around
|c|âim watchin anime|at this stage
|c|âim watchin anime|honestly
|c| AllAttack|it would 2hko
|c| AllAttack|6*
|
|move|p2a: cynde|Protect|p2a: cynde
|-singleturn|p2a: cynde|Protect
|move|p1a: Swampert|Curse|p1a: Swampert
|-boost|p1a: Swampert|atk|1
|-boost|p1a: Swampert|def|1
|-unboost|p1a: Swampert|spe|1
|
|turn|99
|c|âQwazz|!!!
|join|RayDalio
|c|âim watchin anime|!dt watefall
No Pokemon, item, move, ability or nature named 'watefall' was found. Showing the data of 'Waterfall' instead.
|c|~|\/data-move Waterfall
|raw|<font size="1"><font color=#585858>Priority:<\/font> 0&nbsp;|&ThickSpace;<font color=#585858><font color=black>&#10003; Secondary effect<\/font><\/font>&nbsp;|&ThickSpace;<font color=#585858><font color=black>&#10003; Contact<\/font><\/font>&nbsp;|&ThickSpace;<font color=#585858><font color=black>&#10003; Blocked by Protect<\/font><\/font>&nbsp;|&ThickSpace;<font color=#585858>Target:<\/font> One Adjacent Pokemon<\/font>
|c|âim watchin anime|k u used 11
|c|âim watchin anime|just gotta ah
|c|âim watchin anime|pp stall
|c|âQwazz|kk
|
|move|p2a: cynde|Moonblast|p1a: Swampert
|-crit|p1a: Swampert
|-damage|p1a: Swampert|144\/403
|move|p1a: Swampert|Curse|p1a: Swampert
|-boost|p1a: Swampert|atk|1
|-boost|p1a: Swampert|def|1
|-unboost|p1a: Swampert|spe|1
|
|turn|100
|c|âQwazz|!dt wtf
No Pokemon, item, move, ability or nature named 'wtf' was found. (Check your spelling?)
|c| Hiye|ur celebi is phys def pls
|c|âim watchin anime|im 2 gud
|c|âim watchin anime|at hax
|c|âim watchin anime|in
|c|âim watchin anime|g
|c|âQwazz|do you see that damage
|c|âim watchin anime|garbage otherwise
|c|âQwazz|a xrit does 28%
|
|move|p2a: cynde|Moonblast|p1a: Swampert
|-damage|p1a: Swampert|71\/403
|move|p1a: Swampert|Rest|p1a: Swampert
|-status|p1a: Swampert|slp
|-heal|p1a: Swampert|403\/403 slp|[silent]
|-status|p1a: Swampert|slp|[from] move: Rest
|
|turn|101
|c| Hiye|nig a keldeo crit did 35
|c|âQwazz|we're talkin
|c|âQwazz|god squad here
|
|switch|p2a: sunny|Keldeo-Resolute|205\/323
|-damage|p2a: sunny|185\/323|[from] Stealth Rock
|cant|p1a: Swampert|slp
|
|turn|102
|c|âQwazz|!!!
|c|âim watchin anime|!!!
|c| Hiye|time for rits
|c| Hiye|crits
|c| Villager B|crit hydro 4days
|c|âQwazz|n
|
|switch|p2a: cynde|Clefable, F|394\/394
|-damage|p2a: cynde|345\/394|[from] Stealth Rock
|cant|p1a: Swampert|slp
|move|p1a: Swampert|Sleep Talk|p1a: Swampert
|move|p1a: Swampert|Rest|p1a: Swampert|[from]Sleep Talk
|-fail|p1a: Swampert
|
|-heal|p2a: cynde|369\/394|[from] item: Leftovers
|turn|103
|c| Hiye|wtf
|c|âim watchin anime|lmoa
|c| AllAttack|now
|c| AllAttack|switch
|c| AllAttack|and he gets rest
|c| AllAttack|preserve pp
|c|âQwazz|hes gonna switch back n forth with the occasionaly recover\/ wish imo
|c| Villager B|switch made no sense
|c|âim watchin anime|im makin him
|c|âim watchin anime|deplete his
|c|âim watchin anime|sleep talks
|c|âim watchin anime|:]
|
|move|p2a: cynde|Aromatherapy|p2a: cynde
|-cureteam|p2a: cynde|[from] move: Aromatherapy
|-curestatus|p1a: Swampert|slp
|move|p1a: Swampert|Curse|p1a: Swampert
|
|-heal|p2a: cynde|393\/394|[from] item: Leftovers
|turn|104
|join|JC Frost
|c| Stannis Metagross|for fucks sakes
|join|beppityboopbop
|c| Hiye|he doesn't have to sleep talk
|c|âQwazz|lmfao this is still my first match
|c| Hiye|on cclef
|c| Stannis Metagross|get this battle the fuck over with
|c|âim watchin anime|we're tryna
|c|âim watchin anime|pp stall
|c|âim watchin anime|:I
|
|move|p2a: cynde|Moonblast|p1a: Swampert
|-damage|p1a: Swampert|334\/403
|move|p1a: Swampert|Curse|p1a: Swampert
|
|-heal|p2a: cynde|394\/394|[from] item: Leftovers
|turn|105
|c| Hiye|thisll be a clean 150 turns
|c| beppityboopbop|oml curse pert
|c| Villager B|46 more turns
|c| beppityboopbop|qwazz
|c|âQwazz|o fk
|c| beppityboopbop|wut
|c|âQwazz|theres the 150 turn rule
|c| Hiye|ya
|c|âim watchin anime|ye
|c| Hiye|and you have 2 pokes
|c| beppityboopbop|is that unaware clef
|c|âQwazz|totally forgot
|c| Hiye|LOL
|c|âim watchin anime|lmoa
|c|âQwazz|i would win if that wasn't a rule
|c|âim watchin anime|^
|c| Hiye|ik u lost
|c|âQwazz|but im not gonna waste the time
|c| Hiye|ur horrible
|c| Hiye|LOL
|c|âim watchin anime|rofl
|-message|Qwazz forfeited.
|c| Hiye|LOOOOOOOOOOOOOOL
|leave|JC Frost
|c| Hiye|YOIUR SO BAD
|c|âim watchin anime|im a haxin
|c|âim watchin anime|fgt
|
|win|im watchin anime