|join|Qwazz
|join|Qwazz's Bitch
|player|p1|Qwazz|101
|player|p2|Qwazz's Bitch|232
|gametype|singles
|gen|6
|tier|OU
|clearpoke
|poke|p1|Altaria, F
|poke|p1|Victini
|poke|p1|Gliscor, M
|poke|p1|Starmie
|poke|p1|Ferrothorn, F
|poke|p1|Tyranitar, M
|poke|p2|Mew
|poke|p2|Ferrothorn, M
|poke|p2|Landorus-Therian, M
|poke|p2|Azumarill, M
|poke|p2|Heatran, M
|poke|p2|Thundurus-Therian, M
|rule|Swagger Clause: Swagger is banned
|rule|Baton Pass Clause: Limit one PokÃ©mon knowing Baton Pass
|rule|Sleep Clause Mod: Limit one foe put to sleep
|rule|Species Clause: Limit one of each PokÃ©mon
|rule|OHKO Clause: OHKO moves are banned
|rule|Moody Clause: Moody is banned
|rule|Evasion Moves Clause: Evasion moves are banned
|rule|Endless Battle Clause: Forcing endless battles is banned
|rule|HP Percentage Mod: HP is shown in percentages
|teampreview
|c|âQwazz's Bitch|glhf
|join|The good lesbian
|
|start
|switch|p1a: Gliscor|Gliscor, M|352\/352
|switch|p2a: Mew|Mew|404\/404
|turn|1
|
|switch|p1a: Altaria|Altaria, F|345\/345
|move|p2a: Mew|Will-O-Wisp|p1a: Altaria
|-status|p1a: Altaria|brn
|
|-damage|p1a: Altaria|302\/345 brn|[from] brn
|turn|2
|join|Time Stall
|
|switch|p1a: Gliscor|Gliscor, M|352\/352
|move|p2a: Mew|Taunt|p1a: Gliscor
|-start|p1a: Gliscor|move: Taunt
|
|-status|p1a: Gliscor|tox|[from] item: Toxic Orb
|turn|3
|
|move|p2a: Mew|Knock Off|p1a: Gliscor
|-damage|p1a: Gliscor|292\/352 tox
|-enditem|p1a: Gliscor|Toxic Orb|[from] move: Knock Off|[of] p2a: Mew
|move|p1a: Gliscor|Knock Off|p2a: Mew
|-supereffective|p2a: Mew
|-damage|p2a: Mew|286\/404
|-enditem|p2a: Mew|Leftovers|[from] move: Knock Off|[of] p1a: Gliscor
|
|-heal|p1a: Gliscor|336\/352 tox|[from] ability: Poison Heal
|turn|4
|
|switch|p2a: Thundurus-Therian|Thundurus-Therian, M|299\/299
|switch|p1a: Tyranitar|Tyranitar, M|341\/341
|-weather|Sandstorm
|
|-weather|Sandstorm|[upkeep]
|-damage|p2a: Thundurus-Therian|281\/299|[from] sandstorm
|turn|5
|join|FlyingSunray
|
|move|p1a: Tyranitar|Stone Edge|p2a: Thundurus-Therian
|-supereffective|p2a: Thundurus-Therian
|-damage|p2a: Thundurus-Therian|0 fnt
|faint|p2a: Thundurus-Therian
|
|-weather|Sandstorm|[upkeep]
|
|switch|p2a: Mew|Mew|286\/404
|turn|6
|
|switch|p1a: Gliscor|Gliscor, M|336\/352 tox
|switch|p2a: Azumarill|Azumarill, M|403\/403
|
|-weather|Sandstorm|[upkeep]
|-damage|p2a: Azumarill|378\/403|[from] sandstorm
|-heal|p1a: Gliscor|352\/352 tox|[from] ability: Poison Heal
|turn|7
|
|move|p1a: Gliscor|Knock Off|p2a: Azumarill
|-resisted|p2a: Azumarill
|-damage|p2a: Azumarill|331\/403
|-enditem|p2a: Azumarill|Choice Band|[from] move: Knock Off|[of] p1a: Gliscor
|move|p2a: Azumarill|Superpower|p1a: Gliscor
|-resisted|p1a: Gliscor
|-damage|p1a: Gliscor|287\/352 tox
|-unboost|p2a: Azumarill|atk|1
|-unboost|p2a: Azumarill|def|1
|
|-weather|Sandstorm|[upkeep]
|-damage|p2a: Azumarill|306\/403|[from] sandstorm
|-heal|p1a: Gliscor|331\/352 tox|[from] ability: Poison Heal
|turn|8
|join|Trzuma
|leave|Trzuma
|
|switch|p2a: Ferrothorn|Ferrothorn, M|352\/352
|move|p1a: Gliscor|Stealth Rock|p2a: Ferrothorn
|-sidestart|p2: Qwazz's Bitch|move: Stealth Rock
|
|-weather|none
|-heal|p1a: Gliscor|352\/352 tox|[from] ability: Poison Heal
|turn|9
|
|move|p1a: Gliscor|Taunt|p2a: Ferrothorn
|-start|p2a: Ferrothorn|move: Taunt
|cant|p2a: Ferrothorn|move: Taunt|Stealth Rock
|
|turn|10
|
|move|p1a: Gliscor|Knock Off|p2a: Ferrothorn
|-damage|p2a: Ferrothorn|308\/352
|-damage|p1a: Gliscor|308\/352 tox|[from] ability: Iron Barbs|[of] p2a: Ferrothorn
|-enditem|p2a: Ferrothorn|Leftovers|[from] move: Knock Off|[of] p1a: Gliscor
|move|p2a: Ferrothorn|Gyro Ball|p1a: Gliscor
|-damage|p1a: Gliscor|178\/352 tox
|
|-heal|p1a: Gliscor|222\/352 tox|[from] ability: Poison Heal
|turn|11
|
|move|p1a: Gliscor|Roost|p1a: Gliscor
|-heal|p1a: Gliscor|352\/352 tox
|move|p2a: Ferrothorn|Gyro Ball|p1a: Gliscor
|-damage|p1a: Gliscor|210\/352 tox
|
|-heal|p1a: Gliscor|254\/352 tox|[from] ability: Poison Heal
|-end|p2a: Ferrothorn|move: Taunt
|turn|12
|
|move|p1a: Gliscor|Taunt|p2a: Ferrothorn
|-start|p2a: Ferrothorn|move: Taunt
|move|p2a: Ferrothorn|Gyro Ball|p1a: Gliscor
|-damage|p1a: Gliscor|107\/352 tox
|
|-heal|p1a: Gliscor|151\/352 tox|[from] ability: Poison Heal
|turn|13
|
|move|p1a: Gliscor|Roost|p1a: Gliscor
|-heal|p1a: Gliscor|327\/352 tox
|move|p2a: Ferrothorn|Gyro Ball|p1a: Gliscor
|-damage|p1a: Gliscor|198\/352 tox
|
|-heal|p1a: Gliscor|242\/352 tox|[from] ability: Poison Heal
|turn|14
|
|move|p1a: Gliscor|Knock Off|p2a: Ferrothorn
|-damage|p2a: Ferrothorn|276\/352
|-damage|p1a: Gliscor|198\/352 tox|[from] ability: Iron Barbs|[of] p2a: Ferrothorn
|move|p2a: Ferrothorn|Gyro Ball|p1a: Gliscor
|-damage|p1a: Gliscor|62\/352 tox
|
|-heal|p1a: Gliscor|106\/352 tox|[from] ability: Poison Heal
|-end|p2a: Ferrothorn|move: Taunt
|turn|15
|
|move|p1a: Gliscor|Roost|p1a: Gliscor
|-heal|p1a: Gliscor|282\/352 tox
|move|p2a: Ferrothorn|Stealth Rock|p1a: Gliscor
|-sidestart|p1: Qwazz|move: Stealth Rock
|
|-heal|p1a: Gliscor|326\/352 tox|[from] ability: Poison Heal
|turn|16
|
|move|p1a: Gliscor|Taunt|p2a: Ferrothorn
|-start|p2a: Ferrothorn|move: Taunt
|move|p2a: Ferrothorn|Gyro Ball|p1a: Gliscor
|-damage|p1a: Gliscor|181\/352 tox
|
|-heal|p1a: Gliscor|225\/352 tox|[from] ability: Poison Heal
|turn|17
|
|switch|p1a: Starmie|Starmie|320\/320
|-damage|p1a: Starmie|280\/320|[from] Stealth Rock
|move|p2a: Ferrothorn|Gyro Ball|p1a: Starmie
|-resisted|p1a: Starmie
|-damage|p1a: Starmie|196\/320
|
|-heal|p1a: Starmie|216\/320|[from] item: Leftovers
|turn|18
|
|move|p1a: Starmie|Rapid Spin|p2a: Ferrothorn
|-resisted|p2a: Ferrothorn
|-damage|p2a: Ferrothorn|273\/352
|-damage|p1a: Starmie|176\/320|[from] ability: Iron Barbs|[of] p2a: Ferrothorn
|-sideend|p1: Qwazz|Stealth Rock|[from] move: Rapid Spin|[of] p1a: Starmie
|move|p2a: Ferrothorn|Gyro Ball|p1a: Starmie
|-resisted|p1a: Starmie
|-damage|p1a: Starmie|89\/320
|
|-heal|p1a: Starmie|109\/320|[from] item: Leftovers
|-end|p2a: Ferrothorn|move: Taunt
|turn|19
|
|move|p1a: Starmie|Reflect Type|p2a: Ferrothorn
|-start|p1a: Starmie|typechange|[from] move: Reflect Type|[of] p2a: Ferrothorn
|move|p2a: Ferrothorn|Leech Seed|p1a: Starmie
|-immune|p1a: Starmie|[msg]
|
|-heal|p1a: Starmie|129\/320|[from] item: Leftovers
|turn|20
|
|move|p1a: Starmie|Recover|p1a: Starmie
|-heal|p1a: Starmie|289\/320
|move|p2a: Ferrothorn|Stealth Rock|p1a: Starmie
|-sidestart|p1: Qwazz|move: Stealth Rock
|
|-heal|p1a: Starmie|309\/320|[from] item: Leftovers
|turn|21
|
|move|p1a: Starmie|Rapid Spin|p2a: Ferrothorn
|-resisted|p2a: Ferrothorn
|-damage|p2a: Ferrothorn|270\/352
|-damage|p1a: Starmie|269\/320|[from] ability: Iron Barbs|[of] p2a: Ferrothorn
|-sideend|p1: Qwazz|Stealth Rock|[from] move: Rapid Spin|[of] p1a: Starmie
|move|p2a: Ferrothorn|Thunder Wave|p1a: Starmie
|-status|p1a: Starmie|par
|
|-heal|p1a: Starmie|289\/320 par|[from] item: Leftovers
|turn|22
|
|switch|p1a: Victini|Victini|343\/343
|move|p2a: Ferrothorn|Stealth Rock|p1a: Victini
|-sidestart|p1: Qwazz|move: Stealth Rock
|
|turn|23
|
|move|p1a: Victini|V-create|p2a: Ferrothorn
|-supereffective|p2a: Ferrothorn
|-damage|p2a: Ferrothorn|0 fnt
|-damage|p1a: Victini|301\/343|[from] ability: Iron Barbs|[of] p2a: Ferrothorn
|-unboost|p1a: Victini|def|1
|-unboost|p1a: Victini|spd|1
|-unboost|p1a: Victini|spe|1
|faint|p2a: Ferrothorn
|
|-heal|p1a: Victini|322\/343|[from] item: Leftovers
|
|switch|p2a: Heatran|Heatran, M|385\/385
|-damage|p2a: Heatran|337\/385|[from] Stealth Rock
|-item|p2a: Heatran|Air Balloon
|turn|24
|
|switch|p1a: Starmie|Starmie|289\/320 par
|-damage|p1a: Starmie|249\/320 par|[from] Stealth Rock
|move|p2a: Heatran|Flash Cannon|p1a: Starmie
|-resisted|p1a: Starmie
|-damage|p1a: Starmie|162\/320 par
|-unboost|p1a: Starmie|spd|1
|
|-heal|p1a: Starmie|182\/320 par|[from] item: Leftovers
|turn|25
|
|move|p2a: Heatran|Earth Power|p1a: Starmie
|-damage|p1a: Starmie|0 fnt
|faint|p1a: Starmie
|
|
|switch|p1a: Tyranitar|Tyranitar, M|341\/341
|-damage|p1a: Tyranitar|299\/341|[from] Stealth Rock
|-weather|Sandstorm
|turn|26
|
|switch|p2a: Landorus-Therian|Landorus-Therian, M|381\/381
|-damage|p2a: Landorus-Therian|334\/381|[from] Stealth Rock
|-ability|p2a: Landorus-Therian|Intimidate|[of] p1a: Tyranitar
|-unboost|p1a: Tyranitar|atk|1
|move|p1a: Tyranitar|Crunch|p2a: Landorus-Therian
|-damage|p2a: Landorus-Therian|232\/381
|
|-weather|Sandstorm|[upkeep]
|turn|27
|
|switch|p1a: Gliscor|Gliscor, M|225\/352 tox
|-damage|p1a: Gliscor|181\/352 tox|[from] Stealth Rock
|move|p2a: Landorus-Therian|Hammer Arm|p1a: Gliscor
|-resisted|p1a: Gliscor
|-damage|p1a: Gliscor|124\/352 tox
|-unboost|p2a: Landorus-Therian|spe|1
|
|-weather|Sandstorm|[upkeep]
|-heal|p1a: Gliscor|168\/352 tox|[from] ability: Poison Heal
|turn|28
|
|move|p1a: Gliscor|Roost|p1a: Gliscor
|-heal|p1a: Gliscor|344\/352 tox
|move|p2a: Landorus-Therian|U-turn|p1a: Gliscor
|-damage|p1a: Gliscor|260\/352 tox
|
|switch|p2a: Azumarill|Azumarill, M|306\/403
|-damage|p2a: Azumarill|256\/403|[from] Stealth Rock
|
|-weather|Sandstorm|[upkeep]
|-damage|p2a: Azumarill|231\/403|[from] sandstorm
|-heal|p1a: Gliscor|304\/352 tox|[from] ability: Poison Heal
|turn|29
|
|switch|p1a: Ferrothorn|Ferrothorn, F|352\/352
|-damage|p1a: Ferrothorn|330\/352|[from] Stealth Rock
|move|p2a: Azumarill|Waterfall|p1a: Ferrothorn
|-resisted|p1a: Ferrothorn
|-damage|p1a: Ferrothorn|270\/352
|-damage|p2a: Azumarill|181\/403|[from] ability: Iron Barbs|[of] p1a: Ferrothorn
|
|-weather|Sandstorm|[upkeep]
|-damage|p2a: Azumarill|156\/403|[from] sandstorm
|-heal|p1a: Ferrothorn|292\/352|[from] item: Leftovers
|turn|30
|
|move|p2a: Azumarill|Waterfall|p1a: Ferrothorn
|-resisted|p1a: Ferrothorn
|-damage|p1a: Ferrothorn|229\/352
|-damage|p2a: Azumarill|106\/403|[from] ability: Iron Barbs|[of] p1a: Ferrothorn
|cant|p1a: Ferrothorn|flinch
|
|-weather|none
|-heal|p1a: Ferrothorn|251\/352|[from] item: Leftovers
|turn|31
|
|move|p2a: Azumarill|Waterfall|p1a: Ferrothorn
|-crit|p1a: Ferrothorn
|-resisted|p1a: Ferrothorn
|-damage|p1a: Ferrothorn|159\/352
|-damage|p2a: Azumarill|56\/403|[from] ability: Iron Barbs|[of] p1a: Ferrothorn
|move|p1a: Ferrothorn|Spikes|p2a: Azumarill
|-sidestart|p2: Qwazz's Bitch|Spikes
|
|-heal|p1a: Ferrothorn|181\/352|[from] item: Leftovers
|turn|32
|
|switch|p1a: Altaria|Altaria, F|302\/345
|-damage|p1a: Altaria|216\/345|[from] Stealth Rock
|move|p2a: Azumarill|Superpower|p1a: Altaria
|-resisted|p1a: Altaria
|-damage|p1a: Altaria|133\/345
|-unboost|p2a: Azumarill|atk|1
|-unboost|p2a: Azumarill|def|1
|
|turn|33
|
|move|p1a: Altaria|Frustration|p2a: Azumarill
|-damage|p2a: Azumarill|0 fnt
|faint|p2a: Azumarill
|
|
|switch|p2a: Mew|Mew|286\/404
|-damage|p2a: Mew|236\/404|[from] Spikes
|-damage|p2a: Mew|186\/404|[from] Stealth Rock
|turn|34
|
|move|p2a: Mew|Soft-Boiled|p2a: Mew
|-heal|p2a: Mew|388\/404
|move|p1a: Altaria|Roost|p1a: Altaria
|-heal|p1a: Altaria|306\/345
|
|turn|35
|
|switch|p1a: Gliscor|Gliscor, M|304\/352 tox
|-damage|p1a: Gliscor|260\/352 tox|[from] Stealth Rock
|move|p2a: Mew|Taunt|p1a: Gliscor
|-start|p1a: Gliscor|move: Taunt
|
|-heal|p1a: Gliscor|304\/352 tox|[from] ability: Poison Heal
|turn|36
|
|move|p2a: Mew|Knock Off|p1a: Gliscor
|-damage|p1a: Gliscor|261\/352 tox
|move|p1a: Gliscor|Knock Off|p2a: Mew
|-supereffective|p2a: Mew
|-damage|p2a: Mew|308\/404
|
|-heal|p1a: Gliscor|305\/352 tox|[from] ability: Poison Heal
|turn|37
|
|move|p2a: Mew|Knock Off|p1a: Gliscor
|-damage|p1a: Gliscor|261\/352 tox
|move|p1a: Gliscor|Knock Off|p2a: Mew
|-supereffective|p2a: Mew
|-damage|p2a: Mew|224\/404
|
|-heal|p1a: Gliscor|305\/352 tox|[from] ability: Poison Heal
|turn|38
|
|move|p2a: Mew|Knock Off|p1a: Gliscor
|-damage|p1a: Gliscor|263\/352 tox
|move|p1a: Gliscor|Knock Off|p2a: Mew
|-supereffective|p2a: Mew
|-damage|p2a: Mew|144\/404
|
|-heal|p1a: Gliscor|307\/352 tox|[from] ability: Poison Heal
|-end|p1a: Gliscor|move: Taunt
|turn|39
|
|switch|p1a: Victini|Victini|322\/343
|-damage|p1a: Victini|237\/343|[from] Stealth Rock
|move|p2a: Mew|Taunt|p1a: Victini
|-start|p1a: Victini|move: Taunt
|
|-heal|p1a: Victini|258\/343|[from] item: Leftovers
|turn|40
|
|switch|p2a: Heatran|Heatran, M|337\/385
|-damage|p2a: Heatran|289\/385|[from] Stealth Rock
|-item|p2a: Heatran|Air Balloon
|move|p1a: Victini|Power-Up Punch|p2a: Heatran
|-supereffective|p2a: Heatran
|-damage|p2a: Heatran|209\/385
|-enditem|p2a: Heatran|Air Balloon
|-boost|p1a: Victini|atk|1
|
|-heal|p1a: Victini|279\/343|[from] item: Leftovers
|turn|41
|
|move|p1a: Victini|Bolt Strike|p2a: Heatran
|-damage|p2a: Heatran|19\/385
|move|p2a: Heatran|Earth Power|p1a: Victini
|-supereffective|p1a: Victini
|-damage|p1a: Victini|45\/343
|
|-heal|p1a: Victini|66\/343|[from] item: Leftovers
|turn|42
|
|move|p1a: Victini|Power-Up Punch|p2a: Heatran
|-supereffective|p2a: Heatran
|-damage|p2a: Heatran|0 fnt
|-boost|p1a: Victini|atk|1
|faint|p2a: Heatran
|
|-heal|p1a: Victini|87\/343|[from] item: Leftovers
|-end|p1a: Victini|move: Taunt
|
|switch|p2a: Landorus-Therian|Landorus-Therian, M|232\/381
|-damage|p2a: Landorus-Therian|185\/381|[from] Stealth Rock
|-ability|p2a: Landorus-Therian|Intimidate|[of] p1a: Victini
|-unboost|p1a: Victini|atk|1
|turn|43
|
|move|p1a: Victini|V-create|p2a: Landorus-Therian
|-damage|p2a: Landorus-Therian|0 fnt
|-unboost|p1a: Victini|def|1
|-unboost|p1a: Victini|spd|1
|-unboost|p1a: Victini|spe|1
|faint|p2a: Landorus-Therian
|
|-heal|p1a: Victini|108\/343|[from] item: Leftovers
|
|switch|p2a: Mew|Mew|144\/404
|-damage|p2a: Mew|94\/404|[from] Spikes
|-damage|p2a: Mew|44\/404|[from] Stealth Rock
|turn|44
|-message|Qwazz's Bitch forfeited.
|
|win|Qwazz