|join|Qwazz
|join|Hiye
|player|p1|Qwazz|101
|player|p2|Hiye|101
|gametype|singles
|gen|6
|tier|OU
|clearpoke
|poke|p1|Swampert, M
|poke|p1|Latios, M
|poke|p1|Talonflame, M
|poke|p1|Excadrill, M
|poke|p1|Rotom-Wash
|poke|p1|Chesnaught, M
|poke|p2|Diancie
|poke|p2|Latias, F
|poke|p2|Heatran, F
|poke|p2|Landorus-Therian, M
|poke|p2|Celebi
|poke|p2|Keldeo
|rule|Swagger Clause: Swagger is banned
|rule|Baton Pass Clause: Limit one PokÃ©mon knowing Baton Pass
|rule|Sleep Clause Mod: Limit one foe put to sleep
|rule|Species Clause: Limit one of each PokÃ©mon
|rule|OHKO Clause: OHKO moves are banned
|rule|Moody Clause: Moody is banned
|rule|Evasion Moves Clause: Evasion moves are banned
|rule|Endless Battle Clause: Forcing endless battles is banned
|rule|HP Percentage Mod: HP is shown in percentages
|teampreview
|c|âHiye|wtf
|c|âHiye|someone hit 1900
|c|âHiye|on ladder
|c|âQwazz|ez'
|c|âHiye|ugh
|
|start
|switch|p1a: Talonflame|Talonflame, M|359\/359
|switch|p2a: Diancie|Diancie|257\/257
|turn|1
|c|âHiye|oh
|c|âHiye|im so good at lead matchup
|c|âHiye|its so funny
|c|âHiye|i thought for sure u were going rotom
|c|âHiye|i was gona clicke cancel
|c|âQwazz|thats called luck pal
|c|âHiye|but i was lik  nah
|c|âHiye|n
|c|âHiye|pure skill
|c|âQwazz|i legit didnt even think about it
|c|âQwazz|i just clicked a random mon
|
|switch|p1a: Swampert|Swampert, M|403\/403
|detailschange|p2a: Diancie|Diancie-Mega
|-mega|p2a: Diancie|Diancie|Diancite
|move|p2a: Diancie|Moonblast|p1a: Swampert
|-damage|p1a: Swampert|244\/403
|-unboost|p1a: Swampert|spa|1
|
|turn|2
|c|âHiye|wtf...
|c|âQwazz|HAX
|
|switch|p2a: Celebi|Celebi|404\/404
|detailschange|p1a: Swampert|Swampert-Mega, M
|-mega|p1a: Swampert|Swampert|Swampertite
|move|p1a: Swampert|Waterfall|p2a: Celebi
|-resisted|p2a: Celebi
|-damage|p2a: Celebi|353\/404
|
|-heal|p2a: Celebi|378\/404|[from] item: Leftovers
|turn|3
|c|âQwazz|damage!!!
|
|switch|p1a: Excadrill|Excadrill, M|416\/416
|-ability|p1a: Excadrill|Mold Breaker
|move|p2a: Celebi|Stealth Rock|p1a: Excadrill
|-sidestart|p1: Qwazz|move: Stealth Rock
|
|-heal|p2a: Celebi|403\/404|[from] item: Leftovers
|turn|4
|
|switch|p2a: Keldeo|Keldeo|323\/323
|move|p1a: Excadrill|Rapid Spin|p2a: Keldeo
|-damage|p2a: Keldeo|298\/323
|-sideend|p1: Qwazz|Stealth Rock|[from] move: Rapid Spin|[of] p1a: Excadrill
|
|-heal|p2a: Keldeo|318\/323|[from] item: Leftovers
|turn|5
|
|switch|p1a: Latios|Latios, M|339\/339
|move|p2a: Keldeo|Scald|p1a: Latios
|-resisted|p1a: Latios
|-damage|p1a: Latios|273\/339
|
|-heal|p2a: Keldeo|323\/323|[from] item: Leftovers
|turn|6
|c|âHiye|no burn
|c|âQwazz|relying on hax
|c|âQwazz|what a gud player
|
|move|p1a: Latios|Dragon Pulse|p2a: Keldeo
|-damage|p2a: Keldeo|132\/323
|-damage|p1a: Latios|240\/339|[from] item: Life Orb
|move|p2a: Keldeo|Secret Sword|p1a: Latios
|-resisted|p1a: Latios
|-damage|p1a: Latios|144\/339
|
|-heal|p2a: Keldeo|152\/323|[from] item: Leftovers
|turn|7
|c|âHiye|thx
|
|switch|p2a: Diancie|Diancie-Mega|257\/257
|move|p1a: Latios|Roost|p1a: Latios
|-heal|p1a: Latios|314\/339
|
|turn|8
|
|switch|p1a: Swampert|Swampert-Mega, M|244\/403
|move|p2a: Diancie|Moonblast|p1a: Swampert
|-damage|p1a: Swampert|91\/403
|-unboost|p1a: Swampert|spa|1
|
|turn|9
|c|âHiye|im
|c|âHiye|using
|c|âHiye|earth
|c|âHiye|power
|c|âQwazz|WTF
|c|âQwazz|WTF
|c|âHiye|ya
|c|âQwazz|the rolls are here
|c|âHiye|!dt swampert
|c|~|\/data-pokemon Swampert
|raw|<font size="1"><font color=#585858>Dex#:<\/font> 260&nbsp;|&ThickSpace;<font color=#585858>Height:<\/font> 1.5 m&nbsp;|&ThickSpace;<font color=#585858>Weight:<\/font> 81.9 kg <em>(80 BP)<\/em>&nbsp;|&ThickSpace;<font color=#585858>Dex Colour:<\/font> Blue&nbsp;|&ThickSpace;<font color=#585858>Egg Group(s):<\/font> Monster, Water 1&nbsp;|&ThickSpace;<font color=#585858><font color=#585858>Does Not Evolve<\/font><\/font><\/font>
|c|âHiye|O
|
|move|p2a: Diancie|Moonblast|p1a: Swampert
|-damage|p1a: Swampert|0 fnt
|faint|p1a: Swampert
|
|c|âHiye|i won
|c|âHiye|ur bad
|c|âQwazz|n
|
|switch|p1a: Excadrill|Excadrill, M|416\/416
|-ability|p1a: Excadrill|Mold Breaker
|turn|10
|c|âHiye|k
|c|âHiye|im staying in
|c|âHiye|cuz ur gona use sr
|
|switch|p2a: Keldeo|Keldeo|152\/323
|move|p1a: Excadrill|Stealth Rock|p2a: Keldeo
|-sidestart|p2: Hiye|move: Stealth Rock
|
|-heal|p2a: Keldeo|172\/323|[from] item: Leftovers
|turn|11
|c|âQwazz|ya
|c|âHiye|WTFWTWFWTF
|c|âHiye|WTFWTWFTWFTWFTFTF
|c|âHiye|ur bad
|c|âQwazz|good play pal
|
|switch|p1a: Rotom-Wash|Rotom-Wash|304\/304
|move|p2a: Keldeo|Scald|p1a: Rotom-Wash
|-resisted|p1a: Rotom-Wash
|-damage|p1a: Rotom-Wash|239\/304
|-status|p1a: Rotom-Wash|brn
|
|-heal|p2a: Keldeo|192\/323|[from] item: Leftovers
|-heal|p1a: Rotom-Wash|258\/304 brn|[from] item: Leftovers
|-damage|p1a: Rotom-Wash|220\/304 brn|[from] brn
|turn|12
|c|âHiye|ur gay
|c|âHiye|wow burns
|c|âHiye|awesome
|
|move|p2a: Keldeo|Substitute|p2a: Keldeo
|-start|p2a: Keldeo|Substitute
|-damage|p2a: Keldeo|112\/323
|move|p1a: Rotom-Wash|Volt Switch|p2a: Keldeo
|-supereffective|p2a: Keldeo
|-end|p2a: Keldeo|Substitute
|c|âHiye|fkn
|c|âQwazz|k
|c|âQwazz|gg
|
|switch|p1a: Latios|Latios, M|314\/339
|
|-heal|p2a: Keldeo|132\/323|[from] item: Leftovers
|turn|13
|
|switch|p2a: Heatran|Heatran, F|386\/386
|-damage|p2a: Heatran|338\/386|[from] Stealth Rock
|move|p1a: Latios|Calm Mind|p1a: Latios
|-boost|p1a: Latios|spa|1
|-boost|p1a: Latios|spd|1
|
|-heal|p2a: Heatran|362\/386|[from] item: Leftovers
|turn|14
|c|âQwazz|fk'
|c|âQwazz|forgot about this
|c|âHiye|go exfa
|c|âQwazz|this is why i dont run cm latios
|c|âHiye|if real
|c|âQwazz|i need a mon that breaks fwg cores
|c|âHiye|fwg?
|c|âHiye|fire water grass
|
|move|p1a: Latios|Psyshock|p2a: Heatran
|-resisted|p2a: Heatran
|-damage|p2a: Heatran|252\/386
|-damage|p1a: Latios|281\/339|[from] item: Life Orb
|move|p2a: Heatran|Toxic|p1a: Latios
|-status|p1a: Latios|tox
|
|-heal|p2a: Heatran|276\/386|[from] item: Leftovers
|-damage|p1a: Latios|260\/339 tox|[from] psn
|turn|15
|c|âHiye|rekt
|c|âQwazz|ya
|
|switch|p1a: Excadrill|Excadrill, M|416\/416
|-ability|p1a: Excadrill|Mold Breaker
|move|p2a: Heatran|Lava Plume|p1a: Excadrill
|-supereffective|p1a: Excadrill
|-damage|p1a: Excadrill|188\/416
|
|-heal|p1a: Excadrill|214\/416|[from] item: Leftovers
|-heal|p2a: Heatran|300\/386|[from] item: Leftovers
|turn|16
|c|âHiye|rekt
|c|âQwazz|!
|c|âQwazz|nig
|c|âQwazz|i lost the minute swamp died
|c|âHiye|rekt
|c|âQwazz|making plays isnt even necessary
|
|switch|p2a: Landorus-Therian|Landorus-Therian, M|319\/319
|-damage|p2a: Landorus-Therian|280\/319|[from] Stealth Rock
|-ability|p2a: Landorus-Therian|Intimidate|[of] p1a: Excadrill
|-unboost|p1a: Excadrill|atk|1
|move|p1a: Excadrill|Earthquake|p2a: Landorus-Therian
|-immune|p2a: Landorus-Therian|[msg]
|
|-heal|p1a: Excadrill|240\/416|[from] item: Leftovers
|turn|17
|c|âQwazz|!!!
|c|âHiye|rekt
|
|switch|p1a: Chesnaught|Chesnaught, M|380\/380
|move|p2a: Landorus-Therian|U-turn|p1a: Chesnaught
|-damage|p1a: Chesnaught|322\/380
|c|âHiye|rekt
|
|switch|p2a: Diancie|Diancie-Mega|257\/257
|-damage|p2a: Diancie|225\/257|[from] Stealth Rock
|
|-heal|p1a: Chesnaught|345\/380|[from] item: Leftovers
|turn|18
|c|âQwazz|> implying that changed the outcome of the game
|
|move|p2a: Diancie|Moonblast|p1a: Chesnaught
|-supereffective|p1a: Chesnaught
|-damage|p1a: Chesnaught|0 fnt
|faint|p1a: Chesnaught
|
|
|switch|p1a: Rotom-Wash|Rotom-Wash|220\/304 brn
|turn|19
|c|âHiye|rekt
|c|âHiye|b4hand
|
|switch|p2a: Celebi|Celebi|403\/404
|-damage|p2a: Celebi|353\/404|[from] Stealth Rock
|move|p1a: Rotom-Wash|Hydro Pump|p2a: Celebi
|-resisted|p2a: Celebi
|-damage|p2a: Celebi|291\/404
|
|-heal|p2a: Celebi|316\/404|[from] item: Leftovers
|-heal|p1a: Rotom-Wash|239\/304 brn|[from] item: Leftovers
|-damage|p1a: Rotom-Wash|201\/304 brn|[from] brn
|turn|20
|c|âQwazz|maybe i could run 4 attack lati's
|c|âHiye|rekt
|c|âQwazz|why do you keep saying that
|
|switch|p1a: Excadrill|Excadrill, M|240\/416
|-ability|p1a: Excadrill|Mold Breaker
|move|p2a: Celebi|Thunder Wave|p1a: Excadrill
|-immune|p1a: Excadrill|[msg]
|
|-heal|p2a: Celebi|341\/404|[from] item: Leftovers
|-heal|p1a: Excadrill|266\/416|[from] item: Leftovers
|turn|21
|c|âQwazz|im not even trying
|c|âHiye|rekt
|
|move|p2a: Celebi|Giga Drain|p1a: Excadrill
|-damage|p1a: Excadrill|182\/416
|-heal|p2a: Celebi|383\/404|[from] drain|[of] p1a: Excadrill
|move|p1a: Excadrill|Iron Head|p2a: Celebi
|-damage|p2a: Celebi|293\/404
|
|-heal|p2a: Celebi|318\/404|[from] item: Leftovers
|-heal|p1a: Excadrill|208\/416|[from] item: Leftovers
|turn|22
|
|move|p2a: Celebi|Giga Drain|p1a: Excadrill
|-crit|p1a: Excadrill
|-damage|p1a: Excadrill|87\/416
|-heal|p2a: Celebi|379\/404|[from] drain|[of] p1a: Excadrill
|move|p1a: Excadrill|Iron Head|p2a: Celebi
|-damage|p2a: Celebi|288\/404
|
|-heal|p2a: Celebi|313\/404|[from] item: Leftovers
|-heal|p1a: Excadrill|113\/416|[from] item: Leftovers
|turn|23
|c|âHiye|rekt
|c|âQwazz|!
|c|âQwazz|hax
|
|switch|p1a: Talonflame|Talonflame, M|359\/359
|move|p2a: Celebi|Giga Drain|p1a: Talonflame
|-resisted|p1a: Talonflame
|-damage|p1a: Talonflame|341\/359
|-heal|p2a: Celebi|322\/404|[from] drain|[of] p1a: Talonflame
|
|-heal|p1a: Talonflame|359\/359|[from] item: Leftovers
|-heal|p2a: Celebi|347\/404|[from] item: Leftovers
|turn|24
|
|switch|p2a: Diancie|Diancie-Mega|225\/257
|-damage|p2a: Diancie|193\/257|[from] Stealth Rock
|move|p1a: Talonflame|Bulk Up|p1a: Talonflame
|-boost|p1a: Talonflame|atk|1
|-boost|p1a: Talonflame|def|1
|
|turn|25
|
|move|p2a: Diancie|Diamond Storm|p1a: Talonflame
|-supereffective|p1a: Talonflame
|-damage|p1a: Talonflame|0 fnt
|-boost|p2a: Diancie|def|1
|faint|p1a: Talonflame
|
|
|switch|p1a: Rotom-Wash|Rotom-Wash|201\/304 brn
|turn|26
|
|move|p2a: Diancie|Moonblast|p1a: Rotom-Wash
|-damage|p1a: Rotom-Wash|0 fnt
|faint|p1a: Rotom-Wash
|
|
|switch|p1a: Latios|Latios, M|260\/339 tox
|turn|27
|
|move|p1a: Latios|Calm Mind|p1a: Latios
|-boost|p1a: Latios|spa|1
|-boost|p1a: Latios|spd|1
|move|p2a: Diancie|Moonblast|p1a: Latios
|-supereffective|p1a: Latios
|-damage|p1a: Latios|0 fnt
|faint|p1a: Latios
|
|c|âQwazz|yum
|c|âQwazz|the calc lied
|join|dorkman75
|c|âQwazz|o fk
|c|âQwazz|that was 106 spatk
|c| dorkman75|wazz
|c|âQwazz|ya?
|c| dorkman75|qwazz has ingame chat
|
|switch|p1a: Excadrill|Excadrill, M|113\/416
|-ability|p1a: Excadrill|Mold Breaker
|turn|28
|c| dorkman75|who haked ur account?
|c|âQwazz|me
|c| dorkman75|O
|c| dorkman75|qwazzimoto hacked qwazz's acoounr
|c| dorkman75|account
|c|âHiye|hes on pc
|c|âHiye|lol
|
|move|p2a: Diancie|Earth Power|p1a: Excadrill
|-supereffective|p1a: Excadrill
|-damage|p1a: Excadrill|0 fnt
|faint|p1a: Excadrill
|
|win|Hiye
|c| dorkman75|get danked
|c|âHiye|6-0'd
|c|âHiye|2nd time