|join|RedKingAlmighty
|join|Qwazz
|player|p1|RedKingAlmighty|92
|player|p2|Qwazz|169
|gametype|singles
|gen|6
|tier|OU
|clearpoke
|poke|p1|Keldeo
|poke|p1|Metagross
|poke|p1|Latias, F
|poke|p1|Azumarill, M
|poke|p1|Landorus, M
|poke|p1|Garchomp, F
|poke|p2|Heracross, M
|poke|p2|Tyranitar, F
|poke|p2|Talonflame, M
|poke|p2|Excadrill, F
|poke|p2|Celebi
|poke|p2|Rotom-Wash
|rule|Swagger Clause: Swagger is banned
|rule|Baton Pass Clause: Limit one PokÃ©mon knowing Baton Pass
|rule|Sleep Clause Mod: Limit one foe put to sleep
|rule|Species Clause: Limit one of each PokÃ©mon
|rule|OHKO Clause: OHKO moves are banned
|rule|Moody Clause: Moody is banned
|rule|Evasion Moves Clause: Evasion moves are banned
|rule|Endless Battle Clause: Forcing endless battles is banned
|rule|HP Percentage Mod: HP is shown in percentages
|teampreview
|c|âRedKingAlmighty|u brought the same team?
|c|âRedKingAlmighty|go away qwazz
|
|start
|switch|p1a: Landorus|Landorus, M|319\/319
|switch|p2a: Rotom-Wash|Rotom-Wash|303\/303
|turn|1
|
|switch|p2a: Tyranitar|Tyranitar, F|341\/341
|-weather|Sandstorm
|move|p1a: Landorus|Stealth Rock|p2a: Tyranitar
|-sidestart|p2: Qwazz|move: Stealth Rock
|
|-weather|Sandstorm|[upkeep]
|turn|2
|
|move|p2a: Tyranitar|Ice Beam|p1a: Landorus
|-supereffective|p1a: Landorus
|-damage|p1a: Landorus|0 fnt
|faint|p1a: Landorus
|
|-weather|Sandstorm|[upkeep]
|
|switch|p1a: Azumarill|Azumarill, M|381\/381
|turn|3
|
|switch|p2a: Rotom-Wash|Rotom-Wash|303\/303
|-damage|p2a: Rotom-Wash|266\/303|[from] Stealth Rock
|move|p1a: Azumarill|Knock Off|p2a: Rotom-Wash
|-damage|p2a: Rotom-Wash|166\/303
|-enditem|p2a: Rotom-Wash|Leftovers|[from] move: Knock Off|[of] p1a: Azumarill
|
|-weather|Sandstorm|[upkeep]
|-damage|p2a: Rotom-Wash|148\/303|[from] sandstorm
|-damage|p1a: Azumarill|358\/381|[from] sandstorm
|turn|4
|
|switch|p1a: Latias|Latias, F|320\/320
|move|p2a: Rotom-Wash|Pain Split|p1a: Latias
|-sethp|p1a: Latias|234\/320|p2a: Rotom-Wash|234\/303|[from] move: Pain Split
|
|-weather|Sandstorm|[upkeep]
|-damage|p1a: Latias|214\/320|[from] sandstorm
|-damage|p2a: Rotom-Wash|216\/303|[from] sandstorm
|turn|5
|
|switch|p1a: Keldeo|Keldeo|323\/323
|switch|p2a: Celebi|Celebi|403\/403
|-damage|p2a: Celebi|353\/403|[from] Stealth Rock
|
|-weather|none
|-heal|p2a: Celebi|378\/403|[from] item: Leftovers
|turn|6
|
|switch|p1a: Metagross|Metagross|302\/302
|move|p2a: Celebi|Stealth Rock|p1a: Metagross
|-sidestart|p1: RedKingAlmighty|move: Stealth Rock
|
|-heal|p2a: Celebi|403\/403|[from] item: Leftovers
|turn|7
|join|LordRay
|
|detailschange|p1a: Metagross|Metagross-Mega
|-mega|p1a: Metagross|Metagross|Metagrossite
|move|p2a: Celebi|Baton Pass|p2a: Celebi
|join|Evil King Arthur
|c| LordRay|u guys are like parellels of eachother
|
|switch|p2a: Tyranitar|Tyranitar, F|341\/341
|-damage|p2a: Tyranitar|299\/341|[from] Stealth Rock
|-weather|Sandstorm
|move|p1a: Metagross|Zen Headbutt|p2a: Tyranitar
|-immune|p2a: Tyranitar|[msg]
|
|-weather|Sandstorm|[upkeep]
|turn|8
|c|âRedKingAlmighty|:C
|
|move|p2a: Tyranitar|Crunch|p1a: Metagross
|-supereffective|p1a: Metagross
|-damage|p1a: Metagross|72\/302
|move|p1a: Metagross|Meteor Mash|p2a: Tyranitar
|-supereffective|p2a: Tyranitar
|-damage|p2a: Tyranitar|0 fnt
|faint|p2a: Tyranitar
|
|-weather|Sandstorm|[upkeep]
|c|âRedKingAlmighty|U
|c|âRedKingAlmighty|shook me allll night long
|
|switch|p2a: Excadrill|Excadrill, F|361\/361
|-damage|p2a: Excadrill|350\/361|[from] Stealth Rock
|-item|p2a: Excadrill|Air Balloon
|turn|9
|
|switch|p1a: Garchomp|Garchomp, F|357\/357
|-damage|p1a: Garchomp|335\/357|[from] Stealth Rock
|move|p2a: Excadrill|Earthquake|p1a: Garchomp
|-damage|p1a: Garchomp|115\/357
|
|-weather|Sandstorm|[upkeep]
|turn|10
|
|move|p2a: Excadrill|Rapid Spin|p1a: Garchomp
|-damage|p1a: Garchomp|85\/357
|-damage|p2a: Excadrill|305\/361|[from] ability: Rough Skin|[of] p1a: Garchomp
|-sideend|p2: Qwazz|Stealth Rock|[from] move: Rapid Spin|[of] p2a: Excadrill
|move|p1a: Garchomp|Fire Blast|p2a: Excadrill
|-supereffective|p2a: Excadrill
|-damage|p2a: Excadrill|117\/361
|-enditem|p2a: Excadrill|Air Balloon
|
|-weather|Sandstorm|[upkeep]
|turn|11
|
|move|p2a: Excadrill|Earthquake|p1a: Garchomp
|-damage|p1a: Garchomp|0 fnt
|faint|p1a: Garchomp
|
|-weather|none
|
|switch|p1a: Azumarill|Azumarill, M|358\/381
|-damage|p1a: Azumarill|311\/381|[from] Stealth Rock
|turn|12
|
|move|p1a: Azumarill|Aqua Jet|p2a: Excadrill
|-supereffective|p2a: Excadrill
|-damage|p2a: Excadrill|0 fnt
|faint|p2a: Excadrill
|
|
|switch|p2a: Rotom-Wash|Rotom-Wash|216\/303
|turn|13
|
|move|p2a: Rotom-Wash|Volt Switch|p1a: Azumarill
|-supereffective|p1a: Azumarill
|-damage|p1a: Azumarill|117\/381
|
|switch|p2a: Celebi|Celebi|403\/403
|-enditem|p1a: Azumarill|Sitrus Berry|[eat]
|-heal|p1a: Azumarill|212\/381|[from] item: Sitrus Berry
|move|p1a: Azumarill|Belly Drum|p1a: Azumarill
|-damage|p1a: Azumarill|22\/381
|-setboost|p1a: Azumarill|atk|6|[from] move: Belly Drum
|
|turn|14
|
|move|p1a: Azumarill|Aqua Jet|p2a: Celebi
|-resisted|p2a: Celebi
|-damage|p2a: Celebi|219\/403
|move|p2a: Celebi|Baton Pass|p2a: Celebi
|
|switch|p2a: Rotom-Wash|Rotom-Wash|216\/303
|
|turn|15
|
|move|p1a: Azumarill|Aqua Jet|p2a: Rotom-Wash
|-resisted|p2a: Rotom-Wash
|-damage|p2a: Rotom-Wash|88\/303
|move|p2a: Rotom-Wash|Volt Switch|p1a: Azumarill
|-supereffective|p1a: Azumarill
|-damage|p1a: Azumarill|0 fnt
|faint|p1a: Azumarill
|
|switch|p2a: Talonflame|Talonflame, M|297\/297
|
|
|switch|p1a: Keldeo|Keldeo|323\/323
|-damage|p1a: Keldeo|303\/323|[from] Stealth Rock
|turn|16
|
|move|p2a: Talonflame|Brave Bird|p1a: Keldeo
|-supereffective|p1a: Keldeo
|-damage|p1a: Keldeo|0 fnt
|-damage|p2a: Talonflame|197\/297|[from] recoil|[of] p1a: Keldeo
|faint|p1a: Keldeo
|
|
|switch|p1a: Latias|Latias, F|214\/320
|-damage|p1a: Latias|174\/320|[from] Stealth Rock
|turn|17
|
|move|p2a: Talonflame|Brave Bird|p1a: Latias
|-damage|p1a: Latias|0 fnt
|-damage|p2a: Talonflame|140\/297|[from] recoil|[of] p1a: Latias
|faint|p1a: Latias
|
|
|switch|p1a: Metagross|Metagross-Mega|72\/302
|-damage|p1a: Metagross|54\/302|[from] Stealth Rock
|turn|18
|leave|RedKingAlmighty
|player|p1
|leave|LordRay
|leave|Evil King Arthur
|-message|Player 1 lost due to inactivity.
|
|win|Qwazz
|join|LordRay
|leave|LordRay