|join|Qwazz
|join|Hiye
|player|p1|Qwazz|101
|player|p2|Hiye|101
|gametype|singles
|gen|6
|tier|OU
|clearpoke
|poke|p1|Swampert, M
|poke|p1|Kyurem-Black
|poke|p1|Talonflame, M
|poke|p1|Excadrill, M
|poke|p1|Rotom-Wash
|poke|p1|Chesnaught, F
|poke|p2|Diancie
|poke|p2|Latias, F
|poke|p2|Heatran, M
|poke|p2|Landorus-Therian, M
|poke|p2|Celebi
|poke|p2|Keldeo
|rule|Swagger Clause: Swagger is banned
|rule|Baton Pass Clause: Limit one PokÃ©mon knowing Baton Pass
|rule|Sleep Clause Mod: Limit one foe put to sleep
|rule|Species Clause: Limit one of each PokÃ©mon
|rule|OHKO Clause: OHKO moves are banned
|rule|Moody Clause: Moody is banned
|rule|Evasion Moves Clause: Evasion moves are banned
|rule|Endless Battle Clause: Forcing endless battles is banned
|rule|HP Percentage Mod: HP is shown in percentages
|teampreview
|c|âQwazz|k
|c|âHiye|pc
|c|âHiye|k
|c|âHiye|ur 6-0 by kyub
|c|âQwazz|youre gonna lose
|c|âHiye|no
|c|âQwazz|my name is swampert
|c|âHiye|no
|c|âQwazz|you're 6-0'd by kyub
|c|âHiye|...
|c|âHiye|no
|c|âQwazz|..
|c|âHiye|lolol
|c|âQwazz|k
|
|start
|switch|p1a: Kyurem-Black|Kyurem-Black|401\/401
|switch|p2a: Keldeo|Keldeo|323\/323
|-ability|p1a: Kyurem-Black|Teravolt
|turn|1
|c|âHiye|so fucking rekt
|
|switch|p1a: Rotom-Wash|Rotom-Wash|304\/304
|move|p2a: Keldeo|Scald|p1a: Rotom-Wash
|-resisted|p1a: Rotom-Wash
|-damage|p1a: Rotom-Wash|242\/304
|-status|p1a: Rotom-Wash|brn
|
|-heal|p1a: Rotom-Wash|261\/304 brn|[from] item: Leftovers
|-damage|p1a: Rotom-Wash|223\/304 brn|[from] brn
|turn|2
|c|âQwazz|i have 0 for keld
|c|âHiye|plsburn
|c|âHiye|YES
|c|âHiye|WTG
|c|âHiye|WTF
|c|âHiye|KELDEO GOT A BURN
|c|âHiye|DAYUM
|
|switch|p2a: Landorus-Therian|Landorus-Therian, M|319\/319
|-ability|p2a: Landorus-Therian|Intimidate|[of] p1a: Rotom-Wash
|-unboost|p1a: Rotom-Wash|atk|1
|move|p1a: Rotom-Wash|Volt Switch|p2a: Landorus-Therian
|-immune|p2a: Landorus-Therian|[msg]
|
|-heal|p1a: Rotom-Wash|242\/304 brn|[from] item: Leftovers
|-damage|p1a: Rotom-Wash|204\/304 brn|[from] brn
|turn|3
|c|âQwazz|its k
|c|âQwazz|youre gonna get popped
|c|âHiye|rekt
|c|âQwazz|gl switching in to kyub
|
|move|p2a: Landorus-Therian|U-turn|p1a: Rotom-Wash
|-damage|p1a: Rotom-Wash|136\/304 brn
|c|âQwazz|fkn
|c|âQwazz|wtf
|
|switch|p2a: Latias|Latias, F|299\/299
|move|p1a: Rotom-Wash|Hydro Pump|p2a: Latias
|-resisted|p2a: Latias
|-damage|p2a: Latias|241\/299
|
|-heal|p1a: Rotom-Wash|155\/304 brn|[from] item: Leftovers
|-damage|p1a: Rotom-Wash|117\/304 brn|[from] brn
|turn|4
|c|âHiye|sooo rekt dude
|
|switch|p2a: Keldeo|Keldeo|323\/323
|switch|p1a: Swampert|Swampert, M|403\/403
|
|turn|5
|c|âQwazz|!
|c|âHiye|!
|c|âQwazz|ur so gud
|
|detailschange|p1a: Swampert|Swampert-Mega, M
|-mega|p1a: Swampert|Swampert|Swampertite
|move|p2a: Keldeo|Calm Mind|p2a: Keldeo
|-boost|p2a: Keldeo|spa|1
|-boost|p2a: Keldeo|spd|1
|move|p1a: Swampert|Curse|p1a: Swampert
|-boost|p1a: Swampert|atk|1
|-boost|p1a: Swampert|def|1
|-unboost|p1a: Swampert|spe|1
|
|turn|6
|c|âQwazz|i really need something for keld
|c|âHiye|!dt mega swampter
No Pokemon, item, move, ability or nature named 'mega swampter' was found. (Check your spelling?)
|c|âQwazz|i literally have 0
|c|âHiye|!dt swampert mega
|c|~|\/data-pokemon Swampert-Mega
|raw|<font size="1"><font color=#585858>Dex#:<\/font> 260&nbsp;|&ThickSpace;<font color=#585858>Height:<\/font> 1.9 m&nbsp;|&ThickSpace;<font color=#585858>Weight:<\/font> 102 kg <em>(100 BP)<\/em>&nbsp;|&ThickSpace;<font color=#585858>Dex Colour:<\/font> Blue&nbsp;|&ThickSpace;<font color=#585858>Egg Group(s):<\/font> Monster, Water 1&nbsp;|&ThickSpace;<font color=#585858><font color=#585858>Does Not Evolve<\/font><\/font><\/font>
|c|âQwazz|nig
|c|âQwazz|!learn keldeo, calm mind
|raw|<div class="infobox">Keldeo <span class="message-learn-canlearn">can<\/span> learn Calm Mind<\/ul><\/div>
|c|âQwazz|!
|
|move|p2a: Keldeo|Calm Mind|p2a: Keldeo
|-boost|p2a: Keldeo|spa|1
|-boost|p2a: Keldeo|spd|1
|move|p1a: Swampert|Waterfall|p2a: Keldeo
|-resisted|p2a: Keldeo
|-damage|p2a: Keldeo|214\/323
|
|-heal|p2a: Keldeo|234\/323|[from] item: Leftovers
|turn|7
|
|move|p2a: Keldeo|Secret Sword|p1a: Swampert
|-damage|p1a: Swampert|231\/403
|move|p1a: Swampert|Waterfall|p2a: Keldeo
|-resisted|p2a: Keldeo
|-damage|p2a: Keldeo|130\/323
|
|-heal|p2a: Keldeo|150\/323|[from] item: Leftovers
|turn|8
|c|âHiye|WTF
|c|âHiye|what the fuck
|c|âHiye|what the actual fuck
|c|âHiye|WHAT THE SHIT
|c|âHiye|42
|c|âQwazz|they call me
|c|âQwazz|a god
|
|move|p2a: Keldeo|Scald|p1a: Swampert
|-damage|p1a: Swampert|42\/403
|-status|p1a: Swampert|brn
|move|p1a: Swampert|Waterfall|p2a: Keldeo
|-crit|p2a: Keldeo
|-resisted|p2a: Keldeo
|-damage|p2a: Keldeo|71\/323
|
|-heal|p2a: Keldeo|91\/323|[from] item: Leftovers
|-damage|p1a: Swampert|0 fnt|[from] brn
|faint|p1a: Swampert
|c|âQwazz|FGT
|c|âQwazz|WOOWWOOWW
|c|âHiye|u got a crit
|c|âHiye|asshole
|c|âQwazz|...
|
|switch|p1a: Talonflame|Talonflame, M|359\/359
|turn|9
|
|switch|p2a: Diancie|Diancie|257\/257
|move|p1a: Talonflame|Brave Bird|p2a: Diancie
|-resisted|p2a: Diancie
|-damage|p2a: Diancie|224\/257
|-damage|p1a: Talonflame|348\/359|[from] recoil|[of] p2a: Diancie
|
|-heal|p1a: Talonflame|359\/359|[from] item: Leftovers
|turn|10
|c|âQwazz|its k
|c|âQwazz|you lose to steel wing
|
|switch|p1a: Excadrill|Excadrill, M|416\/416
|-ability|p1a: Excadrill|Mold Breaker
|detailschange|p2a: Diancie|Diancie-Mega
|-mega|p2a: Diancie|Diancie|Diancite
|move|p2a: Diancie|Earth Power|p1a: Excadrill
|-supereffective|p1a: Excadrill
|-damage|p1a: Excadrill|150\/416
|
|-heal|p1a: Excadrill|176\/416|[from] item: Leftovers
|turn|11
|c|âQwazz|!
|
|move|p2a: Diancie|Earth Power|p1a: Excadrill
|-supereffective|p1a: Excadrill
|-damage|p1a: Excadrill|0 fnt
|faint|p1a: Excadrill
|
|
|switch|p1a: Kyurem-Black|Kyurem-Black|401\/401
|-ability|p1a: Kyurem-Black|Teravolt
|turn|12
|
|move|p2a: Diancie|Moonblast|p1a: Kyurem-Black
|-supereffective|p1a: Kyurem-Black
|-damage|p1a: Kyurem-Black|0 fnt
|faint|p1a: Kyurem-Black
|
|c|âQwazz|yum
|
|switch|p1a: Talonflame|Talonflame, M|359\/359
|turn|13
|c|âQwazz|heres the ct
|
|move|p2a: Diancie|Moonblast|p1a: Talonflame
|-resisted|p1a: Talonflame
|-damage|p1a: Talonflame|254\/359
|move|p1a: Talonflame|Bulk Up|p1a: Talonflame
|-boost|p1a: Talonflame|atk|1
|-boost|p1a: Talonflame|def|1
|
|-heal|p1a: Talonflame|276\/359|[from] item: Leftovers
|turn|14
|c|âQwazz|!!!!!!!
|
|move|p2a: Diancie|Diamond Storm|p1a: Talonflame
|-supereffective|p1a: Talonflame
|-damage|p1a: Talonflame|0 fnt
|faint|p1a: Talonflame
|
|
|switch|p1a: Chesnaught|Chesnaught, F|380\/380
|turn|15
|c|âQwazz|k check this play
|
|move|p1a: Chesnaught|Spiky Shield|p1a: Chesnaught
|-singleturn|p1a: Chesnaught|move: Protect
|move|p2a: Diancie|Rock Polish|p2a: Diancie
|-boost|p2a: Diancie|spe|2
|
|turn|16
|c|âQwazz|!
|c|âHiye|lolol
|
|move|p1a: Chesnaught|Spiky Shield|p1a: Chesnaught
|-fail|p1a: Chesnaught
|move|p2a: Diancie|Moonblast|p1a: Chesnaught
|-supereffective|p1a: Chesnaught
|-damage|p1a: Chesnaught|0 fnt
|faint|p1a: Chesnaught
|
|c|âQwazz|its k
|c|âQwazz|fk
|
|switch|p1a: Rotom-Wash|Rotom-Wash|117\/304 brn
|turn|17
|c|âHiye|6-0
|c|âHiye|fuck
|c|âHiye|u
|c|âQwazz|i have no answers to keld
|c|âQwazz|if you didnt 6-0 you'd be horrible
|c|âHiye|more like no answers diancie
|c|âHiye|actually
|
|move|p2a: Diancie|Moonblast|p1a: Rotom-Wash
|-damage|p1a: Rotom-Wash|0 fnt
|faint|p1a: Rotom-Wash
|
|win|Hiye
|c|âQwazz|my name is swampert
|c|âHiye|you have swamp
|c|âHiye|you have so many things for keld
|c|âHiye|you must be on drugs
|c|âHiye|Kyub 6-0s me
|c|âHiye|phi
|c|âHiye|hi