|join|qwazz
|join|LordRay
|player|p1|qwazz|169
|player|p2|LordRay|288
|gametype|singles
|gen|6
|tier|OU
|clearpoke
|poke|p1|Charizard, M
|poke|p1|Jirachi
|poke|p1|Tornadus-Therian, M
|poke|p1|Chesnaught, M
|poke|p1|Starmie
|poke|p1|Granbull, F
|poke|p2|Altaria, F
|poke|p2|Volcarona, F
|poke|p2|Keldeo
|poke|p2|Tyranitar, M
|poke|p2|Latios, M
|poke|p2|Jirachi
|rule|Swagger Clause: Swagger is banned
|rule|Baton Pass Clause: Limit one PokÃ©mon knowing Baton Pass
|rule|Sleep Clause Mod: Limit one foe put to sleep
|rule|Species Clause: Limit one of each PokÃ©mon
|rule|OHKO Clause: OHKO moves are banned
|rule|Moody Clause: Moody is banned
|rule|Evasion Moves Clause: Evasion moves are banned
|rule|Endless Battle Clause: Forcing endless battles is banned
|rule|HP Percentage Mod: HP is shown in percentages
|teampreview
|
|start
|switch|p1a: Tornadus-Therian|Tornadus-Therian, M|347\/347
|switch|p2a: Tyranitar|Tyranitar, M|341\/341
|-weather|Sandstorm
|turn|1
|
|switch|p2a: Altaria|Altaria, F|354\/354
|move|p1a: Tornadus-Therian|U-turn|p2a: Altaria
|-resisted|p2a: Altaria
|-damage|p2a: Altaria|336\/354
|
|switch|p1a: Jirachi|Jirachi|404\/404
|
|-weather|Sandstorm|[upkeep]
|-damage|p2a: Altaria|314\/354|[from] sandstorm
|turn|2
|
|switch|p2a: Jirachi|Jirachi|404\/404
|move|p1a: Jirachi|Stealth Rock|p2a: Jirachi
|-sidestart|p2: LordRay|move: Stealth Rock
|
|-weather|Sandstorm|[upkeep]
|turn|3
|
|switch|p1a: Chesnaught|Chesnaught, M|380\/380
|move|p2a: Jirachi|Stealth Rock|p1a: Chesnaught
|-sidestart|p1: qwazz|move: Stealth Rock
|
|-weather|Sandstorm|[upkeep]
|-damage|p1a: Chesnaught|357\/380|[from] sandstorm
|-heal|p1a: Chesnaught|380\/380|[from] item: Leftovers
|turn|4
|
|move|p2a: Jirachi|Fire Punch|p1a: Chesnaught
|-crit|p1a: Chesnaught
|-supereffective|p1a: Chesnaught
|-damage|p1a: Chesnaught|272\/380
|move|p1a: Chesnaught|Spikes|p2a: Jirachi
|-sidestart|p2: LordRay|Spikes
|
|-weather|Sandstorm|[upkeep]
|-damage|p1a: Chesnaught|249\/380|[from] sandstorm
|-heal|p1a: Chesnaught|272\/380|[from] item: Leftovers
|turn|5
|
|switch|p2a: Latios|Latios, M|301\/301
|-damage|p2a: Latios|264\/301|[from] Stealth Rock
|switch|p1a: Starmie|Starmie|323\/323
|-damage|p1a: Starmie|283\/323|[from] Stealth Rock
|
|-weather|none
|-heal|p1a: Starmie|303\/323|[from] item: Leftovers
|turn|6
|
|switch|p1a: Jirachi|Jirachi|404\/404
|-damage|p1a: Jirachi|379\/404|[from] Stealth Rock
|move|p2a: Latios|Earthquake|p1a: Jirachi
|-supereffective|p1a: Jirachi
|-damage|p1a: Jirachi|176\/404
|-damage|p2a: Latios|234\/301|[from] item: Life Orb
|
|-heal|p1a: Jirachi|201\/404|[from] item: Leftovers
|turn|7
|
|move|p2a: Latios|Psyshock|p1a: Jirachi
|-resisted|p1a: Jirachi
|-damage|p1a: Jirachi|157\/404
|-damage|p2a: Latios|204\/301|[from] item: Life Orb
|move|p1a: Jirachi|Wish|p1a: Jirachi
|
|-heal|p1a: Jirachi|182\/404|[from] item: Leftovers
|turn|8
|
|move|p1a: Jirachi|Protect|p1a: Jirachi
|-singleturn|p1a: Jirachi|Protect
|move|p2a: Latios|Earthquake|p1a: Jirachi
|-activate|p1a: Jirachi|Protect
|
|-heal|p1a: Jirachi|384\/404|[from] move: Wish|[wisher] Jirachi
|-heal|p1a: Jirachi|404\/404|[from] item: Leftovers
|turn|9
|
|move|p2a: Latios|Defog|p1a: Jirachi
|-unboost|p1a: Jirachi|evasion|1
|-sideend|p1: qwazz|Stealth Rock|[from] move: Defog|[of] p1a: Jirachi
|-sideend|p2: LordRay|Spikes|[from] move: Defog|[of] p2a: Latios
|-sideend|p2: LordRay|Stealth Rock|[from] move: Defog|[of] p2a: Latios
|move|p1a: Jirachi|Stealth Rock|p2a: Latios
|-sidestart|p2: LordRay|move: Stealth Rock
|
|turn|10
|
|switch|p2a: Tyranitar|Tyranitar, M|341\/341
|-damage|p2a: Tyranitar|299\/341|[from] Stealth Rock
|-weather|Sandstorm
|move|p1a: Jirachi|Wish|p1a: Jirachi
|
|-weather|Sandstorm|[upkeep]
|turn|11
|
|move|p2a: Tyranitar|Crunch|p1a: Jirachi
|-supereffective|p1a: Jirachi
|-damage|p1a: Jirachi|122\/404
|move|p1a: Jirachi|Iron Head|p2a: Tyranitar
|-supereffective|p2a: Tyranitar
|-damage|p2a: Tyranitar|123\/341
|
|-weather|Sandstorm|[upkeep]
|-heal|p1a: Jirachi|324\/404|[from] move: Wish|[wisher] Jirachi
|-heal|p1a: Jirachi|349\/404|[from] item: Leftovers
|turn|12
|
|switch|p1a: Tornadus-Therian|Tornadus-Therian, M|347\/347
|move|p2a: Tyranitar|Crunch|p1a: Tornadus-Therian
|-damage|p1a: Tornadus-Therian|175\/347
|-unboost|p1a: Tornadus-Therian|def|1
|
|-weather|Sandstorm|[upkeep]
|-damage|p1a: Tornadus-Therian|154\/347|[from] sandstorm
|turn|13
|
|switch|p2a: Altaria|Altaria, F|314\/354
|-damage|p2a: Altaria|226\/354|[from] Stealth Rock
|move|p1a: Tornadus-Therian|U-turn|p2a: Altaria
|-resisted|p2a: Altaria
|-damage|p2a: Altaria|207\/354
|
|switch|p1a: Charizard|Charizard, M|359\/359
|
|-weather|Sandstorm|[upkeep]
|-damage|p1a: Charizard|337\/359|[from] sandstorm
|-damage|p2a: Altaria|185\/354|[from] sandstorm
|turn|14
|
|detailschange|p1a: Charizard|Charizard-Mega-X, M
|-mega|p1a: Charizard|Charizard|Charizardite X
|detailschange|p2a: Altaria|Altaria-Mega, F
|-mega|p2a: Altaria|Altaria|Altarianite
|move|p1a: Charizard|Dragon Claw|p2a: Altaria
|-immune|p2a: Altaria|[msg]
|move|p2a: Altaria|Roost|p2a: Altaria
|-heal|p2a: Altaria|354\/354
|
|-weather|none
|turn|15
|
|switch|p2a: Latios|Latios, M|204\/301
|-damage|p2a: Latios|167\/301|[from] Stealth Rock
|move|p1a: Charizard|Will-O-Wisp|p2a: Latios
|-status|p2a: Latios|brn
|
|-damage|p2a: Latios|130\/301 brn|[from] brn
|turn|16
|
|switch|p1a: Jirachi|Jirachi|349\/404
|move|p2a: Latios|Defog|p1a: Jirachi
|-unboost|p1a: Jirachi|evasion|1
|-sideend|p2: LordRay|Stealth Rock|[from] move: Defog|[of] p2a: Latios
|
|-heal|p1a: Jirachi|374\/404|[from] item: Leftovers
|-damage|p2a: Latios|93\/301 brn|[from] brn
|turn|17
|
|move|p2a: Latios|Earthquake|p1a: Jirachi
|-crit|p1a: Jirachi
|-supereffective|p1a: Jirachi
|-damage|p1a: Jirachi|239\/404
|-damage|p2a: Latios|63\/301 brn|[from] item: Life Orb
|move|p1a: Jirachi|Stealth Rock|p2a: Latios
|-sidestart|p2: LordRay|move: Stealth Rock
|
|-heal|p1a: Jirachi|264\/404|[from] item: Leftovers
|-damage|p2a: Latios|26\/301 brn|[from] brn
|turn|18
|
|move|p1a: Jirachi|Protect|p1a: Jirachi
|-singleturn|p1a: Jirachi|Protect
|move|p2a: Latios|Earthquake|p1a: Jirachi
|-activate|p1a: Jirachi|Protect
|
|-heal|p1a: Jirachi|289\/404|[from] item: Leftovers
|-damage|p2a: Latios|0 fnt|[from] brn
|faint|p2a: Latios
|
|switch|p2a: Tyranitar|Tyranitar, M|123\/341
|-damage|p2a: Tyranitar|81\/341|[from] Stealth Rock
|-weather|Sandstorm
|turn|19
|
|switch|p1a: Chesnaught|Chesnaught, M|272\/380
|move|p2a: Tyranitar|Crunch|p1a: Chesnaught
|-resisted|p1a: Chesnaught
|-damage|p1a: Chesnaught|226\/380
|
|-weather|Sandstorm|[upkeep]
|-damage|p1a: Chesnaught|203\/380|[from] sandstorm
|-heal|p1a: Chesnaught|226\/380|[from] item: Leftovers
|turn|20
|
|switch|p2a: Altaria|Altaria-Mega, F|354\/354
|-damage|p2a: Altaria|310\/354|[from] Stealth Rock
|move|p1a: Chesnaught|Spikes|p2a: Altaria
|-sidestart|p2: LordRay|Spikes
|
|-weather|Sandstorm|[upkeep]
|-damage|p2a: Altaria|288\/354|[from] sandstorm
|-damage|p1a: Chesnaught|203\/380|[from] sandstorm
|-heal|p1a: Chesnaught|226\/380|[from] item: Leftovers
|turn|21
|
|switch|p1a: Jirachi|Jirachi|289\/404
|move|p2a: Altaria|Dragon Dance|p2a: Altaria
|-boost|p2a: Altaria|atk|1
|-boost|p2a: Altaria|spe|1
|
|-weather|Sandstorm|[upkeep]
|-damage|p2a: Altaria|266\/354|[from] sandstorm
|-heal|p1a: Jirachi|314\/404|[from] item: Leftovers
|turn|22
|
|move|p2a: Altaria|Frustration|p1a: Jirachi
|-resisted|p1a: Jirachi
|-damage|p1a: Jirachi|203\/404
|move|p1a: Jirachi|Iron Head|p2a: Altaria
|-supereffective|p2a: Altaria
|-damage|p2a: Altaria|134\/354
|
|-weather|Sandstorm|[upkeep]
|-damage|p2a: Altaria|112\/354|[from] sandstorm
|-heal|p1a: Jirachi|228\/404|[from] item: Leftovers
|turn|23
|
|move|p2a: Altaria|Roost|p2a: Altaria
|-heal|p2a: Altaria|289\/354
|move|p1a: Jirachi|Wish|p1a: Jirachi
|
|-weather|none
|-heal|p1a: Jirachi|253\/404|[from] item: Leftovers
|turn|24
|
|switch|p2a: Tyranitar|Tyranitar, M|81\/341
|-damage|p2a: Tyranitar|39\/341|[from] Stealth Rock
|-damage|p2a: Tyranitar|0 fnt|[from] Spikes
|faint|p2a: Tyranitar
|switch|p1a: Granbull|Granbull, F|384\/384
|
|
|switch|p2a: Jirachi|Jirachi|404\/404
|-damage|p2a: Jirachi|379\/404|[from] Stealth Rock
|-damage|p2a: Jirachi|329\/404|[from] Spikes
|turn|25
|
|switch|p1a: Chesnaught|Chesnaught, M|226\/380
|move|p2a: Jirachi|Stealth Rock|p1a: Chesnaught
|-sidestart|p1: qwazz|move: Stealth Rock
|
|-heal|p2a: Jirachi|354\/404|[from] item: Leftovers
|-heal|p1a: Chesnaught|249\/380|[from] item: Leftovers
|turn|26
|
|switch|p2a: Altaria|Altaria-Mega, F|289\/354
|-damage|p2a: Altaria|245\/354|[from] Spikes
|-damage|p2a: Altaria|201\/354|[from] Stealth Rock
|move|p1a: Chesnaught|Spikes|p2a: Altaria
|-sidestart|p2: LordRay|Spikes
|
|-heal|p1a: Chesnaught|272\/380|[from] item: Leftovers
|turn|27
|
|move|p2a: Altaria|Roost|p2a: Altaria
|-heal|p2a: Altaria|354\/354
|move|p1a: Chesnaught|Spikes|p2a: Altaria
|-sidestart|p2: LordRay|Spikes
|
|-heal|p1a: Chesnaught|295\/380|[from] item: Leftovers
|turn|28
|
|move|p2a: Altaria|Dragon Dance|p2a: Altaria
|-boost|p2a: Altaria|atk|1
|-boost|p2a: Altaria|spe|1
|move|p1a: Chesnaught|Leech Seed|p2a: Altaria
|-start|p2a: Altaria|move: Leech Seed
|
|-heal|p1a: Chesnaught|318\/380|[from] item: Leftovers
|-damage|p2a: Altaria|310\/354|[from] Leech Seed|[of] p1a: Chesnaught
|-heal|p1a: Chesnaught|362\/380|[silent]
|turn|29
|
|switch|p1a: Jirachi|Jirachi|253\/404
|-damage|p1a: Jirachi|228\/404|[from] Stealth Rock
|move|p2a: Altaria|Frustration|p1a: Jirachi
|-resisted|p1a: Jirachi
|-damage|p1a: Jirachi|123\/404
|
|-heal|p1a: Jirachi|148\/404|[from] item: Leftovers
|-damage|p2a: Altaria|266\/354|[from] Leech Seed|[of] p1a: Jirachi
|-heal|p1a: Jirachi|192\/404|[silent]
|turn|30
|
|switch|p2a: Volcarona|Volcarona, F|329\/329
|-damage|p2a: Volcarona|165\/329|[from] Stealth Rock
|-damage|p2a: Volcarona|83\/329|[from] Spikes
|move|p1a: Jirachi|Wish|p1a: Jirachi
|
|-heal|p1a: Jirachi|217\/404|[from] item: Leftovers
|turn|31
|
|switch|p1a: Charizard|Charizard-Mega-X, M|337\/359
|-damage|p1a: Charizard|248\/359|[from] Stealth Rock
|move|p2a: Volcarona|Roost|p2a: Volcarona
|-heal|p2a: Volcarona|248\/329
|
|-heal|p1a: Charizard|359\/359|[from] move: Wish|[wisher] Jirachi
|turn|32
|
|switch|p2a: Keldeo|Keldeo|323\/323
|-damage|p2a: Keldeo|303\/323|[from] Stealth Rock
|-damage|p2a: Keldeo|223\/323|[from] Spikes
|move|p1a: Charizard|Dragon Dance|p1a: Charizard
|-boost|p1a: Charizard|atk|1
|-boost|p1a: Charizard|spe|1
|
|turn|33
|
|move|p2a: Keldeo|Hydro Pump|p1a: Charizard
|-damage|p1a: Charizard|151\/359
|move|p1a: Charizard|Dragon Claw|p2a: Keldeo
|-damage|p2a: Keldeo|0 fnt
|faint|p2a: Keldeo
|
|
|switch|p2a: Altaria|Altaria-Mega, F|266\/354
|-damage|p2a: Altaria|178\/354|[from] Spikes
|-damage|p2a: Altaria|134\/354|[from] Stealth Rock
|turn|34
|
|move|p1a: Charizard|Will-O-Wisp|p2a: Altaria|[miss]
|-miss|p1a: Charizard|p2a: Altaria
|move|p2a: Altaria|Roost|p2a: Altaria
|-heal|p2a: Altaria|311\/354
|
|turn|35
|
|move|p1a: Charizard|Will-O-Wisp|p2a: Altaria
|-status|p2a: Altaria|brn
|move|p2a: Altaria|Dragon Dance|p2a: Altaria
|-boost|p2a: Altaria|atk|1
|-boost|p2a: Altaria|spe|1
|
|-damage|p2a: Altaria|267\/354 brn|[from] brn
|turn|36
|
|move|p1a: Charizard|Roost|p1a: Charizard
|-heal|p1a: Charizard|331\/359
|move|p2a: Altaria|Frustration|p1a: Charizard
|-damage|p1a: Charizard|247\/359
|
|-damage|p2a: Altaria|223\/354 brn|[from] brn
|turn|37
|
|switch|p1a: Granbull|Granbull, F|384\/384
|-damage|p1a: Granbull|336\/384|[from] Stealth Rock
|-ability|p1a: Granbull|Intimidate|[of] p2a: Altaria
|-unboost|p2a: Altaria|atk|1
|move|p2a: Altaria|Heal Bell|p2a: Altaria
|-cureteam|p2a: Altaria|[from] move: HealBell
|
|-heal|p1a: Granbull|360\/384|[from] item: Leftovers
|turn|38
|
|switch|p2a: Jirachi|Jirachi|354\/404
|-damage|p2a: Jirachi|329\/404|[from] Stealth Rock
|-damage|p2a: Jirachi|228\/404|[from] Spikes
|move|p1a: Granbull|Roar|p2a: Jirachi
|drag|p2a: Altaria|Altaria-Mega, F|223\/354
|-damage|p2a: Altaria|135\/354|[from] Spikes
|-damage|p2a: Altaria|91\/354|[from] Stealth Rock
|
|-heal|p1a: Granbull|384\/384|[from] item: Leftovers
|turn|39
|
|move|p2a: Altaria|Roost|p2a: Altaria
|-heal|p2a: Altaria|268\/354
|move|p1a: Granbull|Play Rough|p2a: Altaria
|-supereffective|p2a: Altaria
|-damage|p2a: Altaria|98\/354
|
|turn|40
|
|move|p2a: Altaria|Roost|p2a: Altaria
|-heal|p2a: Altaria|275\/354
|move|p1a: Granbull|Play Rough|p2a: Altaria
|-supereffective|p2a: Altaria
|-damage|p2a: Altaria|95\/354
|
|turn|41
|
|move|p2a: Altaria|Frustration|p1a: Granbull
|-damage|p1a: Granbull|261\/384
|move|p1a: Granbull|Play Rough|p2a: Altaria
|-crit|p2a: Altaria
|-supereffective|p2a: Altaria
|-damage|p2a: Altaria|0 fnt
|faint|p2a: Altaria
|
|-heal|p1a: Granbull|285\/384|[from] item: Leftovers
|
|switch|p2a: Jirachi|Jirachi|228\/404
|-damage|p2a: Jirachi|203\/404|[from] Stealth Rock
|-damage|p2a: Jirachi|102\/404|[from] Spikes
|turn|42
|
|switch|p1a: Starmie|Starmie|303\/323
|-damage|p1a: Starmie|263\/323|[from] Stealth Rock
|move|p2a: Jirachi|Iron Head|p1a: Starmie
|-resisted|p1a: Starmie
|-damage|p1a: Starmie|209\/323
|
|-heal|p1a: Starmie|229\/323|[from] item: Leftovers
|-heal|p2a: Jirachi|127\/404|[from] item: Leftovers
|turn|43
|
|move|p1a: Starmie|Scald|p2a: Jirachi
|-damage|p2a: Jirachi|55\/404
|-status|p2a: Jirachi|brn
|move|p2a: Jirachi|Iron Head|p1a: Starmie
|-resisted|p1a: Starmie
|-damage|p1a: Starmie|205\/323
|
|-heal|p1a: Starmie|225\/323|[from] item: Leftovers
|-heal|p2a: Jirachi|80\/404 brn|[from] item: Leftovers
|-damage|p2a: Jirachi|30\/404 brn|[from] brn
|turn|44
|
|move|p1a: Starmie|Rapid Spin|p2a: Jirachi
|-resisted|p2a: Jirachi
|-damage|p2a: Jirachi|24\/404 brn
|-sideend|p1: qwazz|Stealth Rock|[from] move: Rapid Spin|[of] p1a: Starmie
|move|p2a: Jirachi|Iron Head|p1a: Starmie
|-resisted|p1a: Starmie
|-damage|p1a: Starmie|198\/323
|
|-heal|p1a: Starmie|218\/323|[from] item: Leftovers
|-heal|p2a: Jirachi|49\/404 brn|[from] item: Leftovers
|-damage|p2a: Jirachi|0 fnt|[from] brn
|faint|p2a: Jirachi
|
|switch|p2a: Volcarona|Volcarona, F|248\/329
|-damage|p2a: Volcarona|166\/329|[from] Spikes
|-damage|p2a: Volcarona|2\/329|[from] Stealth Rock
|turn|45
|
|move|p1a: Starmie|Recover|p1a: Starmie
|-heal|p1a: Starmie|323\/323
|move|p2a: Volcarona|Giga Drain|p1a: Starmie
|-supereffective|p1a: Starmie
|-damage|p1a: Starmie|27\/323
|-heal|p2a: Volcarona|150\/329|[from] drain|[of] p1a: Starmie
|-damage|p2a: Volcarona|118\/329|[from] item: Life Orb
|
|-heal|p1a: Starmie|47\/323|[from] item: Leftovers
|turn|46
|
|switch|p1a: Tornadus-Therian|Tornadus-Therian, M|269\/347
|move|p2a: Volcarona|Quiver Dance|p2a: Volcarona
|-boost|p2a: Volcarona|spa|1
|-boost|p2a: Volcarona|spd|1
|-boost|p2a: Volcarona|spe|1
|
|turn|47
|
|move|p2a: Volcarona|Roost|p2a: Volcarona
|-heal|p2a: Volcarona|283\/329
|move|p1a: Tornadus-Therian|Hurricane|p2a: Volcarona
|-supereffective|p2a: Volcarona
|-damage|p2a: Volcarona|91\/329
|
|turn|48
|
|switch|p1a: Charizard|Charizard-Mega-X, M|247\/359
|move|p2a: Volcarona|Roost|p2a: Volcarona
|-heal|p2a: Volcarona|256\/329
|
|turn|49
|
|move|p2a: Volcarona|Fiery Dance|p1a: Charizard
|-resisted|p1a: Charizard
|-damage|p1a: Charizard|169\/359
|-damage|p2a: Volcarona|224\/329|[from] item: Life Orb
|move|p1a: Charizard|Dragon Claw|p2a: Volcarona
|-damage|p2a: Volcarona|0 fnt
|faint|p2a: Volcarona
|
|win|qwazz
|leave|LordRay
|player|p2