|join|FrozenCold
|join|qwazz
|join|MeGalladeBetch
|join|Storm Jesus
|join|dukevesper
|join|beppityboopbop
|player|p1|FrozenCold|218
|player|p2|qwazz|170
|gametype|singles
|gen|6
|tier|OU (suspect test)
|clearpoke
|poke|p1|Diancie
|poke|p1|Heatran, M
|poke|p1|Celebi
|poke|p1|Keldeo-Resolute
|poke|p1|Conkeldurr, M
|poke|p1|Landorus-Therian, M
|poke|p2|Heracross, M
|poke|p2|Talonflame, M
|poke|p2|Gengar, F
|poke|p2|Tyranitar, F
|poke|p2|Ferrothorn, M
|poke|p2|Latias, F
|rule|Swagger Clause: Swagger is banned
|rule|Baton Pass Clause: Limit one PokÃ©mon knowing Baton Pass
|rule|Sleep Clause Mod: Limit one foe put to sleep
|rule|Species Clause: Limit one of each PokÃ©mon
|rule|OHKO Clause: OHKO moves are banned
|rule|Moody Clause: Moody is banned
|rule|Evasion Moves Clause: Evasion moves are banned
|rule|Endless Battle Clause: Forcing endless battles is banned
|rule|HP Percentage Mod: HP is shown in percentages
|teampreview
|join|Assaltwaffle
|join|Pickalink
|c|âFrozenCold|gl hf
|join|HerpDerpFlurp
|join|amg
|join|Wheezer
|c| HerpDerpFlurp|KICK HIS ASS FROZEN
|join|asdfCookie
|c| amg|GO QWAZZ
|join|unk
|c|âFrozenCold|\/me sips 7up
|c| HerpDerpFlurp|HE WON BECUZ OF HAAX LAST TIME
|join|Fake
|c|âFrozenCold|I bet Qwazz would win
|c| unk|lots of good matches tonight
|
|start
|switch|p1a: Earthquake|Heatran, M|386\/386
|switch|p2a: Talonflame|Talonflame, M|297\/297
|turn|1
|c| HerpDerpFlurp|mega hera cross OP
|
|move|p2a: Talonflame|U-turn|p1a: Earthquake
|-resisted|p1a: Earthquake
|-damage|p1a: Earthquake|365\/386
|join|Ban The Ninja
|join|Hei$enburg
|c| beppityboopbop|wut
|c|âFrozenCold|I just realized
|join|Myliltony
|
|switch|p2a: Heracross|Heracross, M|311\/311
|move|p1a: Earthquake|Stealth Rock|p2a: Heracross
|-sidestart|p2: qwazz|move: Stealth Rock
|
|-heal|p1a: Earthquake|386\/386|[from] item: Leftovers
|turn|2
|join|RayDalio
|join|StrengthOfHeart
|c|âFrozenCold|I didn't have rotom-w
|c|âFrozenCold|on this
|join|shanefree2010
|join|LadderSoTall
|c| HerpDerpFlurp|:O
|c| Ban The Ninja|yo i might have brought a garbo team
|c| HerpDerpFlurp|DUN DUN DDUUNNN
|c| Ban The Ninja|but u still better win
|join|Skysoki
|c|âFrozenCold|got so used to seeing rotom-w @_@
|
|switch|p1a: Landorus-Therian|Landorus-Therian, M|320\/320
|-ability|p1a: Landorus-Therian|Intimidate|[of] p2a: Heracross
|-unboost|p2a: Heracross|atk|1
|detailschange|p2a: Heracross|Heracross-Mega, M
|-mega|p2a: Heracross|Heracross|Heracronite
|move|p2a: Heracross|Rock Blast|p1a: Landorus-Therian|[miss]
|-miss|p2a: Heracross|p1a: Landorus-Therian
|
|turn|3
|c| Storm Jesus|no fireblast?
|c| StrengthOfHeart|oop
|join|c0d3s1ing3r
|c| Storm Jesus|just use it no hera will CC u
|c| c0d3s1ing3r|qwazzzzzzzzzzz
|c| c0d3s1ing3r|how ya doin man?
|c| HerpDerpFlurp|he doesnt talk
|join|Reverend
|
|move|p1a: Landorus-Therian|U-turn|p2a: Heracross
|-resisted|p2a: Heracross
|-damage|p2a: Heracross|269\/311
|join|boonman
|c| HerpDerpFlurp|probs ignores spectators
|
|switch|p1a: OnionFairy|Celebi|404\/404
|move|p2a: Heracross|Close Combat|p1a: OnionFairy
|-resisted|p1a: OnionFairy
|-damage|p1a: OnionFairy|332\/404
|-unboost|p2a: Heracross|def|1
|-unboost|p2a: Heracross|spd|1
|
|-heal|p1a: OnionFairy|357\/404|[from] item: Leftovers
|turn|4
|join|lmlonely
|join|ToxicroakXY
|c| HerpDerpFlurp|eating it up
|c| StrengthOfHeart|hera is too slow for my taste
|join|EternusDraco
|
|switch|p2a: Tyranitar|Tyranitar, F|341\/341
|-damage|p2a: Tyranitar|299\/341|[from] Stealth Rock
|-weather|Sandstorm
|move|p1a: OnionFairy|Thunder Wave|p2a: Tyranitar
|-status|p2a: Tyranitar|par
|
|-weather|Sandstorm|[upkeep]
|-damage|p1a: OnionFairy|332\/404|[from] sandstorm
|-heal|p1a: OnionFairy|357\/404|[from] item: Leftovers
|turn|5
|
|move|p1a: OnionFairy|Baton Pass|p1a: OnionFairy
|
|switch|p1a: Conkeldurr|Conkeldurr, M|378\/378
|move|p2a: Tyranitar|Ice Beam|p1a: Conkeldurr
|-damage|p1a: Conkeldurr|325\/378
|
|-weather|Sandstorm|[upkeep]
|-damage|p1a: Conkeldurr|302\/378|[from] sandstorm
|turn|6
|c| dukevesper|yo i swear that killed last time is that some assault vest shit?
|join|Padapos' stepdad
|join|TheSleepingPsyduck
|c| beppityboopbop|For a second, I thought I saw Celebi go for Volt Switch
|
|switch|p2a: Heracross|Heracross-Mega, M|269\/311
|-damage|p2a: Heracross|231\/311|[from] Stealth Rock
|move|p1a: Conkeldurr|Knock Off|p2a: Heracross
|-resisted|p2a: Heracross
|-damage|p2a: Heracross|195\/311
|
|-weather|Sandstorm|[upkeep]
|-damage|p2a: Heracross|176\/311|[from] sandstorm
|-damage|p1a: Conkeldurr|279\/378|[from] sandstorm
|turn|7
|c| beppityboopbop|And I was confused
|c| asdfCookie|gud memez duke
|c| amg|thats just an average play
|c| dukevesper|:]
|c| dukevesper|going str8 out into the counter
|
|switch|p1a: Landorus-Therian|Landorus-Therian, M|320\/320
|-ability|p1a: Landorus-Therian|Intimidate|[of] p2a: Heracross
|-unboost|p2a: Heracross|atk|1
|move|p2a: Heracross|Rock Blast|p1a: Landorus-Therian
|-damage|p1a: Landorus-Therian|287\/320
|-damage|p1a: Landorus-Therian|257\/320
|-damage|p1a: Landorus-Therian|227\/320
|-damage|p1a: Landorus-Therian|197\/320
|-damage|p1a: Landorus-Therian|164\/320
|-hitcount|p1a: Landorus-Therian|5
|
|-weather|Sandstorm|[upkeep]
|-damage|p2a: Heracross|157\/311|[from] sandstorm
|turn|8
|c|âFrozenCold|I'm hungry -.-
|c| HerpDerpFlurp|me too
|
|switch|p2a: Ferrothorn|Ferrothorn, M|352\/352
|-damage|p2a: Ferrothorn|330\/352|[from] Stealth Rock
|move|p1a: Landorus-Therian|Stone Edge|p2a: Ferrothorn|[miss]
|-miss|p1a: Landorus-Therian|p2a: Ferrothorn
|
|-weather|none
|-heal|p2a: Ferrothorn|352\/352|[from] item: Leftovers
|turn|9
|c| amg|hot
|c| lmlonely|he llost
|c| Storm Jesus|Lets get some Mexican hot dogs
|c| Storm Jesus|:]
|c| HerpDerpFlurp|spoilers: dumbledore dies
|leave|LadderSoTall
|leave|StrengthOfHeart
|
|switch|p1a: Earthquake|Heatran, M|386\/386
|switch|p2a: Heracross|Heracross-Mega, M|157\/311
|-damage|p2a: Heracross|119\/311|[from] Stealth Rock
|
|turn|10
|c| MeGalladeBetch|...
|leave|Skysoki
|c| Storm Jesus|what
|c| Storm Jesus|its a standardplay
|
|switch|p1a: Landorus-Therian|Landorus-Therian, M|164\/320
|-ability|p1a: Landorus-Therian|Intimidate|[of] p2a: Heracross
|-unboost|p2a: Heracross|atk|1
|move|p2a: Heracross|Close Combat|p1a: Landorus-Therian
|-resisted|p1a: Landorus-Therian
|-damage|p1a: Landorus-Therian|56\/320
|-unboost|p2a: Heracross|def|1
|-unboost|p2a: Heracross|spd|1
|
|turn|11
|c| Storm Jesus|whats the fucking dots for
|c| HerpDerpFlurp|wat?
|c| MeGalladeBetch|I like dots
|
|switch|p1a: Earthquake|Heatran, M|386\/386
|switch|p2a: Ferrothorn|Ferrothorn, M|352\/352
|-damage|p2a: Ferrothorn|330\/352|[from] Stealth Rock
|
|-heal|p2a: Ferrothorn|352\/352|[from] item: Leftovers
|turn|12
|c| MeGalladeBetch|...
|c| HerpDerpFlurp|...
|
|switch|p2a: Tyranitar|Tyranitar, F|299\/341 par
|-damage|p2a: Tyranitar|257\/341 par|[from] Stealth Rock
|-weather|Sandstorm
|move|p1a: Earthquake|Lava Plume|p2a: Tyranitar
|-resisted|p2a: Tyranitar
|-damage|p2a: Tyranitar|218\/341 par
|
|-weather|Sandstorm|[upkeep]
|turn|13
|join|altei
|join|Snoorun
|leave|beppityboopbop
|c| amg|...
|leave|HerpDerpFlurp
|join|Snoorunt
|
|switch|p1a: Majestic Pony|Keldeo-Resolute|323\/323
|move|p2a: Tyranitar|Crunch|p1a: Majestic Pony
|-resisted|p1a: Majestic Pony
|-damage|p1a: Majestic Pony|249\/323
|-boost|p1a: Majestic Pony|atk|1|[from] ability: Justified
|
|-weather|Sandstorm|[upkeep]
|-damage|p1a: Majestic Pony|229\/323|[from] sandstorm
|turn|14
|
|switch|p1a: Landorus-Therian|Landorus-Therian, M|56\/320
|-ability|p1a: Landorus-Therian|Intimidate|[of] p2a: Tyranitar
|-unboost|p2a: Tyranitar|atk|1
|switch|p2a: Latias|Latias, F|319\/319
|-damage|p2a: Latias|280\/319|[from] Stealth Rock
|
|-weather|Sandstorm|[upkeep]
|-damage|p2a: Latias|261\/319|[from] sandstorm
|turn|15
|
|switch|p2a: Ferrothorn|Ferrothorn, M|352\/352
|-damage|p2a: Ferrothorn|330\/352|[from] Stealth Rock
|move|p1a: Landorus-Therian|U-turn|p2a: Ferrothorn
|-damage|p2a: Ferrothorn|273\/352
|-damage|p1a: Landorus-Therian|16\/320|[from] ability: Iron Barbs|[of] p2a: Ferrothorn
|
|switch|p1a: Earthquake|Heatran, M|386\/386
|
|-weather|Sandstorm|[upkeep]
|-heal|p2a: Ferrothorn|295\/352|[from] item: Leftovers
|turn|16
|
|move|p2a: Ferrothorn|Protect|p2a: Ferrothorn
|-singleturn|p2a: Ferrothorn|Protect
|move|p1a: Earthquake|Flash Cannon|p2a: Ferrothorn
|-activate|p2a: Ferrothorn|Protect
|
|-weather|none
|-heal|p2a: Ferrothorn|317\/352|[from] item: Leftovers
|turn|17
|c| MeGalladeBetch|spoiler: ...
|
|switch|p2a: Latias|Latias, F|261\/319
|-damage|p2a: Latias|222\/319|[from] Stealth Rock
|move|p1a: Earthquake|Lava Plume|p2a: Latias
|-resisted|p2a: Latias
|-damage|p2a: Latias|171\/319
|
|turn|18
|c| amg|how do u spoiler again
|c|âFrozenCold|spoiler: I'm hungry
|c| Ban The Ninja|spoiler: bet this won't work
|c|âFrozenCold|spoiler:
|c| Ban The Ninja|o
|c| Ban The Ninja|lol
|c| Padapos' stepdad|spoiler: MeGalladeBetch sucks a big black dick
|c| amg|can u not
|
|move|p2a: Latias|Defog|p1a: Earthquake
|-unboost|p1a: Earthquake|evasion|1
|-sideend|p2: qwazz|Stealth Rock|[from] move: Defog|[of] p2a: Latias
|move|p1a: Earthquake|Flash Cannon|p2a: Latias
|-damage|p2a: Latias|68\/319
|-unboost|p2a: Latias|spd|1
|
|turn|19
|join|ayylmaoayy
|
|switch|p2a: Gengar|Gengar, F|261\/261
|move|p1a: Earthquake|Lava Plume|p2a: Gengar
|-damage|p2a: Gengar|108\/261
|-status|p2a: Gengar|brn
|
|-damage|p2a: Gengar|76\/261 brn|[from] brn
|turn|20
|leave|ayylmaoayy
|c| amg|wuts the command
|c| Ban The Ninja|spoiler: frozencold just burned the game away ;]
|c| MeGalladeBetch|spoiler: well good things yours don't fit those requirements
|
|switch|p1a: OnionFairy|Celebi|357\/404
|move|p2a: Gengar|Focus Blast|p1a: OnionFairy
|-resisted|p1a: OnionFairy
|-damage|p1a: OnionFairy|269\/404
|-damage|p2a: Gengar|50\/261 brn|[from] item: Life Orb
|
|-heal|p1a: OnionFairy|294\/404|[from] item: Leftovers
|-damage|p2a: Gengar|18\/261 brn|[from] brn
|turn|21
|c| amg|to do spoilers
|c| amg|omg
|c| Storm Jesus|...
|c| Ban The Ninja|spoiler: amg sucks
|c|âFrozenCold|lol
|join|Nutted
|c| amg|[hide]fuku[\/hide]
|c| amg|o.o
|
|switch|p1a: Earthquake|Heatran, M|386\/386
|move|p2a: Gengar|Focus Blast|p1a: Earthquake|[miss]
|-miss|p2a: Gengar|p1a: Earthquake
|
|-damage|p2a: Gengar|0 fnt|[from] brn
|faint|p2a: Gengar
|join|sllooot69
|c|âFrozenCold|my bad
|c| Ban The Ninja|You call that a focus blast?
|c| Ban The Ninja|Where's the focus?
|c| amg|[hide]FUCKU[\/hide]
|c| dukevesper|^
|c| Ban The Ninja|(LITERAL QUOTE FROM THE ANIME)
|c| Ban The Ninja|(LOL)
|c| Padapos' stepdad|spoiler: its 8 inches long and not black
|c| Storm Jesus|...
|
|switch|p2a: Heracross|Heracross-Mega, M|119\/311
|turn|22
|c| MeGalladeBetch|He didn't focus hard enough
|c| dukevesper|this hera better have speed investment lol
|join|Fubuki's Revenge
|c| Storm Jesus|ban the ninja?
|c| Storm Jesus|ban the non-ninja man
|
|switch|p1a: OnionFairy|Celebi|294\/404
|move|p2a: Heracross|Close Combat|p1a: OnionFairy
|-resisted|p1a: OnionFairy
|-damage|p1a: OnionFairy|180\/404
|-unboost|p2a: Heracross|def|1
|-unboost|p2a: Heracross|spd|1
|
|-heal|p1a: OnionFairy|205\/404|[from] item: Leftovers
|turn|23
|c| Storm Jesus|ban the egg guy
|c| Storm Jesus|:]
|c| amg|spoiler test
|c| amg|fuck
|c| amg|how do u do this shit
|c| Assaltwaffle|spoiler: diddy kong is too stronk
|
|switch|p2a: Talonflame|Talonflame, M|297\/297
|move|p1a: OnionFairy|Baton Pass|p1a: OnionFairy
|c|âFrozenCold|u do spoiler:
|c| amg|spoiler:y
|c| amg|OH
|c| amg|'-'
|
|switch|p1a: Sparkly|Diancie|241\/241
|
|turn|24
|
|switch|p1a: Earthquake|Heatran, M|386\/386
|move|p2a: Talonflame|U-turn|p1a: Earthquake
|-resisted|p1a: Earthquake
|-damage|p1a: Earthquake|365\/386
|c|âFrozenCold|o yea
|c|âFrozenCold|ur fast
|
|switch|p2a: Heracross|Heracross-Mega, M|119\/311
|
|-heal|p1a: Earthquake|386\/386|[from] item: Leftovers
|turn|25
|c| TheSleepingPsyduck|:]
|c| Storm Jesus|wy
|c| Storm Jesus|no max speed tran
|c| TheSleepingPsyduck|:]
|c| Nutted|spoiler: hi
|
|switch|p1a: Landorus-Therian|Landorus-Therian, M|16\/320
|-ability|p1a: Landorus-Therian|Intimidate|[of] p2a: Heracross
|-unboost|p2a: Heracross|atk|1
|move|p2a: Heracross|Substitute|p2a: Heracross
|-start|p2a: Heracross|Substitute
|-damage|p2a: Heracross|42\/311
|
|turn|26
|c| amg|spoiler:spoiler:spoiler xd
|c| Storm Jesus|KEKZIES
|c|âFrozenCold|spoiler: when should I forfeit?
|
|move|p1a: Landorus-Therian|Stone Edge|p2a: Heracross
|-end|p2a: Heracross|Substitute
|move|p2a: Heracross|Pin Missile|p1a: Landorus-Therian
|-resisted|p1a: Landorus-Therian
|-damage|p1a: Landorus-Therian|0 fnt
|-hitcount|p1a: Landorus-Therian|1
|faint|p1a: Landorus-Therian
|
|
|switch|p1a: Majestic Pony|Keldeo-Resolute|229\/323
|turn|27
|
|switch|p2a: Tyranitar|Tyranitar, F|218\/341 par
|-weather|Sandstorm
|move|p1a: Majestic Pony|Icy Wind|p2a: Tyranitar
|-damage|p2a: Tyranitar|178\/341 par
|-unboost|p2a: Tyranitar|spe|1
|
|-weather|Sandstorm|[upkeep]
|-damage|p1a: Majestic Pony|209\/323|[from] sandstorm
|turn|28
|c| sllooot69|spoiler: frozen cold is actually melting
|leave|ToxicroakXY
|c| Padapos' stepdad|raping little girls has never felt so energizing
|c|âFrozenCold|-.-
|
|switch|p1a: Conkeldurr|Conkeldurr, M|279\/378
|switch|p2a: Talonflame|Talonflame, M|297\/297
|
|-weather|Sandstorm|[upkeep]
|-damage|p2a: Talonflame|279\/297|[from] sandstorm
|-damage|p1a: Conkeldurr|256\/378|[from] sandstorm
|turn|29
|c|âFrozenCold|wtf
|leave|Wheezer
|
|move|p2a: Talonflame|U-turn|p1a: Conkeldurr
|-resisted|p1a: Conkeldurr
|-damage|p1a: Conkeldurr|214\/378
|
|switch|p2a: Ferrothorn|Ferrothorn, M|317\/352
|move|p1a: Conkeldurr|Knock Off|p2a: Ferrothorn
|-damage|p2a: Ferrothorn|245\/352
|-damage|p1a: Conkeldurr|167\/378|[from] ability: Iron Barbs|[of] p2a: Ferrothorn
|-enditem|p2a: Ferrothorn|Leftovers|[from] move: Knock Off|[of] p1a: Conkeldurr
|
|-weather|Sandstorm|[upkeep]
|-damage|p1a: Conkeldurr|144\/378|[from] sandstorm
|turn|30
|c| sllooot69|prrrrrrrrredddddddddicccct
|
|move|p1a: Conkeldurr|Drain Punch|p2a: Ferrothorn
|-supereffective|p2a: Ferrothorn
|-damage|p2a: Ferrothorn|63\/352
|-heal|p1a: Conkeldurr|235\/378|[from] drain|[of] p2a: Ferrothorn
|-damage|p1a: Conkeldurr|188\/378|[from] ability: Iron Barbs|[of] p2a: Ferrothorn
|move|p2a: Ferrothorn|Stealth Rock|p1a: Conkeldurr
|-sidestart|p1: FrozenCold|move: Stealth Rock
|
|-weather|Sandstorm|[upkeep]
|-damage|p1a: Conkeldurr|165\/378|[from] sandstorm
|turn|31
|join|trashboattanner
|
|switch|p2a: Talonflame|Talonflame, M|279\/297
|move|p1a: Conkeldurr|Knock Off|p2a: Talonflame
|-damage|p2a: Talonflame|119\/297
|-enditem|p2a: Talonflame|Choice Band|[from] move: Knock Off|[of] p1a: Conkeldurr
|
|-weather|none
|turn|32
|leave|trashboattanner
|
|move|p2a: Talonflame|U-turn|p1a: Conkeldurr
|-resisted|p1a: Conkeldurr
|-damage|p1a: Conkeldurr|137\/378
|
|switch|p2a: Ferrothorn|Ferrothorn, M|63\/352
|move|p1a: Conkeldurr|Ice Punch|p2a: Ferrothorn
|-damage|p2a: Ferrothorn|4\/352
|-damage|p1a: Conkeldurr|90\/378|[from] ability: Iron Barbs|[of] p2a: Ferrothorn
|
|turn|33
|leave|lmlonely
|c| amg|this battle is just a bunch of average plays
|join|Snickered
|c| sllooot69|spolier: amgisabitch
|leave|sllooot69
|c| Snickered|lol
|c| dukevesper|lol
|join|Teremiare
|c|âFrozenCold|fail
|c| Fubuki's Revenge|lol
|
|move|p1a: Conkeldurr|Ice Punch|p2a: Ferrothorn
|-damage|p2a: Ferrothorn|0 fnt
|-damage|p1a: Conkeldurr|43\/378|[from] ability: Iron Barbs|[of] p2a: Ferrothorn
|faint|p2a: Ferrothorn
|
|c| dukevesper|he just left after xD
|c| Fubuki's Revenge|xD
|c| amg|lmao
|join|GrandBlack
|c| amg|he got scared
|c| amg|i would fuk him up
|
|switch|p2a: Heracross|Heracross-Mega, M|42\/311
|turn|34
|c| amg|spoiler:ill find him and fuk him up anyways
|c|âFrozenCold|spoiler: Amg attacks sllooot69
|c| Snickered|ur ballsy mayun
|
|move|p1a: Conkeldurr|Mach Punch|p2a: Heracross
|-resisted|p2a: Heracross
|-damage|p2a: Heracross|10\/311
|move|p2a: Heracross|Pin Missile|p1a: Conkeldurr
|-resisted|p1a: Conkeldurr
|-damage|p1a: Conkeldurr|15\/378
|-resisted|p1a: Conkeldurr
|-damage|p1a: Conkeldurr|0 fnt
|-hitcount|p1a: Conkeldurr|2
|faint|p1a: Conkeldurr
|
|join|jake five
|join|daszxcv
|
|switch|p1a: Majestic Pony|Keldeo-Resolute|209\/323
|-damage|p1a: Majestic Pony|189\/323|[from] Stealth Rock
|turn|35
|
|switch|p2a: Tyranitar|Tyranitar, F|178\/341 par
|-weather|Sandstorm
|move|p1a: Majestic Pony|Scald|p2a: Tyranitar
|-supereffective|p2a: Tyranitar
|-damage|p2a: Tyranitar|0 fnt
|faint|p2a: Tyranitar
|
|-weather|Sandstorm|[upkeep]
|-damage|p1a: Majestic Pony|169\/323|[from] sandstorm
|c| amg|gotem
|c|âFrozenCold|nice sack
|
|switch|p2a: Latias|Latias, F|68\/319
|turn|36
|
|move|p1a: Majestic Pony|Scald|p2a: Latias
|-resisted|p2a: Latias
|-damage|p2a: Latias|14\/319
|move|p2a: Latias|Healing Wish|p2a: Latias
|faint|p2a: Latias
|
|-weather|Sandstorm|[upkeep]
|-damage|p1a: Majestic Pony|149\/323|[from] sandstorm
|c|âFrozenCold|gotta go fishing
|
|switch|p2a: Heracross|Heracross-Mega, M|10\/311
|-heal|p2a: Heracross|311\/311|[from] move: Healing Wish
|turn|37
|c| amg|hp flying
|join|sllooot69
|c| amg|gg2ez
|
|move|p1a: Majestic Pony|Scald|p2a: Heracross
|-damage|p2a: Heracross|179\/311
|move|p2a: Heracross|Substitute|p2a: Heracross
|-start|p2a: Heracross|Substitute
|-damage|p2a: Heracross|102\/311
|
|-weather|Sandstorm|[upkeep]
|-damage|p1a: Majestic Pony|129\/323|[from] sandstorm
|-damage|p2a: Heracross|83\/311|[from] sandstorm
|turn|38
|c| amg|hi sllooot69
|c| Padapos' stepdad|?
|c| sllooot69|sup amg
|c| sllooot69|u a little bitch huh
|c| amg|ur a littler bitch
|c| Padapos' stepdad|gay play
|join|The Forever Grunt
|leave|Ban The Ninja
|join|Ban The Ninja
|c| dukevesper|sub?
|
|move|p1a: Majestic Pony|Scald|p2a: Heracross
|-end|p2a: Heracross|Substitute
|move|p2a: Heracross|Close Combat|p1a: Majestic Pony
|-damage|p1a: Majestic Pony|0 fnt
|-unboost|p2a: Heracross|def|1
|-unboost|p2a: Heracross|spd|1
|faint|p1a: Majestic Pony
|
|-weather|Sandstorm|[upkeep]
|-damage|p2a: Heracross|64\/311|[from] sandstorm
|c| Snickered|wtf my nigga
|leave|Fubuki's Revenge
|
|switch|p1a: OnionFairy|Celebi|205\/404
|-damage|p1a: OnionFairy|155\/404|[from] Stealth Rock
|turn|39
|c| dukevesper|i guess to be fair the only way qwazz could win is if he subbed and Frozen for some reason switched
|
|switch|p2a: Talonflame|Talonflame, M|119\/297
|move|p1a: OnionFairy|Thunder Wave|p2a: Talonflame
|-status|p2a: Talonflame|par
|
|-weather|none
|-heal|p1a: OnionFairy|180\/404|[from] item: Leftovers
|turn|40
|c| Snickered|true
|c| Ban The Ninja|if that heatran is timid
|c| Ban The Ninja|it wins
|join|ayylmaoayy
|
|move|p1a: OnionFairy|Recover|p1a: OnionFairy
|-heal|p1a: OnionFairy|382\/404
|move|p2a: Talonflame|U-turn|p1a: OnionFairy
|-supereffective|p1a: OnionFairy
|-damage|p1a: OnionFairy|190\/404
|c| Ban The Ninja|oh my
|
|switch|p2a: Heracross|Heracross-Mega, M|64\/311
|
|-heal|p1a: OnionFairy|215\/404|[from] item: Leftovers
|turn|41
|c| Ban The Ninja|pro play
|c| Snickered|plays
|
|move|p2a: Heracross|Close Combat|p1a: OnionFairy
|-resisted|p1a: OnionFairy
|-damage|p1a: OnionFairy|109\/404
|-unboost|p2a: Heracross|def|1
|-unboost|p2a: Heracross|spd|1
|move|p1a: OnionFairy|Thunder Wave|p2a: Heracross
|-status|p2a: Heracross|par
|
|-heal|p1a: OnionFairy|134\/404|[from] item: Leftovers
|turn|42
|c| Snickered|bruh
|c|âFrozenCold|gg
|c|âFrozenCold|o wait
|c|âFrozenCold|spoiler: I'm going to forfeit
|c| amg|where is ur pin missile
|c| amg|hello
|c| Ban The Ninja|spoiler: why?
|-message|FrozenCold forfeited.
|
|win|qwazz
|
|c| Snickered|meanie wat
|c| dukevesper|uh
|leave|amg
|leave|MeGalladeBetch
|c|âFrozenCold|Need to do other crap 1st
|leave|Ban The Ninja
|leave|Snickered
|leave|FrozenCold