|join|Qwazz
|join|amg
|player|p1|Qwazz|170
|player|p2|amg|173
|gametype|singles
|gen|6
|tier|OU (suspect test)
|clearpoke
|poke|p1|Ferrothorn, F
|poke|p1|Latias, F
|poke|p1|Terrakion
|poke|p1|Talonflame, M
|poke|p1|Swampert, M
|poke|p1|Rotom-Wash
|poke|p2|Ferroseed, F
|poke|p2|Slowpoke, M
|poke|p2|Jigglypuff, M
|poke|p2|Gligar, M
|poke|p2|Natu, F
|poke|p2|Diglett, M
|rule|Swagger Clause: Swagger is banned
|rule|Baton Pass Clause: Limit one PokÃ©mon knowing Baton Pass
|rule|Sleep Clause Mod: Limit one foe put to sleep
|rule|Species Clause: Limit one of each PokÃ©mon
|rule|OHKO Clause: OHKO moves are banned
|rule|Moody Clause: Moody is banned
|rule|Evasion Moves Clause: Evasion moves are banned
|rule|Endless Battle Clause: Forcing endless battles is banned
|rule|HP Percentage Mod: HP is shown in percentages
|teampreview
|
|start
|switch|p1a: Kiss My Lips|Ferrothorn, F|352\/352
|switch|p2a: Diglett|Diglett, M|161\/161
|turn|1
|c|âamg|i need to change natu and diglett
|c|âamg|they are useless
|c|âamg|any suggestions xd
|
|move|p2a: Diglett|Stealth Rock|p1a: Kiss My Lips
|-sidestart|p1: Qwazz|move: Stealth Rock
|move|p1a: Kiss My Lips|Stealth Rock|p2a: Diglett
|-sidestart|p2: amg|move: Stealth Rock
|
|turn|2
|
|move|p2a: Diglett|Earthquake|p1a: Kiss My Lips
|-damage|p1a: Kiss My Lips|279\/352
|move|p1a: Kiss My Lips|Stealth Rock|p2a: Diglett
|-fail|p2a: Diglett
|
|-heal|p1a: Kiss My Lips|301\/352|[from] item: Leftovers
|turn|3
|
|move|p2a: Diglett|Earthquake|p1a: Kiss My Lips
|-damage|p1a: Kiss My Lips|232\/352
|move|p1a: Kiss My Lips|Stealth Rock|p2a: Diglett
|-fail|p2a: Diglett
|
|-heal|p1a: Kiss My Lips|254\/352|[from] item: Leftovers
|turn|4
|c|âamg|???
|
|move|p2a: Diglett|Earthquake|p1a: Kiss My Lips
|-crit|p1a: Kiss My Lips
|-damage|p1a: Kiss My Lips|160\/352
|move|p1a: Kiss My Lips|Stealth Rock|p2a: Diglett
|-fail|p2a: Diglett
|
|-heal|p1a: Kiss My Lips|182\/352|[from] item: Leftovers
|turn|5
|
|move|p2a: Diglett|Earthquake|p1a: Kiss My Lips
|-damage|p1a: Kiss My Lips|113\/352
|move|p1a: Kiss My Lips|Stealth Rock|p2a: Diglett
|-fail|p2a: Diglett
|
|-heal|p1a: Kiss My Lips|135\/352|[from] item: Leftovers
|turn|6
|
|move|p2a: Diglett|Earthquake|p1a: Kiss My Lips
|-damage|p1a: Kiss My Lips|72\/352
|move|p1a: Kiss My Lips|Stealth Rock|p2a: Diglett
|-fail|p2a: Diglett
|
|-heal|p1a: Kiss My Lips|94\/352|[from] item: Leftovers
|turn|7
|
|move|p2a: Diglett|Earthquake|p1a: Kiss My Lips
|-damage|p1a: Kiss My Lips|27\/352
|move|p1a: Kiss My Lips|Stealth Rock|p2a: Diglett
|-fail|p2a: Diglett
|
|-heal|p1a: Kiss My Lips|49\/352|[from] item: Leftovers
|turn|8
|
|move|p2a: Diglett|Earthquake|p1a: Kiss My Lips
|-damage|p1a: Kiss My Lips|0 fnt
|faint|p1a: Kiss My Lips
|
|c|âamg|'-'
|
|switch|p1a: Set Fire|Talonflame, M|359\/359
|-damage|p1a: Set Fire|180\/359|[from] Stealth Rock
|turn|9
|c|âamg|nice 7hko
|
|switch|p1a: You Saved Me|Latias, F|345\/345
|-damage|p1a: You Saved Me|302\/345|[from] Stealth Rock
|move|p2a: Diglett|Reversal|p1a: You Saved Me
|-resisted|p1a: You Saved Me
|-damage|p1a: You Saved Me|294\/345
|
|turn|10
|c|âamg|damn u got me
|
|switch|p1a: Set Fire|Talonflame, M|180\/359
|-damage|p1a: Set Fire|1\/359|[from] Stealth Rock
|move|p2a: Diglett|Toxic|p1a: Set Fire
|-status|p1a: Set Fire|tox
|
|-heal|p1a: Set Fire|23\/359 tox|[from] item: Leftovers
|-damage|p1a: Set Fire|1\/359 tox|[from] psn
|turn|11
|c|âamg|wut r u doing
|
|switch|p1a: You Saved Me|Latias, F|294\/345
|-damage|p1a: You Saved Me|251\/345|[from] Stealth Rock
|move|p2a: Diglett|Reversal|p1a: You Saved Me
|-resisted|p1a: You Saved Me
|-damage|p1a: You Saved Me|243\/345
|
|turn|12
|c|âamg|?????
|
|move|p1a: You Saved Me|Healing Wish|p1a: You Saved Me
|faint|p1a: You Saved Me
|move|p2a: Diglett|Reversal|p1: You Saved Me|[notarget]
|-notarget
|
|
|switch|p1a: It Was Dark|Terrakion|323\/323
|-heal|p1a: It Was Dark|323\/323|[from] move: Healing Wish
|-damage|p1a: It Was Dark|303\/323|[from] Stealth Rock
|turn|13
|
|move|p1a: It Was Dark|Stone Edge|p2a: Diglett
|-crit|p2a: Diglett
|-resisted|p2a: Diglett
|-enditem|p2a: Diglett|Focus Sash
|-damage|p2a: Diglett|1\/161
|move|p2a: Diglett|Reversal|p1a: It Was Dark
|-supereffective|p1a: It Was Dark
|-damage|p1a: It Was Dark|17\/323
|
|turn|14
|c|âamg|wow low dmg roll
|
|move|p1a: It Was Dark|Stone Edge|p2a: Diglett
|-resisted|p2a: Diglett
|-damage|p2a: Diglett|0 fnt
|faint|p2a: Diglett
|
|c|âamg|wtf hits twice
|
|switch|p2a: Slowpoke|Slowpoke, M|383\/383
|-damage|p2a: Slowpoke|336\/383|[from] Stealth Rock
|turn|15
|
|switch|p1a: Set Fire|Talonflame, M|1\/359 tox
|-damage|p1a: Set Fire|0 fnt|[from] Stealth Rock
|faint|p1a: Set Fire
|move|p2a: Slowpoke|Scald|p1: Set Fire|[notarget]
|-notarget
|
|
|switch|p1a: Well It's Burned|Rotom-Wash|304\/304
|-damage|p1a: Well It's Burned|266\/304|[from] Stealth Rock
|turn|16
|
|switch|p1a: It Was Dark|Terrakion|17\/323
|-damage|p1a: It Was Dark|0 fnt|[from] Stealth Rock
|faint|p1a: It Was Dark
|switch|p2a: Ferroseed|Ferroseed, F|291\/291
|-damage|p2a: Ferroseed|273\/291|[from] Stealth Rock
|
|c|âamg|damn u got smashed
|c|âamg|by a lc ubers team
|
|switch|p1a: Well It's Burned|Rotom-Wash|266\/304
|-damage|p1a: Well It's Burned|228\/304|[from] Stealth Rock
|turn|17
|c|âamg|u shud feel bad
|c|âamg|im saving the replay and posting in ou chat
|
|move|p1a: Well It's Burned|Will-O-Wisp|p2a: Ferroseed
|-status|p2a: Ferroseed|brn
|move|p2a: Ferroseed|Leech Seed|p1a: Well It's Burned
|-start|p1a: Well It's Burned|move: Leech Seed
|
|-heal|p1a: Well It's Burned|247\/304|[from] item: Leftovers
|-damage|p1a: Well It's Burned|209\/304|[from] Leech Seed|[of] p2a: Ferroseed
|-heal|p2a: Ferroseed|291\/291 brn|[silent]
|-damage|p2a: Ferroseed|255\/291 brn|[from] brn
|turn|18
|
|move|p1a: Well It's Burned|Volt Switch|p2a: Ferroseed
|-resisted|p2a: Ferroseed
|-damage|p2a: Ferroseed|230\/291 brn
|
|switch|p1a: To The Rain|Swampert, M|403\/403
|-damage|p1a: To The Rain|378\/403|[from] Stealth Rock
|move|p2a: Ferroseed|Toxic|p1a: To The Rain
|-status|p1a: To The Rain|tox
|
|-damage|p1a: To The Rain|353\/403 tox|[from] psn
|-damage|p2a: Ferroseed|194\/291 brn|[from] brn
|turn|19
|c|âamg|gotem
|
|switch|p1a: Well It's Burned|Rotom-Wash|209\/304
|-damage|p1a: Well It's Burned|171\/304|[from] Stealth Rock
|move|p2a: Ferroseed|Leech Seed|p1a: Well It's Burned
|-start|p1a: Well It's Burned|move: Leech Seed
|
|-heal|p1a: Well It's Burned|190\/304|[from] item: Leftovers
|-damage|p1a: Well It's Burned|152\/304|[from] Leech Seed|[of] p2a: Ferroseed
|-heal|p2a: Ferroseed|232\/291 brn|[silent]
|-damage|p2a: Ferroseed|196\/291 brn|[from] brn
|turn|20
|
|move|p1a: Well It's Burned|Volt Switch|p2a: Ferroseed
|-resisted|p2a: Ferroseed
|-damage|p2a: Ferroseed|172\/291 brn
|
|switch|p1a: To The Rain|Swampert, M|353\/403 tox
|-damage|p1a: To The Rain|328\/403 tox|[from] Stealth Rock
|move|p2a: Ferroseed|Leech Seed|p1a: To The Rain
|-start|p1a: To The Rain|move: Leech Seed
|
|-damage|p1a: To The Rain|278\/403 tox|[from] Leech Seed|[of] p2a: Ferroseed
|-heal|p2a: Ferroseed|222\/291 brn|[silent]
|-damage|p1a: To The Rain|253\/403 tox|[from] psn
|-damage|p2a: Ferroseed|186\/291 brn|[from] brn
|turn|21
|
|switch|p1a: Well It's Burned|Rotom-Wash|152\/304
|-damage|p1a: Well It's Burned|114\/304|[from] Stealth Rock
|move|p2a: Ferroseed|Leech Seed|p1a: Well It's Burned
|-start|p1a: Well It's Burned|move: Leech Seed
|
|-heal|p1a: Well It's Burned|133\/304|[from] item: Leftovers
|-damage|p1a: Well It's Burned|95\/304|[from] Leech Seed|[of] p2a: Ferroseed
|-heal|p2a: Ferroseed|224\/291 brn|[silent]
|-damage|p2a: Ferroseed|188\/291 brn|[from] brn
|turn|22
|
|move|p1a: Well It's Burned|Pain Split|p2a: Ferroseed
|-sethp|p2a: Ferroseed|141\/291 brn|p1a: Well It's Burned|141\/304|[from] move: Pain Split
|move|p2a: Ferroseed|Leech Seed|p1a: Well It's Burned|[miss]
|-miss|p2a: Ferroseed|p1a: Well It's Burned
|
|-heal|p1a: Well It's Burned|160\/304|[from] item: Leftovers
|-damage|p1a: Well It's Burned|122\/304|[from] Leech Seed|[of] p2a: Ferroseed
|-heal|p2a: Ferroseed|179\/291 brn|[silent]
|-damage|p2a: Ferroseed|143\/291 brn|[from] brn
|turn|23
|c|âamg|damn i got outplayed
|
|move|p1a: Well It's Burned|Pain Split|p2a: Ferroseed
|-sethp|p2a: Ferroseed|132\/291 brn|p1a: Well It's Burned|132\/304|[from] move: Pain Split
|move|p2a: Ferroseed|Toxic|p1a: Well It's Burned
|-status|p1a: Well It's Burned|tox
|
|-heal|p1a: Well It's Burned|151\/304 tox|[from] item: Leftovers
|-damage|p1a: Well It's Burned|113\/304 tox|[from] Leech Seed|[of] p2a: Ferroseed
|-heal|p2a: Ferroseed|170\/291 brn|[silent]
|-damage|p1a: Well It's Burned|94\/304 tox|[from] psn
|-damage|p2a: Ferroseed|134\/291 brn|[from] brn
|turn|24
|
|move|p1a: Well It's Burned|Hydro Pump|p2a: Ferroseed|[miss]
|-miss|p1a: Well It's Burned|p2a: Ferroseed
|move|p2a: Ferroseed|Knock Off|p1a: Well It's Burned
|-damage|p1a: Well It's Burned|77\/304 tox
|-enditem|p1a: Well It's Burned|Leftovers|[from] move: Knock Off|[of] p2a: Ferroseed
|
|-damage|p1a: Well It's Burned|39\/304 tox|[from] Leech Seed|[of] p2a: Ferroseed
|-heal|p2a: Ferroseed|172\/291 brn|[silent]
|-damage|p1a: Well It's Burned|1\/304 tox|[from] psn
|-damage|p2a: Ferroseed|136\/291 brn|[from] brn
|turn|25
|
|move|p2a: Ferroseed|Protect|p2a: Ferroseed
|-singleturn|p2a: Ferroseed|Protect
|move|p1a: Well It's Burned|Pain Split|p2a: Ferroseed
|-activate|p2a: Ferroseed|Protect
|
|-damage|p1a: Well It's Burned|0 fnt|[from] Leech Seed|[of] p2a: Ferroseed
|-heal|p2a: Ferroseed|137\/291 brn|[silent]
|-damage|p2a: Ferroseed|101\/291 brn|[from] brn
|faint|p1a: Well It's Burned
|
|switch|p1a: To The Rain|Swampert, M|253\/403 tox
|-damage|p1a: To The Rain|228\/403 tox|[from] Stealth Rock
|turn|26
|
|detailschange|p1a: To The Rain|Swampert-Mega, M
|-mega|p1a: To The Rain|Swampert|Swampertite
|move|p1a: To The Rain|Waterfall|p2a: Ferroseed
|-resisted|p2a: Ferroseed
|-damage|p2a: Ferroseed|52\/291 brn
|-damage|p1a: To The Rain|178\/403 tox|[from] ability: Iron Barbs|[of] p2a: Ferroseed
|move|p2a: Ferroseed|Leech Seed|p1a: To The Rain
|-start|p1a: To The Rain|move: Leech Seed
|
|-damage|p1a: To The Rain|128\/403 tox|[from] Leech Seed|[of] p2a: Ferroseed
|-heal|p2a: Ferroseed|102\/291 brn|[silent]
|-damage|p1a: To The Rain|103\/403 tox|[from] psn
|-damage|p2a: Ferroseed|66\/291 brn|[from] brn
|turn|27
|c|âamg|yummy
|c|âamg|eating it up
|
|switch|p2a: Slowpoke|Slowpoke, M|383\/383
|-damage|p2a: Slowpoke|336\/383|[from] Stealth Rock
|move|p1a: To The Rain|Rest|p1a: To The Rain
|-status|p1a: To The Rain|slp
|-heal|p1a: To The Rain|403\/403 slp|[silent]
|-status|p1a: To The Rain|slp|[from] move: Rest
|
|-damage|p1a: To The Rain|353\/403 slp|[from] Leech Seed|[of] p2a: Slowpoke
|-heal|p2a: Slowpoke|383\/383|[silent]
|turn|28
|c|âamg|what
|
|cant|p1a: To The Rain|slp
|move|p1a: To The Rain|Sleep Talk|p1a: To The Rain
|move|p1a: To The Rain|Rest|p1a: To The Rain|[from]Sleep Talk
|-fail|p1a: To The Rain
|move|p2a: Slowpoke|Scald|p1a: To The Rain
|-damage|p1a: To The Rain|319\/403 slp
|
|-damage|p1a: To The Rain|269\/403 slp|[from] Leech Seed|[of] p2a: Slowpoke
|turn|29
|
|cant|p1a: To The Rain|slp
|move|p1a: To The Rain|Sleep Talk|p1a: To The Rain
|move|p1a: To The Rain|Curse|p1a: To The Rain|[from]Sleep Talk
|-boost|p1a: To The Rain|atk|1
|-boost|p1a: To The Rain|def|1
|-unboost|p1a: To The Rain|spe|1
|move|p2a: Slowpoke|Scald|p1a: To The Rain
|-damage|p1a: To The Rain|233\/403 slp
|
|-damage|p1a: To The Rain|183\/403 slp|[from] Leech Seed|[of] p2a: Slowpoke
|turn|30
|
|-curestatus|p1a: To The Rain|slp
|move|p1a: To The Rain|Curse|p1a: To The Rain
|-boost|p1a: To The Rain|atk|1
|-boost|p1a: To The Rain|def|1
|-unboost|p1a: To The Rain|spe|1
|move|p2a: Slowpoke|Scald|p1a: To The Rain
|-damage|p1a: To The Rain|150\/403
|
|-damage|p1a: To The Rain|100\/403|[from] Leech Seed|[of] p2a: Slowpoke
|turn|31
|
|move|p1a: To The Rain|Rest|p1a: To The Rain
|-status|p1a: To The Rain|slp
|-heal|p1a: To The Rain|403\/403 slp|[silent]
|-status|p1a: To The Rain|slp|[from] move: Rest
|move|p2a: Slowpoke|Scald|p1a: To The Rain
|-damage|p1a: To The Rain|370\/403 slp
|
|-damage|p1a: To The Rain|320\/403 slp|[from] Leech Seed|[of] p2a: Slowpoke
|turn|32
|
|cant|p1a: To The Rain|slp
|move|p1a: To The Rain|Sleep Talk|p1a: To The Rain
|move|p1a: To The Rain|Waterfall|p2a: Slowpoke|[from]Sleep Talk
|-crit|p2a: Slowpoke
|-resisted|p2a: Slowpoke
|-damage|p2a: Slowpoke|259\/383
|move|p2a: Slowpoke|Scald|p1a: To The Rain
|-damage|p1a: To The Rain|287\/403 slp
|
|-damage|p1a: To The Rain|237\/403 slp|[from] Leech Seed|[of] p2a: Slowpoke
|-heal|p2a: Slowpoke|309\/383|[silent]
|turn|33
|
|cant|p1a: To The Rain|slp
|move|p1a: To The Rain|Sleep Talk|p1a: To The Rain
|move|p1a: To The Rain|Curse|p1a: To The Rain|[from]Sleep Talk
|-boost|p1a: To The Rain|atk|1
|-boost|p1a: To The Rain|def|1
|-unboost|p1a: To The Rain|spe|1
|move|p2a: Slowpoke|Scald|p1a: To The Rain
|-damage|p1a: To The Rain|203\/403 slp
|
|-damage|p1a: To The Rain|153\/403 slp|[from] Leech Seed|[of] p2a: Slowpoke
|-heal|p2a: Slowpoke|359\/383|[silent]
|turn|34
|
|switch|p2a: Jigglypuff|Jigglypuff, M|433\/433
|-damage|p2a: Jigglypuff|379\/433|[from] Stealth Rock
|-curestatus|p1a: To The Rain|slp
|move|p1a: To The Rain|Curse|p1a: To The Rain
|-boost|p1a: To The Rain|atk|1
|-boost|p1a: To The Rain|def|1
|-unboost|p1a: To The Rain|spe|1
|
|-damage|p1a: To The Rain|103\/403|[from] Leech Seed|[of] p2a: Jigglypuff
|-heal|p2a: Jigglypuff|429\/433|[silent]
|turn|35
|c|âamg|this is
|c|âamg|so gay
|
|move|p2a: Jigglypuff|Body Slam|p1a: To The Rain
|-damage|p1a: To The Rain|85\/403
|move|p1a: To The Rain|Rest|p1a: To The Rain
|-status|p1a: To The Rain|slp
|-heal|p1a: To The Rain|403\/403 slp|[silent]
|-status|p1a: To The Rain|slp|[from] move: Rest
|
|-damage|p1a: To The Rain|353\/403 slp|[from] Leech Seed|[of] p2a: Jigglypuff
|-heal|p2a: Jigglypuff|433\/433|[silent]
|turn|36
|c|âamg|where is my para
|
|move|p2a: Jigglypuff|Body Slam|p1a: To The Rain
|-crit|p1a: To The Rain
|-damage|p1a: To The Rain|271\/403 slp
|cant|p1a: To The Rain|slp
|move|p1a: To The Rain|Sleep Talk|p1a: To The Rain
|move|p1a: To The Rain|Rest|p1a: To The Rain|[from]Sleep Talk
|-fail|p1a: To The Rain
|
|-damage|p1a: To The Rain|221\/403 slp|[from] Leech Seed|[of] p2a: Jigglypuff
|turn|37
|
|move|p2a: Jigglypuff|Body Slam|p1a: To The Rain
|-damage|p1a: To The Rain|203\/403 slp
|cant|p1a: To The Rain|slp
|move|p1a: To The Rain|Sleep Talk|p1a: To The Rain
|move|p1a: To The Rain|Waterfall|p2a: Jigglypuff|[from]Sleep Talk
|-damage|p2a: Jigglypuff|0 fnt
|faint|p2a: Jigglypuff
|
|c|âamg|what
|c|âamg|the
|c|âamg|fuck
|c|âamg|luckE
|
|switch|p2a: Slowpoke|Slowpoke, M|383\/383
|-damage|p2a: Slowpoke|336\/383|[from] Stealth Rock
|turn|38
|
|move|p2a: Slowpoke|Scald|p1a: To The Rain
|-damage|p1a: To The Rain|172\/403 slp
|-curestatus|p1a: To The Rain|slp
|move|p1a: To The Rain|Curse|p1a: To The Rain
|-boost|p1a: To The Rain|atk|1
|-boost|p1a: To The Rain|def|1
|-unboost|p1a: To The Rain|spe|1
|
|-damage|p1a: To The Rain|122\/403|[from] Leech Seed|[of] p2a: Slowpoke
|-heal|p2a: Slowpoke|383\/383|[silent]
|turn|39
|
|move|p2a: Slowpoke|Toxic|p1a: To The Rain
|-status|p1a: To The Rain|tox
|move|p1a: To The Rain|Rest|p1a: To The Rain
|-status|p1a: To The Rain|slp
|-heal|p1a: To The Rain|403\/403 slp|[silent]
|-status|p1a: To The Rain|slp|[from] move: Rest
|
|-damage|p1a: To The Rain|353\/403 slp|[from] Leech Seed|[of] p2a: Slowpoke
|turn|40
|
|move|p2a: Slowpoke|Scald|p1a: To The Rain
|-damage|p1a: To The Rain|322\/403 slp
|cant|p1a: To The Rain|slp
|move|p1a: To The Rain|Sleep Talk|p1a: To The Rain
|move|p1a: To The Rain|Rest|p1a: To The Rain|[from]Sleep Talk
|-fail|p1a: To The Rain
|
|-damage|p1a: To The Rain|272\/403 slp|[from] Leech Seed|[of] p2a: Slowpoke
|turn|41
|
|move|p2a: Slowpoke|Scald|p1a: To The Rain
|-damage|p1a: To The Rain|239\/403 slp
|cant|p1a: To The Rain|slp
|move|p1a: To The Rain|Sleep Talk|p1a: To The Rain
|move|p1a: To The Rain|Waterfall|p2a: Slowpoke|[from]Sleep Talk
|-resisted|p2a: Slowpoke
|-damage|p2a: Slowpoke|241\/383
|
|-damage|p1a: To The Rain|189\/403 slp|[from] Leech Seed|[of] p2a: Slowpoke
|-heal|p2a: Slowpoke|291\/383|[silent]
|turn|42
|
|move|p2a: Slowpoke|Scald|p1a: To The Rain
|-damage|p1a: To The Rain|158\/403 slp
|-curestatus|p1a: To The Rain|slp
|move|p1a: To The Rain|Curse|p1a: To The Rain
|-boost|p1a: To The Rain|atk|1
|-boost|p1a: To The Rain|def|1
|-unboost|p1a: To The Rain|spe|1
|
|-damage|p1a: To The Rain|108\/403|[from] Leech Seed|[of] p2a: Slowpoke
|-heal|p2a: Slowpoke|341\/383|[silent]
|turn|43
|
|move|p2a: Slowpoke|Scald|p1a: To The Rain
|-damage|p1a: To The Rain|75\/403
|move|p1a: To The Rain|Rest|p1a: To The Rain
|-status|p1a: To The Rain|slp
|-heal|p1a: To The Rain|403\/403 slp|[silent]
|-status|p1a: To The Rain|slp|[from] move: Rest
|
|-damage|p1a: To The Rain|353\/403 slp|[from] Leech Seed|[of] p2a: Slowpoke
|-heal|p2a: Slowpoke|383\/383|[silent]
|turn|44
|
|move|p2a: Slowpoke|Scald|p1a: To The Rain
|-damage|p1a: To The Rain|320\/403 slp
|cant|p1a: To The Rain|slp
|move|p1a: To The Rain|Sleep Talk|p1a: To The Rain
|move|p1a: To The Rain|Rest|p1a: To The Rain|[from]Sleep Talk
|-fail|p1a: To The Rain
|
|-damage|p1a: To The Rain|270\/403 slp|[from] Leech Seed|[of] p2a: Slowpoke
|turn|45
|
|move|p2a: Slowpoke|Scald|p1a: To The Rain
|-damage|p1a: To The Rain|239\/403 slp
|cant|p1a: To The Rain|slp
|
|-damage|p1a: To The Rain|189\/403 slp|[from] Leech Seed|[of] p2a: Slowpoke
|turn|46
|
|switch|p2a: Ferroseed|Ferroseed, F|66\/291 brn
|-damage|p2a: Ferroseed|48\/291 brn|[from] Stealth Rock
|-curestatus|p1a: To The Rain|slp
|move|p1a: To The Rain|Waterfall|p2a: Ferroseed
|-resisted|p2a: Ferroseed
|-damage|p2a: Ferroseed|0 fnt
|-damage|p1a: To The Rain|139\/403|[from] ability: Iron Barbs|[of] p2a: Ferroseed
|faint|p2a: Ferroseed
|
|
|switch|p2a: Slowpoke|Slowpoke, M|383\/383
|-damage|p2a: Slowpoke|336\/383|[from] Stealth Rock
|turn|47
|
|move|p2a: Slowpoke|Scald|p1a: To The Rain
|-damage|p1a: To The Rain|108\/403
|move|p1a: To The Rain|Rest|p1a: To The Rain
|-status|p1a: To The Rain|slp
|-heal|p1a: To The Rain|403\/403 slp|[silent]
|-status|p1a: To The Rain|slp|[from] move: Rest
|
|-damage|p1a: To The Rain|353\/403 slp|[from] Leech Seed|[of] p2a: Slowpoke
|-heal|p2a: Slowpoke|383\/383|[silent]
|turn|48
|
|move|p2a: Slowpoke|Scald|p1a: To The Rain
|-damage|p1a: To The Rain|322\/403 slp
|cant|p1a: To The Rain|slp
|
|-damage|p1a: To The Rain|272\/403 slp|[from] Leech Seed|[of] p2a: Slowpoke
|turn|49
|
|move|p2a: Slowpoke|Scald|p1a: To The Rain
|-damage|p1a: To The Rain|242\/403 slp
|cant|p1a: To The Rain|slp
|
|-damage|p1a: To The Rain|192\/403 slp|[from] Leech Seed|[of] p2a: Slowpoke
|turn|50
|
|move|p2a: Slowpoke|Scald|p1a: To The Rain
|-damage|p1a: To The Rain|159\/403 slp
|-curestatus|p1a: To The Rain|slp
|move|p1a: To The Rain|Waterfall|p2a: Slowpoke
|-resisted|p2a: Slowpoke
|-damage|p2a: Slowpoke|221\/383
|
|-damage|p1a: To The Rain|109\/403|[from] Leech Seed|[of] p2a: Slowpoke
|-heal|p2a: Slowpoke|271\/383|[silent]
|turn|51
|c|âamg|lmao
|c|âamg|i ate that up
|c|âamg|just forfeit
|
|move|p2a: Slowpoke|Scald|p1a: To The Rain
|-damage|p1a: To The Rain|79\/403
|-status|p1a: To The Rain|brn
|move|p1a: To The Rain|Rest|p1a: To The Rain
|-status|p1a: To The Rain|slp
|-heal|p1a: To The Rain|403\/403 slp|[silent]
|-status|p1a: To The Rain|slp|[from] move: Rest
|
|-damage|p1a: To The Rain|353\/403 slp|[from] Leech Seed|[of] p2a: Slowpoke
|-heal|p2a: Slowpoke|321\/383|[silent]
|turn|52
|c|âamg|doesnt even 2hko
|
|move|p2a: Slowpoke|Scald|p1a: To The Rain
|-damage|p1a: To The Rain|319\/403 slp
|cant|p1a: To The Rain|slp
|move|p1a: To The Rain|Sleep Talk|p1a: To The Rain
|move|p1a: To The Rain|Rest|p1a: To The Rain|[from]Sleep Talk
|-fail|p1a: To The Rain
|
|-damage|p1a: To The Rain|269\/403 slp|[from] Leech Seed|[of] p2a: Slowpoke
|-heal|p2a: Slowpoke|371\/383|[silent]
|turn|53
|
|move|p2a: Slowpoke|Scald|p1a: To The Rain
|-damage|p1a: To The Rain|236\/403 slp
|cant|p1a: To The Rain|slp
|move|p1a: To The Rain|Sleep Talk|p1a: To The Rain
|move|p1a: To The Rain|Curse|p1a: To The Rain|[from]Sleep Talk
|
|-damage|p1a: To The Rain|186\/403 slp|[from] Leech Seed|[of] p2a: Slowpoke
|-heal|p2a: Slowpoke|383\/383|[silent]
|turn|54
|
|move|p2a: Slowpoke|Scald|p1a: To The Rain
|-damage|p1a: To The Rain|153\/403 slp
|-curestatus|p1a: To The Rain|slp
|move|p1a: To The Rain|Waterfall|p2a: Slowpoke
|-resisted|p2a: Slowpoke
|-damage|p2a: Slowpoke|206\/383
|
|-damage|p1a: To The Rain|103\/403|[from] Leech Seed|[of] p2a: Slowpoke
|-heal|p2a: Slowpoke|256\/383|[silent]
|turn|55
|
|move|p2a: Slowpoke|Toxic|p1a: To The Rain
|-status|p1a: To The Rain|tox
|move|p1a: To The Rain|Rest|p1a: To The Rain
|-status|p1a: To The Rain|slp
|-heal|p1a: To The Rain|403\/403 slp|[silent]
|-status|p1a: To The Rain|slp|[from] move: Rest
|
|-damage|p1a: To The Rain|353\/403 slp|[from] Leech Seed|[of] p2a: Slowpoke
|-heal|p2a: Slowpoke|306\/383|[silent]
|turn|56
|
|move|p2a: Slowpoke|Scald|p1a: To The Rain
|-damage|p1a: To The Rain|317\/403 slp
|cant|p1a: To The Rain|slp
|move|p1a: To The Rain|Sleep Talk|p1a: To The Rain
|move|p1a: To The Rain|Waterfall|p2a: Slowpoke|[from]Sleep Talk
|-resisted|p2a: Slowpoke
|-damage|p2a: Slowpoke|150\/383
|
|-damage|p1a: To The Rain|267\/403 slp|[from] Leech Seed|[of] p2a: Slowpoke
|-heal|p2a: Slowpoke|200\/383|[silent]
|turn|57
|
|move|p2a: Slowpoke|Scald|p1a: To The Rain
|-damage|p1a: To The Rain|234\/403 slp
|cant|p1a: To The Rain|slp
|move|p1a: To The Rain|Sleep Talk|p1a: To The Rain
|move|p1a: To The Rain|Rest|p1a: To The Rain|[from]Sleep Talk
|-fail|p1a: To The Rain
|
|-damage|p1a: To The Rain|184\/403 slp|[from] Leech Seed|[of] p2a: Slowpoke
|-heal|p2a: Slowpoke|250\/383|[silent]
|turn|58
|
|move|p2a: Slowpoke|Psyshock|p1a: To The Rain
|-crit|p1a: To The Rain
|-damage|p1a: To The Rain|117\/403 slp
|-curestatus|p1a: To The Rain|slp
|move|p1a: To The Rain|Waterfall|p2a: Slowpoke
|-resisted|p2a: Slowpoke
|-damage|p2a: Slowpoke|76\/383
|
|-damage|p1a: To The Rain|67\/403|[from] Leech Seed|[of] p2a: Slowpoke
|-heal|p2a: Slowpoke|126\/383|[silent]
|turn|59
|c|âamg|CRIT
|c|âamg|HIGH ROLL
|c|âamg|PLS
|
|move|p2a: Slowpoke|Slack Off|p2a: Slowpoke
|-heal|p2a: Slowpoke|318\/383
|move|p1a: To The Rain|Rest|p1a: To The Rain
|-status|p1a: To The Rain|slp
|-heal|p1a: To The Rain|403\/403 slp|[silent]
|-status|p1a: To The Rain|slp|[from] move: Rest
|
|-damage|p1a: To The Rain|353\/403 slp|[from] Leech Seed|[of] p2a: Slowpoke
|-heal|p2a: Slowpoke|368\/383|[silent]
|turn|60
|
|move|p2a: Slowpoke|Psyshock|p1a: To The Rain
|-damage|p1a: To The Rain|341\/403 slp
|cant|p1a: To The Rain|slp
|
|-damage|p1a: To The Rain|291\/403 slp|[from] Leech Seed|[of] p2a: Slowpoke
|-heal|p2a: Slowpoke|383\/383|[silent]
|turn|61
|
|move|p2a: Slowpoke|Psyshock|p1a: To The Rain
|-damage|p1a: To The Rain|278\/403 slp
|cant|p1a: To The Rain|slp
|
|-damage|p1a: To The Rain|228\/403 slp|[from] Leech Seed|[of] p2a: Slowpoke
|turn|62
|
|move|p2a: Slowpoke|Psyshock|p1a: To The Rain
|-damage|p1a: To The Rain|216\/403 slp
|-curestatus|p1a: To The Rain|slp
|move|p1a: To The Rain|Curse|p1a: To The Rain
|
|-damage|p1a: To The Rain|166\/403|[from] Leech Seed|[of] p2a: Slowpoke
|turn|63
|
|move|p2a: Slowpoke|Psyshock|p1a: To The Rain
|-damage|p1a: To The Rain|154\/403
|move|p1a: To The Rain|Curse|p1a: To The Rain
|
|-damage|p1a: To The Rain|104\/403|[from] Leech Seed|[of] p2a: Slowpoke
|turn|64
|
|move|p2a: Slowpoke|Toxic|p1a: To The Rain
|-status|p1a: To The Rain|tox
|move|p1a: To The Rain|Rest|p1a: To The Rain
|-status|p1a: To The Rain|slp
|-heal|p1a: To The Rain|403\/403 slp|[silent]
|-status|p1a: To The Rain|slp|[from] move: Rest
|
|-damage|p1a: To The Rain|353\/403 slp|[from] Leech Seed|[of] p2a: Slowpoke
|turn|65
|
|move|p2a: Slowpoke|Psyshock|p1a: To The Rain
|-damage|p1a: To The Rain|341\/403 slp
|cant|p1a: To The Rain|slp
|
|-damage|p1a: To The Rain|291\/403 slp|[from] Leech Seed|[of] p2a: Slowpoke
|turn|66
|c|âamg|!dt rest
|c|~|\/data-move Rest
|raw|<font size="1"><font color=#585858>Priority:<\/font> 0&nbsp;|&ThickSpace;<font color=#585858>Target:<\/font> User<\/font>
|c|âamg|oh
|c|âamg|that was ur last one
|c|âamg|xd
|
|move|p2a: Slowpoke|Psyshock|p1a: To The Rain
|-damage|p1a: To The Rain|279\/403 slp
|cant|p1a: To The Rain|slp
|
|-damage|p1a: To The Rain|229\/403 slp|[from] Leech Seed|[of] p2a: Slowpoke
|turn|67
|c|âamg|gotem
|
|move|p2a: Slowpoke|Psyshock|p1a: To The Rain
|-damage|p1a: To The Rain|217\/403 slp
|-curestatus|p1a: To The Rain|slp
|move|p1a: To The Rain|Curse|p1a: To The Rain
|
|-damage|p1a: To The Rain|167\/403|[from] Leech Seed|[of] p2a: Slowpoke
|turn|68
|
|move|p2a: Slowpoke|Toxic|p1a: To The Rain
|-status|p1a: To The Rain|tox
|move|p1a: To The Rain|Curse|p1a: To The Rain
|
|-damage|p1a: To The Rain|117\/403 tox|[from] Leech Seed|[of] p2a: Slowpoke
|-damage|p1a: To The Rain|92\/403 tox|[from] psn
|turn|69
|c|âamg|ur curse swampert cant even 2hko a slowpoke
|c|âamg|ecksdee
|
|switch|p2a: Natu|Natu, F|283\/283
|-damage|p2a: Natu|213\/283|[from] Stealth Rock
|move|p1a: To The Rain|Rest|p1a: To The Rain
|-status|p1a: To The Rain|slp
|-heal|p1a: To The Rain|403\/403 slp|[silent]
|-status|p1a: To The Rain|slp|[from] move: Rest
|
|-damage|p1a: To The Rain|353\/403 slp|[from] Leech Seed|[of] p2a: Natu
|-heal|p2a: Natu|263\/283|[silent]
|turn|70
|c|âamg|WHAT
|c|âamg|oh
|c|âamg|sleep talk
|c|âamg|fuck
|
|move|p2a: Natu|U-turn|p1a: To The Rain
|-damage|p1a: To The Rain|345\/403 slp
|
|switch|p2a: Slowpoke|Slowpoke, M|383\/383
|-damage|p2a: Slowpoke|336\/383|[from] Stealth Rock
|cant|p1a: To The Rain|slp
|move|p1a: To The Rain|Sleep Talk|p1a: To The Rain
|move|p1a: To The Rain|Waterfall|p2a: Slowpoke|[from]Sleep Talk
|-resisted|p2a: Slowpoke
|-damage|p2a: Slowpoke|180\/383
|
|-damage|p1a: To The Rain|295\/403 slp|[from] Leech Seed|[of] p2a: Slowpoke
|-heal|p2a: Slowpoke|230\/383|[silent]
|turn|71
|c|âamg|!dt sleep talk
|c|~|\/data-move Sleep Talk
|raw|<font size="1"><font color=#585858>Priority:<\/font> 0&nbsp;|&ThickSpace;<font color=#585858>Target:<\/font> User<\/font>
|
|move|p2a: Slowpoke|Psyshock|p1a: To The Rain
|-damage|p1a: To The Rain|283\/403 slp
|cant|p1a: To The Rain|slp
|
|-damage|p1a: To The Rain|233\/403 slp|[from] Leech Seed|[of] p2a: Slowpoke
|-heal|p2a: Slowpoke|280\/383|[silent]
|turn|72
|
|move|p2a: Slowpoke|Psyshock|p1a: To The Rain
|-crit|p1a: To The Rain
|-damage|p1a: To The Rain|167\/403 slp
|-curestatus|p1a: To The Rain|slp
|move|p1a: To The Rain|Waterfall|p2a: Slowpoke
|-resisted|p2a: Slowpoke
|-damage|p2a: Slowpoke|101\/383
|
|-damage|p1a: To The Rain|117\/403|[from] Leech Seed|[of] p2a: Slowpoke
|-heal|p2a: Slowpoke|151\/383|[silent]
|turn|73
|
|move|p2a: Slowpoke|Slack Off|p2a: Slowpoke
|-heal|p2a: Slowpoke|343\/383
|move|p1a: To The Rain|Curse|p1a: To The Rain
|
|-damage|p1a: To The Rain|67\/403|[from] Leech Seed|[of] p2a: Slowpoke
|-heal|p2a: Slowpoke|383\/383|[silent]
|turn|74
|c|âamg|gg
|
|move|p2a: Slowpoke|Psyshock|p1a: To The Rain
|-damage|p1a: To The Rain|57\/403
|move|p1a: To The Rain|Rest|p1a: To The Rain
|-status|p1a: To The Rain|slp
|-heal|p1a: To The Rain|403\/403 slp|[silent]
|-status|p1a: To The Rain|slp|[from] move: Rest
|
|-damage|p1a: To The Rain|353\/403 slp|[from] Leech Seed|[of] p2a: Slowpoke
|turn|75
|c|âamg|OMG
|c|âamg|gotem
|
|move|p2a: Slowpoke|Psyshock|p1a: To The Rain
|-damage|p1a: To The Rain|341\/403 slp
|cant|p1a: To The Rain|slp
|
|-damage|p1a: To The Rain|291\/403 slp|[from] Leech Seed|[of] p2a: Slowpoke
|turn|76
|
|move|p2a: Slowpoke|Psyshock|p1a: To The Rain
|-damage|p1a: To The Rain|279\/403 slp
|cant|p1a: To The Rain|slp
|
|-damage|p1a: To The Rain|229\/403 slp|[from] Leech Seed|[of] p2a: Slowpoke
|turn|77
|
|move|p2a: Slowpoke|Psyshock|p1a: To The Rain
|-damage|p1a: To The Rain|217\/403 slp
|-curestatus|p1a: To The Rain|slp
|move|p1a: To The Rain|Curse|p1a: To The Rain
|
|-damage|p1a: To The Rain|167\/403|[from] Leech Seed|[of] p2a: Slowpoke
|turn|78
|
|move|p2a: Slowpoke|Toxic|p1a: To The Rain
|-status|p1a: To The Rain|tox
|move|p1a: To The Rain|Waterfall|p2a: Slowpoke
|-resisted|p2a: Slowpoke
|-damage|p2a: Slowpoke|227\/383
|
|-damage|p1a: To The Rain|117\/403 tox|[from] Leech Seed|[of] p2a: Slowpoke
|-heal|p2a: Slowpoke|277\/383|[silent]
|-damage|p1a: To The Rain|92\/403 tox|[from] psn
|turn|79
|
|move|p2a: Slowpoke|Psyshock|p1a: To The Rain
|-damage|p1a: To The Rain|82\/403 tox
|move|p1a: To The Rain|Waterfall|p2a: Slowpoke
|-resisted|p2a: Slowpoke
|-damage|p2a: Slowpoke|111\/383
|
|-damage|p1a: To The Rain|32\/403 tox|[from] Leech Seed|[of] p2a: Slowpoke
|-heal|p2a: Slowpoke|161\/383|[silent]
|-damage|p1a: To The Rain|0 fnt|[from] psn
|faint|p1a: To The Rain
|
|win|amg
|c|âamg|YES I WON
|c|âamg|GG2EZ