|join|Invok3r
|join|Qwazz
|player|p1|Invok3r|250
|player|p2|Qwazz|102
|gametype|singles
|gen|6
|tier|OU (suspect test)
|clearpoke
|poke|p1|Azelf
|poke|p1|Hydreigon, M
|poke|p1|Metagross
|poke|p1|Keldeo
|poke|p1|Raikou, shiny
|poke|p1|Diggersby, F, shiny
|poke|p2|Camerupt, F
|poke|p2|Staraptor, F
|poke|p2|Latias, F
|poke|p2|Rotom-Wash
|poke|p2|Terrakion
|poke|p2|Scizor, M
|rule|Swagger Clause: Swagger is banned
|rule|Baton Pass Clause: Limit one PokÃ©mon knowing Baton Pass
|rule|Sleep Clause Mod: Limit one foe put to sleep
|rule|Species Clause: Limit one of each PokÃ©mon
|rule|OHKO Clause: OHKO moves are banned
|rule|Moody Clause: Moody is banned
|rule|Evasion Moves Clause: Evasion moves are banned
|rule|Endless Battle Clause: Forcing endless battles is banned
|rule|HP Percentage Mod: HP is shown in percentages
|teampreview
|
|start
|switch|p1a: Azelf|Azelf|291\/291
|switch|p2a: Scizor|Scizor, M|341\/341
|turn|1
|
|move|p1a: Azelf|Stealth Rock|p2a: Scizor
|-sidestart|p2: Qwazz|move: Stealth Rock
|move|p2a: Scizor|U-turn|p1a: Azelf
|-supereffective|p1a: Azelf
|-enditem|p1a: Azelf|Focus Sash
|-damage|p1a: Azelf|1\/291
|
|switch|p2a: Terrakion|Terrakion|323\/323
|-damage|p2a: Terrakion|303\/323|[from] Stealth Rock
|
|turn|2
|
|move|p2a: Terrakion|Close Combat|p1a: Azelf
|-resisted|p1a: Azelf
|-damage|p1a: Azelf|0 fnt
|-unboost|p2a: Terrakion|def|1
|-unboost|p2a: Terrakion|spd|1
|faint|p1a: Azelf
|
|
|switch|p1a: Metagross|Metagross|302\/302
|turn|3
|
|switch|p2a: Scizor|Scizor, M|341\/341
|-damage|p2a: Scizor|299\/341|[from] Stealth Rock
|detailschange|p1a: Metagross|Metagross-Mega
|-mega|p1a: Metagross|Metagross|Metagrossite
|move|p1a: Metagross|Zen Headbutt|p2a: Scizor
|-resisted|p2a: Scizor
|-damage|p2a: Scizor|197\/341
|
|turn|4
|
|move|p1a: Metagross|Hammer Arm|p2a: Scizor
|-damage|p2a: Scizor|19\/341
|-unboost|p1a: Metagross|spe|1
|move|p2a: Scizor|U-turn|p1a: Metagross
|-damage|p1a: Metagross|202\/302
|
|switch|p2a: Latias|Latias, F|333\/333
|-damage|p2a: Latias|292\/333|[from] Stealth Rock
|
|turn|5
|
|move|p2a: Latias|Defog|p1a: Metagross
|-unboost|p1a: Metagross|evasion|1
|-sideend|p2: Qwazz|Stealth Rock|[from] move: Defog|[of] p2a: Latias
|move|p1a: Metagross|Meteor Mash|p2a: Latias
|-damage|p2a: Latias|21\/333
|
|turn|6
|
|switch|p2a: Scizor|Scizor, M|19\/341
|move|p1a: Metagross|Zen Headbutt|p2a: Scizor
|-resisted|p2a: Scizor
|-damage|p2a: Scizor|0 fnt
|faint|p2a: Scizor
|
|
|switch|p2a: Staraptor|Staraptor, F|311\/311
|turn|7
|
|move|p2a: Staraptor|U-turn|p1a: Metagross
|-crit|p1a: Metagross
|-damage|p1a: Metagross|59\/302
|
|switch|p2a: Rotom-Wash|Rotom-Wash|304\/304
|move|p1a: Metagross|Thunder Punch|p2a: Rotom-Wash
|-damage|p2a: Rotom-Wash|214\/304
|
|-heal|p2a: Rotom-Wash|233\/304|[from] item: Leftovers
|turn|8
|
|move|p1a: Metagross|Zen Headbutt|p2a: Rotom-Wash
|-damage|p2a: Rotom-Wash|94\/304
|move|p2a: Rotom-Wash|Volt Switch|p1a: Metagross
|-damage|p1a: Metagross|0 fnt
|faint|p1a: Metagross
|
|switch|p2a: Terrakion|Terrakion|303\/323
|
|
|switch|p1a: Keldeo|Keldeo|323\/323
|turn|9
|
|switch|p2a: Latias|Latias, F|21\/333
|move|p1a: Keldeo|Scald|p2a: Latias
|-resisted|p2a: Latias
|-damage|p2a: Latias|0 fnt
|faint|p2a: Latias
|
|
|switch|p2a: Staraptor|Staraptor, F|311\/311
|turn|10
|
|switch|p1a: Raikou|Raikou, shiny|321\/321
|-ability|p1a: Raikou|Pressure
|move|p2a: Staraptor|U-turn|p1a: Raikou
|-damage|p1a: Raikou|148\/321
|
|switch|p2a: Terrakion|Terrakion|303\/323
|
|turn|11
|
|move|p1a: Raikou|Volt Switch|p2a: Terrakion
|-damage|p2a: Terrakion|176\/323
|
|switch|p1a: Keldeo|Keldeo|323\/323
|move|p2a: Terrakion|Close Combat|p1a: Keldeo
|-damage|p1a: Keldeo|100\/323
|-unboost|p2a: Terrakion|def|1
|-unboost|p2a: Terrakion|spd|1
|
|turn|12
|
|move|p2a: Terrakion|Close Combat|p1a: Keldeo
|-damage|p1a: Keldeo|0 fnt
|-unboost|p2a: Terrakion|def|1
|-unboost|p2a: Terrakion|spd|1
|faint|p1a: Keldeo
|
|
|switch|p1a: Raikou|Raikou, shiny|148\/321
|-ability|p1a: Raikou|Pressure
|turn|13
|
|switch|p2a: Camerupt|Camerupt, F|343\/343
|move|p1a: Raikou|Shadow Ball|p2a: Camerupt
|-damage|p2a: Camerupt|239\/343
|
|turn|14
|
|switch|p1a: Hydreigon|Hydreigon, M|325\/325
|detailschange|p2a: Camerupt|Camerupt-Mega, F
|-mega|p2a: Camerupt|Camerupt|Cameruptite
|move|p2a: Camerupt|Fire Blast|p1a: Hydreigon
|-resisted|p1a: Hydreigon
|-damage|p1a: Hydreigon|132\/325
|
|turn|15
|
|switch|p2a: Rotom-Wash|Rotom-Wash|94\/304
|move|p1a: Hydreigon|Draco Meteor|p2a: Rotom-Wash
|-damage|p2a: Rotom-Wash|0 fnt
|-unboost|p1a: Hydreigon|spa|2
|-damage|p1a: Hydreigon|100\/325|[from] item: Life Orb
|faint|p2a: Rotom-Wash
|
|
|switch|p2a: Staraptor|Staraptor, F|311\/311
|turn|16
|
|switch|p1a: Diggersby|Diggersby, F, shiny|311\/311
|move|p2a: Staraptor|U-turn|p1a: Diggersby
|-damage|p1a: Diggersby|157\/311
|
|switch|p2a: Terrakion|Terrakion|176\/323
|
|turn|17
|
|move|p2a: Terrakion|Close Combat|p1a: Diggersby
|-supereffective|p1a: Diggersby
|-damage|p1a: Diggersby|0 fnt
|-unboost|p2a: Terrakion|def|1
|-unboost|p2a: Terrakion|spd|1
|faint|p1a: Diggersby
|
|
|switch|p1a: Raikou|Raikou, shiny|148\/321
|-ability|p1a: Raikou|Pressure
|turn|18
|
|switch|p2a: Camerupt|Camerupt-Mega, F|239\/343
|move|p1a: Raikou|Shadow Ball|p2a: Camerupt
|-damage|p2a: Camerupt|158\/343
|
|turn|19
|
|move|p1a: Raikou|Shadow Ball|p2a: Camerupt
|-crit|p2a: Camerupt
|-damage|p2a: Camerupt|28\/343
|-unboost|p2a: Camerupt|spd|1
|move|p2a: Camerupt|Fire Blast|p1a: Raikou|[miss]
|-miss|p2a: Camerupt|p1a: Raikou
|
|turn|20
|leave|Invok3r
|player|p1
|join|Invok3r
|player|p1|Invok3r|250
|
|switch|p2a: Staraptor|Staraptor, F|311\/311
|move|p1a: Raikou|Shadow Ball|p2a: Staraptor
|-immune|p2a: Staraptor|[msg]
|
|turn|21
|
|switch|p1a: Hydreigon|Hydreigon, M|100\/325
|move|p2a: Staraptor|U-turn|p1a: Hydreigon
|-supereffective|p1a: Hydreigon
|-damage|p1a: Hydreigon|0 fnt
|faint|p1a: Hydreigon
|
|switch|p2a: Terrakion|Terrakion|176\/323
|
|
|switch|p1a: Raikou|Raikou, shiny|148\/321
|-ability|p1a: Raikou|Pressure
|turn|22
|
|move|p1a: Raikou|Thunderbolt|p2a: Terrakion
|-damage|p2a: Terrakion|28\/323
|-status|p2a: Terrakion|par
|move|p2a: Terrakion|Aerial Ace|p1a: Raikou
|-resisted|p1a: Raikou
|-damage|p1a: Raikou|105\/321
|
|turn|23
|
|move|p1a: Raikou|Thunderbolt|p2a: Terrakion
|-damage|p2a: Terrakion|0 fnt
|faint|p2a: Terrakion
|
|
|switch|p2a: Camerupt|Camerupt-Mega, F|28\/343
|turn|24
|
|move|p1a: Raikou|Thunderbolt|p2a: Camerupt
|-immune|p2a: Camerupt|[msg]
|move|p2a: Camerupt|Earth Power|p1a: Raikou
|-supereffective|p1a: Raikou
|-damage|p1a: Raikou|0 fnt
|faint|p1a: Raikou
|
|win|Qwazz
|leave|Invok3r
|player|p1