|join|qwazz
|join|Hiye
|player|p1|qwazz|102
|player|p2|Hiye|101
|gametype|singles
|gen|6
|tier|OU (suspect test)
|clearpoke
|poke|p1|Metagross
|poke|p1|Thundurus-Therian, M
|poke|p1|Crawdaunt, F
|poke|p1|Volcarona, F
|poke|p1|Garchomp, M
|poke|p1|Virizion
|poke|p2|Charizard, M
|poke|p2|Excadrill, M
|poke|p2|Sylveon, M
|poke|p2|Ferrothorn, M
|poke|p2|Rotom-Wash
|poke|p2|Mew
|rule|Swagger Clause: Swagger is banned
|rule|Baton Pass Clause: Limit one PokÃ©mon knowing Baton Pass
|rule|Sleep Clause Mod: Limit one foe put to sleep
|rule|Species Clause: Limit one of each PokÃ©mon
|rule|OHKO Clause: OHKO moves are banned
|rule|Moody Clause: Moody is banned
|rule|Evasion Moves Clause: Evasion moves are banned
|rule|Endless Battle Clause: Forcing endless battles is banned
|rule|HP Percentage Mod: HP is shown in percentages
|teampreview
|
|start
|switch|p1a: Metagross|Metagross|363\/363
|switch|p2a: Sylveon|Sylveon, M|393\/393
|turn|1
|
|switch|p1a: Virizion|Virizion|385\/385
|switch|p2a: Charizard|Charizard, M|359\/359
|
|turn|2
|
|detailschange|p2a: Charizard|Charizard-Mega-X, M
|-mega|p2a: Charizard|Charizard|Charizardite X
|move|p2a: Charizard|Dragon Dance|p2a: Charizard
|-boost|p2a: Charizard|atk|1
|-boost|p2a: Charizard|spe|1
|move|p1a: Virizion|Substitute|p1a: Virizion
|-start|p1a: Virizion|Substitute
|-damage|p1a: Virizion|289\/385
|
|-heal|p1a: Virizion|313\/385|[from] item: Leftovers
|turn|3
|
|move|p2a: Charizard|Dragon Claw|p1a: Virizion
|-end|p1a: Virizion|Substitute
|move|p1a: Virizion|Focus Blast|p2a: Charizard
|-damage|p2a: Charizard|136\/359
|
|-heal|p1a: Virizion|337\/385|[from] item: Leftovers
|turn|4
|
|move|p2a: Charizard|Roost|p2a: Charizard
|-heal|p2a: Charizard|316\/359
|move|p1a: Virizion|Calm Mind|p1a: Virizion
|-boost|p1a: Virizion|spa|1
|-boost|p1a: Virizion|spd|1
|
|-heal|p1a: Virizion|361\/385|[from] item: Leftovers
|turn|5
|
|move|p2a: Charizard|Dragon Claw|p1a: Virizion
|-damage|p1a: Virizion|34\/385
|move|p1a: Virizion|Focus Blast|p2a: Charizard
|-damage|p2a: Charizard|25\/359
|-unboost|p2a: Charizard|spd|1
|
|-heal|p1a: Virizion|58\/385|[from] item: Leftovers
|turn|6
|
|move|p2a: Charizard|Dragon Claw|p1a: Virizion
|-damage|p1a: Virizion|0 fnt
|faint|p1a: Virizion
|
|
|switch|p1a: Garchomp|Garchomp, M|419\/419
|turn|7
|
|move|p2a: Charizard|Dragon Claw|p1a: Garchomp
|-supereffective|p1a: Garchomp
|-damage|p1a: Garchomp|59\/419
|-damage|p2a: Charizard|0 fnt|[from] ability: Rough Skin|[of] p1a: Garchomp
|faint|p2a: Charizard
|move|p1a: Garchomp|Stealth Rock|p2: Charizard
|-sidestart|p2: Hiye|move: Stealth Rock
|
|
|switch|p2a: Rotom-Wash|Rotom-Wash|303\/303
|-damage|p2a: Rotom-Wash|266\/303|[from] Stealth Rock
|turn|8
|
|move|p1a: Garchomp|Rest|p1a: Garchomp
|-status|p1a: Garchomp|slp
|-heal|p1a: Garchomp|419\/419 slp|[silent]
|-status|p1a: Garchomp|slp|[from] move: Rest
|move|p2a: Rotom-Wash|Hydro Pump|p1a: Garchomp
|-damage|p1a: Garchomp|265\/419 slp
|
|-heal|p2a: Rotom-Wash|284\/303|[from] item: Leftovers
|turn|9
|
|switch|p1a: Metagross|Metagross|363\/363
|move|p2a: Rotom-Wash|Hydro Pump|p1a: Metagross|[miss]
|-miss|p2a: Rotom-Wash|p1a: Metagross
|
|-heal|p2a: Rotom-Wash|302\/303|[from] item: Leftovers
|turn|10
|
|switch|p1a: Thundurus-Therian|Thundurus-Therian, M|299\/299
|move|p2a: Rotom-Wash|Will-O-Wisp|p1a: Thundurus-Therian
|-status|p1a: Thundurus-Therian|brn
|
|-heal|p2a: Rotom-Wash|303\/303|[from] item: Leftovers
|-damage|p1a: Thundurus-Therian|262\/299 brn|[from] brn
|turn|11
|
|switch|p2a: Sylveon|Sylveon, M|393\/393
|-damage|p2a: Sylveon|344\/393|[from] Stealth Rock
|move|p1a: Thundurus-Therian|Focus Blast|p2a: Sylveon
|-resisted|p2a: Sylveon
|-damage|p2a: Sylveon|235\/393
|
|-heal|p2a: Sylveon|259\/393|[from] item: Leftovers
|-damage|p1a: Thundurus-Therian|225\/299 brn|[from] brn
|turn|12
|
|switch|p1a: Volcarona|Volcarona, F|374\/374
|move|p2a: Sylveon|Wish|p2a: Sylveon
|
|-heal|p2a: Sylveon|283\/393|[from] item: Leftovers
|turn|13
|
|switch|p2a: Excadrill|Excadrill, M|417\/417
|-damage|p2a: Excadrill|404\/417|[from] Stealth Rock
|-ability|p2a: Excadrill|Mold Breaker
|move|p1a: Volcarona|Quiver Dance|p1a: Volcarona
|-boost|p1a: Volcarona|spa|1
|-boost|p1a: Volcarona|spd|1
|-boost|p1a: Volcarona|spe|1
|
|-heal|p2a: Excadrill|417\/417|[from] move: Wish|[wisher] Sylveon
|turn|14
|
|move|p1a: Volcarona|Fiery Dance|p2a: Excadrill
|-supereffective|p2a: Excadrill
|-damage|p2a: Excadrill|87\/417
|move|p2a: Excadrill|Earthquake|p1a: Volcarona
|-damage|p1a: Volcarona|230\/374
|
|-heal|p1a: Volcarona|253\/374|[from] item: Leftovers
|-heal|p2a: Excadrill|113\/417|[from] item: Leftovers
|turn|15
|
|move|p1a: Volcarona|Fiery Dance|p2a: Excadrill
|-supereffective|p2a: Excadrill
|-damage|p2a: Excadrill|0 fnt
|-boost|p1a: Volcarona|spa|1
|faint|p2a: Excadrill
|
|-heal|p1a: Volcarona|276\/374|[from] item: Leftovers
|
|switch|p2a: Rotom-Wash|Rotom-Wash|303\/303
|-damage|p2a: Rotom-Wash|266\/303|[from] Stealth Rock
|turn|16
|
|move|p1a: Volcarona|Bug Buzz|p2a: Rotom-Wash
|-damage|p2a: Rotom-Wash|8\/303
|move|p2a: Rotom-Wash|Hydro Pump|p1a: Volcarona
|-supereffective|p1a: Volcarona
|-damage|p1a: Volcarona|88\/374
|
|-heal|p1a: Volcarona|111\/374|[from] item: Leftovers
|-heal|p2a: Rotom-Wash|26\/303|[from] item: Leftovers
|turn|17
|leave|Hiye
|player|p2
|-message|Player 2 lost due to inactivity.
|
|win|qwazz