|join|Qwazz
|join|FlyingSunray
|player|p1|Qwazz|170
|player|p2|FlyingSunray|288
|gametype|singles
|gen|6
|tier|OU (suspect test)
|clearpoke
|poke|p1|Altaria, F
|poke|p1|Victini
|poke|p1|Excadrill, M
|poke|p1|Chesnaught, F
|poke|p1|Rotom-Wash
|poke|p1|Tornadus-Therian, M
|poke|p2|Clefable, F
|poke|p2|Metagross
|poke|p2|Chesnaught, M
|poke|p2|Landorus-Therian, M
|poke|p2|Rotom-Wash
|poke|p2|Latios, M
|rule|Swagger Clause: Swagger is banned
|rule|Baton Pass Clause: Limit one PokÃ©mon knowing Baton Pass
|rule|Sleep Clause Mod: Limit one foe put to sleep
|rule|Species Clause: Limit one of each PokÃ©mon
|rule|OHKO Clause: OHKO moves are banned
|rule|Moody Clause: Moody is banned
|rule|Evasion Moves Clause: Evasion moves are banned
|rule|Endless Battle Clause: Forcing endless battles is banned
|rule|HP Percentage Mod: HP is shown in percentages
|teampreview
|
|start
|switch|p1a: Excadrill|Excadrill, M|416\/416
|switch|p2a: Latios|Latios, M|301\/301
|-ability|p1a: Excadrill|Mold Breaker
|turn|1
|
|move|p2a: Latios|Trick|p1a: Excadrill
|-activate|p2a: Latios|move: Trick|[of] p1a: Excadrill
|-item|p1a: Excadrill|Choice Scarf|[from] move: Trick
|-item|p2a: Latios|Leftovers|[from] move: Trick
|move|p1a: Excadrill|Stealth Rock|p2a: Latios
|-sidestart|p2: FlyingSunray|move: Stealth Rock
|
|turn|2
|
|switch|p1a: Tornadus-Therian|Tornadus-Therian, M|347\/347
|move|p2a: Latios|Defog|p1a: Tornadus-Therian
|-unboost|p1a: Tornadus-Therian|evasion|1
|-sideend|p2: FlyingSunray|Stealth Rock|[from] move: Defog|[of] p2a: Latios
|
|turn|3
|
|switch|p2a: Metagross|Metagross|301\/301
|move|p1a: Tornadus-Therian|Knock Off|p2a: Metagross
|-supereffective|p2a: Metagross
|-damage|p2a: Metagross|231\/301
|
|turn|4
|
|detailschange|p2a: Metagross|Metagross-Mega
|-mega|p2a: Metagross|Metagross|Metagrossite
|move|p1a: Tornadus-Therian|Heat Wave|p2a: Metagross
|-supereffective|p2a: Metagross
|-damage|p2a: Metagross|71\/301
|move|p2a: Metagross|Zen Headbutt|p1a: Tornadus-Therian
|-damage|p1a: Tornadus-Therian|86\/347
|
|turn|5
|
|switch|p1a: Rotom-Wash|Rotom-Wash|304\/304
|move|p2a: Metagross|Bullet Punch|p1a: Rotom-Wash
|-resisted|p1a: Rotom-Wash
|-damage|p1a: Rotom-Wash|285\/304
|
|-heal|p1a: Rotom-Wash|304\/304|[from] item: Leftovers
|turn|6
|
|switch|p2a: Clefable|Clefable, F|394\/394
|move|p1a: Rotom-Wash|Volt Switch|p2a: Clefable
|-damage|p2a: Clefable|321\/394
|
|switch|p1a: Victini|Victini|343\/343
|
|-heal|p2a: Clefable|345\/394|[from] item: Leftovers
|turn|7
|
|switch|p2a: Landorus-Therian|Landorus-Therian, M|382\/382
|-ability|p2a: Landorus-Therian|Intimidate|[of] p1a: Victini
|-unboost|p1a: Victini|atk|1
|move|p1a: Victini|V-create|p2a: Landorus-Therian
|-damage|p2a: Landorus-Therian|207\/382
|-unboost|p1a: Victini|def|1
|-unboost|p1a: Victini|spd|1
|-unboost|p1a: Victini|spe|1
|
|-heal|p2a: Landorus-Therian|230\/382|[from] item: Leftovers
|turn|8
|
|switch|p1a: Rotom-Wash|Rotom-Wash|304\/304
|move|p2a: Landorus-Therian|Stealth Rock|p1a: Rotom-Wash
|-sidestart|p1: Qwazz|move: Stealth Rock
|
|-heal|p2a: Landorus-Therian|253\/382|[from] item: Leftovers
|turn|9
|
|switch|p2a: Clefable|Clefable, F|345\/394
|move|p1a: Rotom-Wash|Hydro Pump|p2a: Clefable
|-crit|p2a: Clefable
|-damage|p2a: Clefable|174\/394
|
|-heal|p2a: Clefable|198\/394|[from] item: Leftovers
|turn|10
|
|move|p1a: Rotom-Wash|Volt Switch|p2a: Clefable
|-damage|p2a: Clefable|114\/394
|
|switch|p1a: Excadrill|Excadrill, M|416\/416
|-damage|p1a: Excadrill|403\/416|[from] Stealth Rock
|-ability|p1a: Excadrill|Mold Breaker
|move|p2a: Clefable|Soft-Boiled|p2a: Clefable
|-heal|p2a: Clefable|311\/394
|
|-heal|p2a: Clefable|335\/394|[from] item: Leftovers
|turn|11
|
|switch|p2a: Rotom-Wash|Rotom-Wash|304\/304
|move|p1a: Excadrill|Stealth Rock|p2a: Rotom-Wash
|-sidestart|p2: FlyingSunray|move: Stealth Rock
|
|turn|12
|
|move|p1a: Excadrill|Stealth Rock|p2a: Rotom-Wash
|-fail|p2a: Rotom-Wash
|move|p2a: Rotom-Wash|Hydro Pump|p1a: Excadrill
|-crit|p1a: Excadrill
|-supereffective|p1a: Excadrill
|-damage|p1a: Excadrill|11\/416
|
|turn|13
|
|switch|p1a: Rotom-Wash|Rotom-Wash|304\/304
|-damage|p1a: Rotom-Wash|266\/304|[from] Stealth Rock
|move|p2a: Rotom-Wash|Will-O-Wisp|p1a: Rotom-Wash
|-status|p1a: Rotom-Wash|brn
|
|-heal|p1a: Rotom-Wash|285\/304 brn|[from] item: Leftovers
|-damage|p1a: Rotom-Wash|247\/304 brn|[from] brn
|turn|14
|
|move|p1a: Rotom-Wash|Will-O-Wisp|p2a: Rotom-Wash
|-status|p2a: Rotom-Wash|brn
|move|p2a: Rotom-Wash|Volt Switch|p1a: Rotom-Wash
|-damage|p1a: Rotom-Wash|165\/304 brn
|
|switch|p2a: Clefable|Clefable, F|335\/394
|
|-heal|p1a: Rotom-Wash|184\/304 brn|[from] item: Leftovers
|-heal|p2a: Clefable|359\/394|[from] item: Leftovers
|-damage|p1a: Rotom-Wash|146\/304 brn|[from] brn
|turn|15
|
|move|p1a: Rotom-Wash|Volt Switch|p2a: Clefable
|-damage|p2a: Clefable|275\/394
|
|switch|p1a: Victini|Victini|343\/343
|-damage|p1a: Victini|258\/343|[from] Stealth Rock
|move|p2a: Clefable|Moonblast|p1a: Victini
|-crit|p1a: Victini
|-resisted|p1a: Victini
|-damage|p1a: Victini|180\/343
|
|-heal|p1a: Victini|201\/343|[from] item: Leftovers
|-heal|p2a: Clefable|299\/394|[from] item: Leftovers
|turn|16
|
|switch|p2a: Rotom-Wash|Rotom-Wash|304\/304 brn
|-damage|p2a: Rotom-Wash|266\/304 brn|[from] Stealth Rock
|move|p1a: Victini|Substitute|p1a: Victini
|-start|p1a: Victini|Substitute
|-damage|p1a: Victini|116\/343
|
|-heal|p1a: Victini|137\/343|[from] item: Leftovers
|-heal|p2a: Rotom-Wash|285\/304 brn|[from] item: Leftovers
|-damage|p2a: Rotom-Wash|247\/304 brn|[from] brn
|turn|17
|
|move|p1a: Victini|Power-Up Punch|p2a: Rotom-Wash
|-damage|p2a: Rotom-Wash|214\/304 brn
|-boost|p1a: Victini|atk|1
|move|p2a: Rotom-Wash|Hydro Pump|p1a: Victini
|-supereffective|p1a: Victini
|-end|p1a: Victini|Substitute
|
|-heal|p1a: Victini|158\/343|[from] item: Leftovers
|-heal|p2a: Rotom-Wash|233\/304 brn|[from] item: Leftovers
|-damage|p2a: Rotom-Wash|195\/304 brn|[from] brn
|turn|18
|
|switch|p2a: Landorus-Therian|Landorus-Therian, M|253\/382
|-damage|p2a: Landorus-Therian|206\/382|[from] Stealth Rock
|-ability|p2a: Landorus-Therian|Intimidate|[of] p1a: Victini
|-unboost|p1a: Victini|atk|1
|move|p1a: Victini|Substitute|p1a: Victini
|-start|p1a: Victini|Substitute
|-damage|p1a: Victini|73\/343
|
|-heal|p1a: Victini|94\/343|[from] item: Leftovers
|-heal|p2a: Landorus-Therian|229\/382|[from] item: Leftovers
|turn|19
|
|switch|p2a: Rotom-Wash|Rotom-Wash|195\/304 brn
|-damage|p2a: Rotom-Wash|157\/304 brn|[from] Stealth Rock
|move|p1a: Victini|V-create|p2a: Rotom-Wash
|-resisted|p2a: Rotom-Wash
|-damage|p2a: Rotom-Wash|49\/304 brn
|-unboost|p1a: Victini|def|1
|-unboost|p1a: Victini|spd|1
|-unboost|p1a: Victini|spe|1
|
|-heal|p2a: Rotom-Wash|68\/304 brn|[from] item: Leftovers
|-heal|p1a: Victini|115\/343|[from] item: Leftovers
|-damage|p2a: Rotom-Wash|30\/304 brn|[from] brn
|turn|20
|
|move|p2a: Rotom-Wash|Volt Switch|p1a: Victini
|-end|p1a: Victini|Substitute
|
|switch|p2a: Landorus-Therian|Landorus-Therian, M|229\/382
|-damage|p2a: Landorus-Therian|182\/382|[from] Stealth Rock
|-ability|p2a: Landorus-Therian|Intimidate|[of] p1a: Victini
|-unboost|p1a: Victini|atk|1
|move|p1a: Victini|Power-Up Punch|p2a: Landorus-Therian
|-resisted|p2a: Landorus-Therian
|-damage|p2a: Landorus-Therian|170\/382
|-boost|p1a: Victini|atk|1
|
|-heal|p2a: Landorus-Therian|193\/382|[from] item: Leftovers
|-heal|p1a: Victini|136\/343|[from] item: Leftovers
|turn|21
|
|move|p2a: Landorus-Therian|U-turn|p1a: Victini
|-damage|p1a: Victini|25\/343
|
|switch|p2a: Rotom-Wash|Rotom-Wash|30\/304 brn
|-damage|p2a: Rotom-Wash|0 fnt|[from] Stealth Rock
|faint|p2a: Rotom-Wash
|move|p1a: Victini|V-create|p2: Rotom-Wash|[notarget]
|-notarget
|
|-heal|p1a: Victini|46\/343|[from] item: Leftovers
|
|switch|p2a: Landorus-Therian|Landorus-Therian, M|193\/382
|-damage|p2a: Landorus-Therian|146\/382|[from] Stealth Rock
|-ability|p2a: Landorus-Therian|Intimidate|[of] p1a: Victini
|-unboost|p1a: Victini|atk|1
|turn|22
|
|move|p2a: Landorus-Therian|U-turn|p1a: Victini
|-crit|p1a: Victini
|-damage|p1a: Victini|0 fnt
|faint|p1a: Victini
|
|switch|p2a: Clefable|Clefable, F|299\/394
|
|-heal|p2a: Clefable|323\/394|[from] item: Leftovers
|
|switch|p1a: Tornadus-Therian|Tornadus-Therian, M|201\/347
|-damage|p1a: Tornadus-Therian|115\/347|[from] Stealth Rock
|turn|23
|
|move|p1a: Tornadus-Therian|Hurricane|p2a: Clefable
|-damage|p2a: Clefable|199\/394
|move|p2a: Clefable|Calm Mind|p2a: Clefable
|-boost|p2a: Clefable|spa|1
|-boost|p2a: Clefable|spd|1
|
|-heal|p2a: Clefable|223\/394|[from] item: Leftovers
|turn|24
|
|move|p1a: Tornadus-Therian|Knock Off|p2a: Clefable
|-resisted|p2a: Clefable
|-damage|p2a: Clefable|188\/394
|-enditem|p2a: Clefable|Leftovers|[from] move: Knock Off|[of] p1a: Tornadus-Therian
|move|p2a: Clefable|Soft-Boiled|p2a: Clefable
|-heal|p2a: Clefable|385\/394
|
|turn|25
|
|move|p1a: Tornadus-Therian|Hurricane|p2a: Clefable
|-damage|p2a: Clefable|301\/394
|move|p2a: Clefable|Calm Mind|p2a: Clefable
|-boost|p2a: Clefable|spa|1
|-boost|p2a: Clefable|spd|1
|
|turn|26
|
|move|p1a: Tornadus-Therian|Hurricane|p2a: Clefable|[miss]
|-miss|p1a: Tornadus-Therian|p2a: Clefable
|move|p2a: Clefable|Moonblast|p1a: Tornadus-Therian
|-damage|p1a: Tornadus-Therian|0 fnt
|faint|p1a: Tornadus-Therian
|
|
|switch|p1a: Rotom-Wash|Rotom-Wash|146\/304 brn
|-damage|p1a: Rotom-Wash|108\/304 brn|[from] Stealth Rock
|turn|27
|
|move|p1a: Rotom-Wash|Pain Split|p2a: Clefable
|-sethp|p2a: Clefable|204\/394|p1a: Rotom-Wash|204\/304 brn|[from] move: Pain Split
|move|p2a: Clefable|Moonblast|p1a: Rotom-Wash
|-damage|p1a: Rotom-Wash|0 fnt
|faint|p1a: Rotom-Wash
|
|
|switch|p1a: Altaria|Altaria, F|345\/345
|-damage|p1a: Altaria|259\/345|[from] Stealth Rock
|turn|28
|
|detailschange|p1a: Altaria|Altaria-Mega, F
|-mega|p1a: Altaria|Altaria|Altarianite
|move|p1a: Altaria|Frustration|p2a: Clefable
|-damage|p2a: Clefable|0 fnt
|faint|p2a: Clefable
|
|
|switch|p2a: Metagross|Metagross-Mega|71\/301
|-damage|p2a: Metagross|53\/301|[from] Stealth Rock
|turn|29
|
|switch|p1a: Chesnaught|Chesnaught, F|379\/379
|-damage|p1a: Chesnaught|356\/379|[from] Stealth Rock
|move|p2a: Metagross|Meteor Mash|p1a: Chesnaught
|-damage|p1a: Chesnaught|209\/379
|
|-heal|p1a: Chesnaught|232\/379|[from] item: Leftovers
|turn|30
|
|move|p1a: Chesnaught|Spiky Shield|p1a: Chesnaught
|-singleturn|p1a: Chesnaught|move: Protect
|move|p2a: Metagross|Earthquake|p1a: Chesnaught
|-activate|p1a: Chesnaught|move: Protect
|
|-heal|p1a: Chesnaught|255\/379|[from] item: Leftovers
|turn|31
|
|move|p1a: Chesnaught|Spiky Shield|p1a: Chesnaught
|-singleturn|p1a: Chesnaught|move: Protect
|move|p2a: Metagross|Zen Headbutt|p1a: Chesnaught
|-activate|p1a: Chesnaught|move: Protect
|-damage|p2a: Metagross|16\/301|[from] Spiky Shield|[of] p1a: Chesnaught
|
|-heal|p1a: Chesnaught|278\/379|[from] item: Leftovers
|turn|32
|
|move|p2a: Metagross|Zen Headbutt|p1a: Chesnaught
|-supereffective|p1a: Chesnaught
|-damage|p1a: Chesnaught|24\/379
|move|p1a: Chesnaught|Drain Punch|p2a: Metagross
|-damage|p2a: Metagross|0 fnt
|-heal|p1a: Chesnaught|32\/379|[from] drain|[of] p2a: Metagross
|faint|p2a: Metagross
|
|-heal|p1a: Chesnaught|55\/379|[from] item: Leftovers
|
|switch|p2a: Latios|Latios, M|301\/301
|-damage|p2a: Latios|264\/301|[from] Stealth Rock
|turn|33
|
|move|p1a: Chesnaught|Spiky Shield|p1a: Chesnaught
|-singleturn|p1a: Chesnaught|move: Protect
|move|p2a: Latios|Psyshock|p1a: Chesnaught
|-activate|p1a: Chesnaught|move: Protect
|
|-heal|p2a: Latios|282\/301|[from] item: Leftovers
|-heal|p1a: Chesnaught|78\/379|[from] item: Leftovers
|turn|34
|
|switch|p1a: Excadrill|Excadrill, M|11\/416
|-damage|p1a: Excadrill|0 fnt|[from] Stealth Rock
|faint|p1a: Excadrill
|move|p2a: Latios|Psyshock|p1: Excadrill|[notarget]
|-notarget
|
|-heal|p2a: Latios|300\/301|[from] item: Leftovers
|
|switch|p1a: Altaria|Altaria-Mega, F|259\/345
|-damage|p1a: Altaria|216\/345|[from] Stealth Rock
|turn|35
|
|switch|p2a: Landorus-Therian|Landorus-Therian, M|146\/382
|-damage|p2a: Landorus-Therian|99\/382|[from] Stealth Rock
|-ability|p2a: Landorus-Therian|Intimidate|[of] p1a: Altaria
|-unboost|p1a: Altaria|atk|1
|move|p1a: Altaria|Roost|p1a: Altaria
|-heal|p1a: Altaria|345\/345
|
|-heal|p2a: Landorus-Therian|122\/382|[from] item: Leftovers
|turn|36
|
|move|p1a: Altaria|Dragon Dance|p1a: Altaria
|-boost|p1a: Altaria|atk|1
|-boost|p1a: Altaria|spe|1
|move|p2a: Landorus-Therian|U-turn|p1a: Altaria
|-resisted|p1a: Altaria
|-damage|p1a: Altaria|311\/345
|
|switch|p2a: Chesnaught|Chesnaught, M|380\/380
|-damage|p2a: Chesnaught|357\/380|[from] Stealth Rock
|
|-heal|p2a: Chesnaught|380\/380|[from] item: Leftovers
|turn|37
|
|move|p1a: Altaria|Frustration|p2a: Chesnaught
|-supereffective|p2a: Chesnaught
|-damage|p2a: Chesnaught|138\/380
|move|p2a: Chesnaught|Leech Seed|p1a: Altaria|[miss]
|-miss|p2a: Chesnaught|p1a: Altaria
|
|-heal|p2a: Chesnaught|161\/380|[from] item: Leftovers
|turn|38
|
|switch|p2a: Landorus-Therian|Landorus-Therian, M|122\/382
|-damage|p2a: Landorus-Therian|75\/382|[from] Stealth Rock
|-ability|p2a: Landorus-Therian|Intimidate|[of] p1a: Altaria
|-unboost|p1a: Altaria|atk|1
|move|p1a: Altaria|Frustration|p2a: Landorus-Therian
|-damage|p2a: Landorus-Therian|0 fnt
|faint|p2a: Landorus-Therian
|
|
|switch|p2a: Chesnaught|Chesnaught, M|161\/380
|-damage|p2a: Chesnaught|138\/380|[from] Stealth Rock
|turn|39
|
|move|p1a: Altaria|Frustration|p2a: Chesnaught
|-supereffective|p2a: Chesnaught
|-damage|p2a: Chesnaught|0 fnt
|faint|p2a: Chesnaught
|
|
|switch|p2a: Latios|Latios, M|300\/301
|-damage|p2a: Latios|263\/301|[from] Stealth Rock
|turn|40
|
|move|p1a: Altaria|Frustration|p2a: Latios
|-supereffective|p2a: Latios
|-damage|p2a: Latios|0 fnt
|faint|p2a: Latios
|
|win|Qwazz