|join|Here to Stay
|join|qwazz
|player|p1|Here to Stay|169
|player|p2|qwazz|102
|gametype|singles
|gen|6
|tier|OU (suspect test)
|rated
|clearpoke
|poke|p1|Smeargle, F
|poke|p1|Espeon, M
|poke|p1|Azelf
|poke|p1|Clefable, F
|poke|p1|Whimsicott, M
|poke|p1|Tyranitar, F
|poke|p2|Charizard, M
|poke|p2|Gothitelle, M
|poke|p2|Scizor, M
|poke|p2|Sylveon, M
|poke|p2|Zapdos
|poke|p2|Hippowdon, F
|rule|Swagger Clause: Swagger is banned
|rule|Baton Pass Clause: Limit one PokÃ©mon knowing Baton Pass
|rule|Sleep Clause Mod: Limit one foe put to sleep
|rule|Species Clause: Limit one of each PokÃ©mon
|rule|OHKO Clause: OHKO moves are banned
|rule|Moody Clause: Moody is banned
|rule|Evasion Moves Clause: Evasion moves are banned
|rule|Endless Battle Clause: Forcing endless battles is banned
|rule|HP Percentage Mod: HP is shown in percentages
|teampreview
|join|Hiye
|c| Hiye|plz win agaisnt qwazz. thx
|
|start
|switch|p1a: Azelf|Azelf|354\/354
|switch|p2a: Gothitelle|Gothitelle, M|343\/343
|turn|1
|
|switch|p2a: Scizor|Scizor, M|343\/343
|move|p1a: Azelf|Reflect|p1a: Azelf
|-sidestart|p1: Here to Stay|Reflect
|
|turn|2
|leave|Hiye
|
|move|p1a: Azelf|Stealth Rock|p2a: Scizor
|-sidestart|p2: qwazz|move: Stealth Rock
|move|p2a: Scizor|U-turn|p1a: Azelf
|-supereffective|p1a: Azelf
|-damage|p1a: Azelf|101\/354
|
|switch|p2a: Zapdos|Zapdos|383\/383
|-damage|p2a: Zapdos|288\/383|[from] Stealth Rock
|-ability|p2a: Zapdos|Pressure
|
|-heal|p2a: Zapdos|311\/383|[from] item: Leftovers
|turn|3
|join|Hiye
|
|move|p1a: Azelf|Taunt|p2a: Zapdos
|-start|p2a: Zapdos|move: Taunt
|cant|p2a: Zapdos|move: Taunt|Defog
|
|-heal|p2a: Zapdos|334\/383|[from] item: Leftovers
|turn|4
|c| Hiye|that just wasted a turn of reflect
|c| Hiye|...
|c|âHere to Stay|defog rids screens
|
|switch|p2a: Charizard|Charizard, M|357\/357
|-damage|p2a: Charizard|179\/357|[from] Stealth Rock
|move|p1a: Azelf|Explosion|p2a: Charizard
|-damage|p2a: Charizard|0 fnt
|faint|p1a: Azelf
|faint|p2a: Charizard
|
|c| Hiye|explosion
|c| Hiye|makes no screens
|c| Hiye|er no defog
|c|âHere to Stay|oh
|c| Hiye|btw thnxs for beating qwazz
|
|switch|p2a: Gothitelle|Gothitelle, M|343\/343
|switch|p1a: Whimsicott|Whimsicott, M|324\/324
|-damage|p2a: Gothitelle|301\/343|[from] Stealth Rock
|turn|5
|c|âHere to Stay|:L
|c|âHere to Stay|i would have had to taunt zapdos eventually regardless though
|c| Hiye|true
|
|move|p1a: Whimsicott|Light Screen|p1a: Whimsicott
|-sidestart|p1: Here to Stay|move: Light Screen
|move|p2a: Gothitelle|Psychic|p1a: Whimsicott
|-damage|p1a: Whimsicott|256\/324
|-unboost|p1a: Whimsicott|spd|1
|
|turn|6
|
|switch|p2a: Scizor|Scizor, M|343\/343
|-damage|p2a: Scizor|301\/343|[from] Stealth Rock
|move|p1a: Whimsicott|Memento|p2a: Scizor
|-unboost|p2a: Scizor|atk|2
|-unboost|p2a: Scizor|spa|2
|faint|p1a: Whimsicott
|
|
|switch|p1a: Smeargle|Smeargle, F|314\/314
|turn|7
|
|switch|p2a: Hippowdon|Hippowdon, F|416\/416
|-damage|p2a: Hippowdon|390\/416|[from] Stealth Rock
|-weather|Sandstorm
|move|p1a: Smeargle|Geomancy|p1a: Smeargle|[still]
|-prepare|p1a: Smeargle|Geomancy|p1a: Smeargle
|-enditem|p1a: Smeargle|Power Herb
|-anim|p1a: Smeargle|Geomancy|p1a: Smeargle
|-boost|p1a: Smeargle|spa|2
|-boost|p1a: Smeargle|spd|2
|-boost|p1a: Smeargle|spe|2
|
|-weather|Sandstorm|[upkeep]
|-damage|p1a: Smeargle|295\/314|[from] sandstorm
|-heal|p2a: Hippowdon|416\/416|[from] item: Leftovers
|turn|8
|
|move|p1a: Smeargle|Taunt|p2a: Hippowdon
|-start|p2a: Hippowdon|move: Taunt
|cant|p2a: Hippowdon|move: Taunt|Whirlwind
|
|-weather|Sandstorm|[upkeep]
|-damage|p1a: Smeargle|276\/314|[from] sandstorm
|-sideend|p1: Here to Stay|Reflect
|turn|9
|c| Hiye|:)
|
|switch|p2a: Scizor|Scizor, M|301\/343
|-damage|p2a: Scizor|259\/343|[from] Stealth Rock
|move|p1a: Smeargle|Cotton Guard|p1a: Smeargle
|-boost|p1a: Smeargle|def|3
|
|-weather|Sandstorm|[upkeep]
|-damage|p1a: Smeargle|257\/314|[from] sandstorm
|turn|10
|
|switch|p2a: Sylveon|Sylveon, M|393\/393
|-damage|p2a: Sylveon|344\/393|[from] Stealth Rock
|move|p1a: Smeargle|Baton Pass|p1a: Smeargle
|
|switch|p1a: Espeon|Espeon, M|334\/334
|
|-weather|Sandstorm|[upkeep]
|-damage|p1a: Espeon|314\/334|[from] sandstorm
|-damage|p2a: Sylveon|320\/393|[from] sandstorm
|-heal|p1a: Espeon|334\/334|[from] item: Leftovers
|-heal|p2a: Sylveon|344\/393|[from] item: Leftovers
|turn|11
|c| Hiye|rip qwazz 2700 coil :))))
|
|move|p1a: Espeon|Stored Power|p2a: Sylveon
|-damage|p2a: Sylveon|0 fnt
|faint|p2a: Sylveon
|
|-weather|none
|
|switch|p2a: Gothitelle|Gothitelle, M|301\/343
|-damage|p2a: Gothitelle|259\/343|[from] Stealth Rock
|turn|12
|c| Hiye|btw qwazz is mad af bc he didnt taunt whimsi, and you bp'd on a cb sciz
|c|âHere to Stay|>D
|c|âHere to Stay|*:F
|c|âHere to Stay|*:D
|
|move|p1a: Espeon|Stored Power|p2a: Gothitelle
|-resisted|p2a: Gothitelle
|-damage|p2a: Gothitelle|52\/343
|move|p2a: Gothitelle|Trick|p1a: Espeon
|-activate|p2a: Gothitelle|move: Trick|[of] p1a: Espeon
|-item|p1a: Espeon|Choice Scarf|[from] move: Trick
|-item|p2a: Gothitelle|Leftovers|[from] move: Trick
|
|-heal|p2a: Gothitelle|73\/343|[from] item: Leftovers
|-sideend|p1: Here to Stay|move: Light Screen
|turn|13
|c|âHere to Stay|oml
|
|move|p1a: Espeon|Stored Power|p2a: Gothitelle
|-crit|p2a: Gothitelle
|-resisted|p2a: Gothitelle
|-damage|p2a: Gothitelle|0 fnt
|faint|p2a: Gothitelle
|
|c| Hiye|:)
|
|switch|p2a: Scizor|Scizor, M|259\/343
|-damage|p2a: Scizor|217\/343|[from] Stealth Rock
|turn|14
|
|move|p2a: Scizor|Bullet Punch|p1a: Espeon
|-damage|p1a: Espeon|258\/334
|move|p1a: Espeon|Stored Power|p2a: Scizor
|-resisted|p2a: Scizor
|-damage|p2a: Scizor|0 fnt
|faint|p2a: Scizor
|
|-message|qwazz lost due to inactivity.
|
|win|Here to Stay
|raw|Ladder updating...
|raw|Here to Stay's rating: 1443 &rarr; <strong>1470<\/strong><br \/>(+27 for winning)
|raw|qwazz's rating: 1570 &rarr; <strong>1543<\/strong><br \/>(-27 for losing)
|leave|Here to Stay
|player|p1
|leave|Hiye
|join|Hiye
|leave|Hiye