|join|bforrester16
|join|qwazz
|player|p1|bforrester16|270
|player|p2|qwazz|101
|gametype|singles
|gen|6
|tier|OU (suspect test)
|rated
|clearpoke
|poke|p1|Heracross, M
|poke|p1|Heatran, M
|poke|p1|Dragonite, M
|poke|p1|Slowbro, F
|poke|p1|Excadrill, M
|poke|p1|Thundurus, M
|poke|p2|Heracross, F
|poke|p2|Talonflame, M
|poke|p2|Gengar, F
|poke|p2|Tyranitar, F
|poke|p2|Ferrothorn, M
|poke|p2|Latias, F
|rule|Swagger Clause: Swagger is banned
|rule|Baton Pass Clause: Limit one PokÃ©mon knowing Baton Pass
|rule|Sleep Clause Mod: Limit one foe put to sleep
|rule|Species Clause: Limit one of each PokÃ©mon
|rule|OHKO Clause: OHKO moves are banned
|rule|Moody Clause: Moody is banned
|rule|Evasion Moves Clause: Evasion moves are banned
|rule|Endless Battle Clause: Forcing endless battles is banned
|rule|HP Percentage Mod: HP is shown in percentages
|teampreview
|c|âbforrester16|qwazz watsup man
|c|âbforrester16|i recognize u from ou chat
|join|Hiye
|c| Hiye|he doesn have a chat
|
|start
|switch|p1a: Bro of slowness|Slowbro, F|394\/394
|switch|p2a: Heracross|Heracross, F|311\/311
|turn|1
|
|switch|p1a: Nighting Dragons|Dragonite, M|324\/324
|detailschange|p2a: Heracross|Heracross-Mega, F
|-mega|p2a: Heracross|Heracross|Heracronite
|move|p2a: Heracross|Substitute|p2a: Heracross
|-start|p2a: Heracross|Substitute
|-damage|p2a: Heracross|234\/311
|
|turn|2
|
|move|p1a: Nighting Dragons|Fire Punch|p2a: Heracross
|-supereffective|p2a: Heracross
|-end|p2a: Heracross|Substitute
|move|p2a: Heracross|Rock Blast|p1a: Nighting Dragons
|-supereffective|p1a: Nighting Dragons
|-damage|p1a: Nighting Dragons|281\/324
|-enditem|p1a: Nighting Dragons|Weakness Policy
|-boost|p1a: Nighting Dragons|atk|2|[from] item: Weakness Policy
|-boost|p1a: Nighting Dragons|spa|2|[from] item: Weakness Policy
|-supereffective|p1a: Nighting Dragons
|-damage|p1a: Nighting Dragons|189\/324
|-supereffective|p1a: Nighting Dragons
|-damage|p1a: Nighting Dragons|97\/324
|-supereffective|p1a: Nighting Dragons
|-damage|p1a: Nighting Dragons|7\/324
|-supereffective|p1a: Nighting Dragons
|-damage|p1a: Nighting Dragons|0 fnt
|-hitcount|p1a: Nighting Dragons|5
|faint|p1a: Nighting Dragons
|
|c| Hiye|got m
|c|âbforrester16|i think ive already lost
|c| Hiye|where are the counters
|c| Hiye|n hp flying thundy
|
|switch|p1a: Much thunder. wow|Thundurus, M|300\/300
|turn|3
|c|âbforrester16|non existent
|c| Hiye|he can just wish if you para it
|
|switch|p2a: Ferrothorn|Ferrothorn, M|352\/352
|move|p1a: Much thunder. wow|Thunderbolt|p2a: Ferrothorn
|-resisted|p2a: Ferrothorn
|-damage|p2a: Ferrothorn|289\/352
|
|-heal|p2a: Ferrothorn|311\/352|[from] item: Leftovers
|turn|4
|c| Hiye|hp fire plz
|
|switch|p2a: Talonflame|Talonflame, M|297\/297
|move|p1a: Much thunder. wow|Taunt|p2a: Talonflame
|-start|p2a: Talonflame|move: Taunt
|
|turn|5
|c| Hiye|ya this matchup if horrible for you
|c| Hiye|too bad qwazz is bad and tried to double
|
|move|p2a: Talonflame|U-turn|p1a: Much thunder. wow
|-resisted|p1a: Much thunder. wow
|-damage|p1a: Much thunder. wow|243\/300
|c|âbforrester16|why must he be jolly
|
|switch|p2a: Tyranitar|Tyranitar, F|341\/341
|-weather|Sandstorm
|move|p1a: Much thunder. wow|Thunderbolt|p2a: Tyranitar
|-damage|p2a: Tyranitar|236\/341
|
|-weather|Sandstorm|[upkeep]
|-damage|p1a: Much thunder. wow|225\/300|[from] sandstorm
|-heal|p1a: Much thunder. wow|243\/300|[from] item: Leftovers
|turn|6
|c| Hiye|they run enuf
|c| Hiye|for raikou
|c| Hiye|alla dem
|c|âbforrester16|ya i guess
|
|move|p2a: Tyranitar|Pursuit|p1a: Much thunder. wow|[from]Pursuit
|-damage|p1a: Much thunder. wow|63\/300
|switch|p1a: Drilling of exca|Excadrill, M|362\/362
|-ability|p1a: Drilling of exca|Mold Breaker
|
|-weather|Sandstorm|[upkeep]
|turn|7
|c| Hiye|ur nicknames are 3 powerful 5 me
|
|switch|p2a: Ferrothorn|Ferrothorn, M|311\/352
|move|p1a: Drilling of exca|Iron Head|p2a: Ferrothorn
|-resisted|p2a: Ferrothorn
|-damage|p2a: Ferrothorn|257\/352
|-damage|p1a: Drilling of exca|317\/362|[from] ability: Iron Barbs|[of] p2a: Ferrothorn
|
|-weather|Sandstorm|[upkeep]
|-heal|p2a: Ferrothorn|279\/352|[from] item: Leftovers
|turn|8
|
|switch|p1a: Crossing Heras|Heracross, M|301\/301
|switch|p2a: Heracross|Heracross-Mega, F|234\/311
|
|-weather|Sandstorm|[upkeep]
|-damage|p2a: Heracross|215\/311|[from] sandstorm
|-damage|p1a: Crossing Heras|283\/301|[from] sandstorm
|turn|9
|c| Hiye|yum
|c| Hiye|free outspeed
|c| Hiye|cc here imo
|
|switch|p2a: Tyranitar|Tyranitar, F|236\/341
|detailschange|p1a: Crossing Heras|Heracross-Mega, M
|-mega|p1a: Crossing Heras|Heracross|Heracronite
|move|p1a: Crossing Heras|Rock Blast|p2a: Tyranitar
|-damage|p2a: Tyranitar|195\/341
|-damage|p2a: Tyranitar|147\/341
|-damage|p2a: Tyranitar|103\/341
|-damage|p2a: Tyranitar|60\/341
|-damage|p2a: Tyranitar|17\/341
|-hitcount|p2a: Tyranitar|5
|
|-weather|none
|turn|10
|c| Hiye|didin cc :(
|c| Hiye|tran
|c|âbforrester16|that hera is threat
|c| Hiye|hes gona fire punch
|c| Hiye|imo
|c|âbforrester16|im not fkin with hera
|c| Hiye|hes adamant
|
|switch|p1a: Bro of slowness|Slowbro, F|394\/394
|move|p2a: Tyranitar|Stone Edge|p1a: Bro of slowness|[miss]
|-miss|p2a: Tyranitar|p1a: Bro of slowness
|
|turn|11
|c| Hiye|cuz hes bad
|
|switch|p2a: Gengar|Gengar, F|261\/261
|move|p1a: Bro of slowness|Ice Beam|p2a: Gengar
|-damage|p2a: Gengar|164\/261
|
|turn|12
|c| Hiye|no freeze hax
|c|âbforrester16|just about to twave
|c|âbforrester16|f my life
|c| Hiye|wait
|c| Hiye|why wouldn't you twave
|c| Hiye|._.
|c| Hiye|forgot or
|
|switch|p1a: Much thunder. wow|Thundurus, M|63\/300
|move|p2a: Gengar|Focus Blast|p1a: Much thunder. wow
|-resisted|p1a: Much thunder. wow
|-damage|p1a: Much thunder. wow|0 fnt
|-damage|p2a: Gengar|138\/261|[from] item: Life Orb
|faint|p1a: Much thunder. wow
|
|
|switch|p1a: Drilling of exca|Excadrill, M|317\/362
|-ability|p1a: Drilling of exca|Mold Breaker
|turn|13
|
|switch|p2a: Talonflame|Talonflame, M|297\/297
|move|p1a: Drilling of exca|Earthquake|p2a: Talonflame
|-immune|p2a: Talonflame|[msg]
|
|turn|14
|c|âbforrester16|im not real
|c| Hiye|u turn
|c| Hiye|stay in
|c| Hiye|and eq again
|
|move|p1a: Drilling of exca|Earthquake|p2a: Talonflame
|-immune|p2a: Talonflame|[msg]
|move|p2a: Talonflame|U-turn|p1a: Drilling of exca
|-resisted|p1a: Drilling of exca
|-damage|p1a: Drilling of exca|243\/362
|c| Hiye|wait what
|c| Hiye|its scarf
|c| Hiye|oh
|c| Hiye|the ttar was on  his team
|
|switch|p2a: Heracross|Heracross-Mega, F|215\/311
|
|turn|15
|
|switch|p1a: Bro of slowness|Slowbro, F|394\/394
|move|p2a: Heracross|Close Combat|p1a: Bro of slowness
|-resisted|p1a: Bro of slowness
|-damage|p1a: Bro of slowness|290\/394
|-unboost|p2a: Heracross|def|1
|-unboost|p2a: Heracross|spd|1
|
|-heal|p1a: Bro of slowness|314\/394|[from] item: Leftovers
|turn|16
|
|switch|p1a: Drilling of exca|Excadrill, M|243\/362
|-ability|p1a: Drilling of exca|Mold Breaker
|move|p2a: Heracross|Pin Missile|p1a: Drilling of exca|[miss]
|-miss|p2a: Heracross|p1a: Drilling of exca
|
|turn|17
|
|switch|p2a: Ferrothorn|Ferrothorn, M|279\/352
|move|p1a: Drilling of exca|Iron Head|p2a: Ferrothorn
|-resisted|p2a: Ferrothorn
|-damage|p2a: Ferrothorn|229\/352
|-damage|p1a: Drilling of exca|198\/362|[from] ability: Iron Barbs|[of] p2a: Ferrothorn
|
|-heal|p2a: Ferrothorn|251\/352|[from] item: Leftovers
|turn|18
|
|switch|p1a: Bro of slowness|Slowbro, F|394\/394
|move|p2a: Ferrothorn|Leech Seed|p1a: Bro of slowness
|-start|p1a: Bro of slowness|move: Leech Seed
|
|-heal|p2a: Ferrothorn|273\/352|[from] item: Leftovers
|-damage|p1a: Bro of slowness|345\/394|[from] Leech Seed|[of] p2a: Ferrothorn
|-heal|p2a: Ferrothorn|322\/352|[silent]
|turn|19
|
|switch|p1a: Crossing Heras|Heracross-Mega, M|283\/301
|switch|p2a: Gengar|Gengar, F|138\/261
|
|turn|20
|
|switch|p1a: Tranning Heat|Heatran, M|386\/386
|move|p2a: Gengar|Sludge Wave|p1a: Tranning Heat
|-immune|p1a: Tranning Heat|[msg]
|
|turn|21
|
|move|p2a: Gengar|Focus Blast|p1a: Tranning Heat|[miss]
|-miss|p2a: Gengar|p1a: Tranning Heat
|move|p1a: Tranning Heat|Lava Plume|p2a: Gengar
|-damage|p2a: Gengar|0 fnt
|faint|p2a: Gengar
|
|
|switch|p2a: Heracross|Heracross-Mega, F|215\/311
|turn|22
|c|âbforrester16|oh yes
|
|move|p2a: Heracross|Close Combat|p1a: Tranning Heat
|-supereffective|p1a: Tranning Heat
|-damage|p1a: Tranning Heat|0 fnt
|-unboost|p2a: Heracross|def|1
|-unboost|p2a: Heracross|spd|1
|faint|p1a: Tranning Heat
|
|
|switch|p1a: Crossing Heras|Heracross-Mega, M|283\/301
|turn|23
|
|switch|p2a: Ferrothorn|Ferrothorn, M|322\/352
|move|p1a: Crossing Heras|Rock Blast|p2a: Ferrothorn|[miss]
|-miss|p1a: Crossing Heras|p2a: Ferrothorn
|
|-heal|p2a: Ferrothorn|344\/352|[from] item: Leftovers
|turn|24
|
|move|p2a: Ferrothorn|Protect|p2a: Ferrothorn
|-singleturn|p2a: Ferrothorn|Protect
|move|p1a: Crossing Heras|Rock Blast|p2a: Ferrothorn
|-activate|p2a: Ferrothorn|Protect
|
|-heal|p2a: Ferrothorn|352\/352|[from] item: Leftovers
|turn|25
|
|move|p1a: Crossing Heras|Close Combat|p2a: Ferrothorn
|-supereffective|p2a: Ferrothorn
|-damage|p2a: Ferrothorn|0 fnt
|-damage|p1a: Crossing Heras|246\/301|[from] ability: Iron Barbs|[of] p2a: Ferrothorn
|-unboost|p1a: Crossing Heras|def|1
|-unboost|p1a: Crossing Heras|spd|1
|faint|p2a: Ferrothorn
|
|
|switch|p2a: Heracross|Heracross-Mega, F|215\/311
|turn|26
|
|switch|p1a: Drilling of exca|Excadrill, M|198\/362
|-ability|p1a: Drilling of exca|Mold Breaker
|move|p2a: Heracross|Rock Blast|p1a: Drilling of exca
|-resisted|p1a: Drilling of exca
|-damage|p1a: Drilling of exca|183\/362
|-resisted|p1a: Drilling of exca
|-damage|p1a: Drilling of exca|166\/362
|-resisted|p1a: Drilling of exca
|-damage|p1a: Drilling of exca|149\/362
|-resisted|p1a: Drilling of exca
|-damage|p1a: Drilling of exca|132\/362
|-resisted|p1a: Drilling of exca
|-damage|p1a: Drilling of exca|115\/362
|-hitcount|p1a: Drilling of exca|5
|
|turn|27
|
|switch|p2a: Tyranitar|Tyranitar, F|17\/341
|-weather|Sandstorm
|move|p1a: Drilling of exca|Rock Slide|p2a: Tyranitar
|-damage|p2a: Tyranitar|0 fnt
|faint|p2a: Tyranitar
|
|-weather|Sandstorm|[upkeep]
|
|switch|p2a: Talonflame|Talonflame, M|297\/297
|turn|28
|
|switch|p1a: Bro of slowness|Slowbro, F|394\/394
|move|p2a: Talonflame|Brave Bird|p1a: Bro of slowness
|-damage|p1a: Bro of slowness|238\/394
|-damage|p2a: Talonflame|246\/297|[from] recoil|[of] p1a: Bro of slowness
|
|-weather|Sandstorm|[upkeep]
|-damage|p2a: Talonflame|228\/297|[from] sandstorm
|-damage|p1a: Bro of slowness|214\/394|[from] sandstorm
|-heal|p1a: Bro of slowness|238\/394|[from] item: Leftovers
|turn|29
|
|switch|p2a: Latias|Latias, F|319\/319
|move|p1a: Bro of slowness|Thunder Wave|p2a: Latias
|-status|p2a: Latias|par
|
|-weather|Sandstorm|[upkeep]
|-damage|p1a: Bro of slowness|214\/394|[from] sandstorm
|-damage|p2a: Latias|300\/319 par|[from] sandstorm
|-heal|p1a: Bro of slowness|238\/394|[from] item: Leftovers
|turn|30
|
|switch|p1a: Drilling of exca|Excadrill, M|115\/362
|-ability|p1a: Drilling of exca|Mold Breaker
|switch|p2a: Heracross|Heracross-Mega, F|215\/311
|
|-weather|Sandstorm|[upkeep]
|-damage|p2a: Heracross|196\/311|[from] sandstorm
|turn|31
|
|move|p1a: Drilling of exca|Iron Head|p2a: Heracross
|-damage|p2a: Heracross|61\/311
|move|p2a: Heracross|Close Combat|p1a: Drilling of exca
|-supereffective|p1a: Drilling of exca
|-damage|p1a: Drilling of exca|0 fnt
|-unboost|p2a: Heracross|def|1
|-unboost|p2a: Heracross|spd|1
|faint|p1a: Drilling of exca
|
|-weather|none
|
|switch|p1a: Crossing Heras|Heracross-Mega, M|246\/301
|turn|32
|
|switch|p2a: Latias|Latias, F|300\/319 par
|move|p1a: Crossing Heras|Rock Blast|p2a: Latias
|-damage|p2a: Latias|248\/319 par
|-crit|p2a: Latias
|-damage|p2a: Latias|177\/319 par
|-damage|p2a: Latias|133\/319 par
|-damage|p2a: Latias|82\/319 par
|-damage|p2a: Latias|38\/319 par
|-hitcount|p2a: Latias|5
|
|turn|33
|
|move|p1a: Crossing Heras|Rock Blast|p2a: Latias
|-damage|p2a: Latias|0 fnt
|-hitcount|p2a: Latias|1
|faint|p2a: Latias
|
|
|switch|p2a: Talonflame|Talonflame, M|228\/297
|turn|34
|
|move|p2a: Talonflame|Brave Bird|p1a: Crossing Heras
|-supereffective|p1a: Crossing Heras
|-damage|p1a: Crossing Heras|0 fnt
|-damage|p2a: Talonflame|147\/297|[from] recoil|[of] p1a: Crossing Heras
|faint|p1a: Crossing Heras
|
|
|switch|p1a: Bro of slowness|Slowbro, F|369\/394
|turn|35
|
|move|p2a: Talonflame|Brave Bird|p1a: Bro of slowness
|-damage|p1a: Bro of slowness|219\/394
|-damage|p2a: Talonflame|97\/297|[from] recoil|[of] p1a: Bro of slowness
|move|p1a: Bro of slowness|Thunder Wave|p2a: Talonflame
|-status|p2a: Talonflame|par
|
|-heal|p1a: Bro of slowness|243\/394|[from] item: Leftovers
|turn|36
|
|cant|p2a: Talonflame|par
|move|p1a: Bro of slowness|Slack Off|p1a: Bro of slowness
|-heal|p1a: Bro of slowness|394\/394
|
|turn|37
|
|cant|p2a: Talonflame|par
|move|p1a: Bro of slowness|Scald|p2a: Talonflame
|-supereffective|p2a: Talonflame
|-damage|p2a: Talonflame|0 fnt
|faint|p2a: Talonflame
|
|
|switch|p2a: Heracross|Heracross-Mega, F|61\/311
|turn|38
|
|move|p2a: Heracross|Pin Missile|p1a: Bro of slowness
|-supereffective|p1a: Bro of slowness
|-damage|p1a: Bro of slowness|302\/394
|-supereffective|p1a: Bro of slowness
|-damage|p1a: Bro of slowness|222\/394
|-supereffective|p1a: Bro of slowness
|-damage|p1a: Bro of slowness|138\/394
|-supereffective|p1a: Bro of slowness
|-damage|p1a: Bro of slowness|58\/394
|-supereffective|p1a: Bro of slowness
|-damage|p1a: Bro of slowness|0 fnt
|-hitcount|p1a: Bro of slowness|5
|faint|p1a: Bro of slowness
|
|win|qwazz
|raw|Ladder updating...
|raw|bforrester16's rating: 1460 &rarr; <strong>1440<\/strong><br \/>(-20 for losing)
|raw|qwazz's rating: 1459 &rarr; <strong>1479<\/strong><br \/>(+20 for winning)