|join|An IncognitoTuxedo
|join|Qwazz
|player|p1|An IncognitoTuxedo|76
|player|p2|Qwazz|102
|gametype|singles
|gen|6
|tier|OU (suspect test)
|clearpoke
|poke|p1|Hawlucha, M, shiny
|poke|p1|Metagross
|poke|p1|Ferrothorn, M
|poke|p1|Clefable, M
|poke|p1|Raikou
|poke|p1|Slowbro, F
|poke|p2|Durant, M
|poke|p2|Cresselia, F
|poke|p2|Dugtrio, M
|poke|p2|Blastoise, F
|poke|p2|Aerodactyl, F
|poke|p2|Cobalion
|rule|Swagger Clause: Swagger is banned
|rule|Baton Pass Clause: Limit one PokÃ©mon knowing Baton Pass
|rule|Sleep Clause Mod: Limit one foe put to sleep
|rule|Species Clause: Limit one of each PokÃ©mon
|rule|OHKO Clause: OHKO moves are banned
|rule|Moody Clause: Moody is banned
|rule|Evasion Moves Clause: Evasion moves are banned
|rule|Endless Battle Clause: Forcing endless battles is banned
|rule|HP Percentage Mod: HP is shown in percentages
|teampreview
|c|âAn IncognitoTuxedo|............
|
|start
|switch|p1a: Ferrothorn|Ferrothorn, M|352\/352
|switch|p2a: Durant|Durant, M|319\/319
|turn|1
|
|move|p2a: Durant|Substitute|p2a: Durant
|-start|p2a: Durant|Substitute
|-damage|p2a: Durant|240\/319
|move|p1a: Ferrothorn|Stealth Rock|p2a: Durant
|-sidestart|p2: Qwazz|move: Stealth Rock
|
|-heal|p2a: Durant|259\/319|[from] item: Leftovers
|turn|2
|join|Gawain Stark
|
|cant|p2a: Durant|ability: Truant|Toxic
|move|p1a: Ferrothorn|Gyro Ball|p2a: Durant
|-resisted|p2a: Durant
|-end|p2a: Durant|Substitute
|
|-heal|p2a: Durant|278\/319|[from] item: Leftovers
|turn|3
|
|move|p2a: Durant|Baton Pass|p2a: Durant
|
|switch|p2a: Cobalion|Cobalion|386\/386
|-damage|p2a: Cobalion|374\/386|[from] Stealth Rock
|move|p1a: Ferrothorn|Gyro Ball|p2a: Cobalion
|-resisted|p2a: Cobalion
|-damage|p2a: Cobalion|311\/386
|
|-heal|p2a: Cobalion|335\/386|[from] item: Leftovers
|turn|4
|
|switch|p1a: Slowbro|Slowbro, F|394\/394
|move|p2a: Cobalion|Substitute|p2a: Cobalion
|-start|p2a: Cobalion|Substitute
|-damage|p2a: Cobalion|239\/386
|
|-heal|p2a: Cobalion|263\/386|[from] item: Leftovers
|turn|5
|
|move|p2a: Cobalion|Calm Mind|p2a: Cobalion
|-boost|p2a: Cobalion|spa|1
|-boost|p2a: Cobalion|spd|1
|move|p1a: Slowbro|Scald|p2a: Cobalion
|-activate|p2a: Cobalion|Substitute|[damage]
|
|-heal|p2a: Cobalion|287\/386|[from] item: Leftovers
|turn|6
|
|move|p2a: Cobalion|Calm Mind|p2a: Cobalion
|-boost|p2a: Cobalion|spa|1
|-boost|p2a: Cobalion|spd|1
|move|p1a: Slowbro|Psyshock|p2a: Cobalion
|-end|p2a: Cobalion|Substitute
|
|-heal|p2a: Cobalion|311\/386|[from] item: Leftovers
|turn|7
|
|move|p2a: Cobalion|Substitute|p2a: Cobalion
|-start|p2a: Cobalion|Substitute
|-damage|p2a: Cobalion|215\/386
|move|p1a: Slowbro|Psyshock|p2a: Cobalion
|-activate|p2a: Cobalion|Substitute|[damage]
|
|-heal|p2a: Cobalion|239\/386|[from] item: Leftovers
|turn|8
|
|move|p2a: Cobalion|Calm Mind|p2a: Cobalion
|-boost|p2a: Cobalion|spa|1
|-boost|p2a: Cobalion|spd|1
|move|p1a: Slowbro|Psyshock|p2a: Cobalion
|-end|p2a: Cobalion|Substitute
|
|-heal|p2a: Cobalion|263\/386|[from] item: Leftovers
|turn|9
|
|switch|p1a: Soul Eater|Hawlucha, M, shiny|300\/300
|move|p2a: Cobalion|Substitute|p2a: Cobalion
|-start|p2a: Cobalion|Substitute
|-damage|p2a: Cobalion|167\/386
|
|-heal|p2a: Cobalion|191\/386|[from] item: Leftovers
|turn|10
|
|move|p1a: Soul Eater|Substitute|p1a: Soul Eater
|-start|p1a: Soul Eater|Substitute
|-damage|p1a: Soul Eater|225\/300
|move|p2a: Cobalion|Flash Cannon|p1a: Soul Eater
|-end|p1a: Soul Eater|Substitute
|
|-heal|p2a: Cobalion|215\/386|[from] item: Leftovers
|turn|11
|
|switch|p1a: Metagross|Metagross|301\/301
|move|p2a: Cobalion|Flash Cannon|p1a: Metagross
|-resisted|p1a: Metagross
|-damage|p1a: Metagross|132\/301
|
|-heal|p2a: Cobalion|239\/386|[from] item: Leftovers
|turn|12
|join|unity chuggarules
|-message|An IncognitoTuxedo forfeited.
|
|win|Qwazz