|join|dorkman75
|join|Qwazz
|player|p1|dorkman75|169
|player|p2|Qwazz|102
|gametype|singles
|gen|6
|tier|OU (suspect test)
|clearpoke
|poke|p1|Thundurus-Therian, M
|poke|p1|Volcarona, M
|poke|p1|Kyurem-Black
|poke|p1|Tyranitar, M
|poke|p1|Talonflame, F
|poke|p1|Klefki, M
|poke|p2|Celebi
|poke|p2|Camerupt, F
|poke|p2|Azumarill, M
|poke|p2|Tyranitar, M
|poke|p2|Skarmory, M
|poke|p2|Kyurem-Black
|rule|Swagger Clause: Swagger is banned
|rule|Baton Pass Clause: Limit one PokÃ©mon knowing Baton Pass
|rule|Sleep Clause Mod: Limit one foe put to sleep
|rule|Species Clause: Limit one of each PokÃ©mon
|rule|OHKO Clause: OHKO moves are banned
|rule|Moody Clause: Moody is banned
|rule|Evasion Moves Clause: Evasion moves are banned
|rule|Endless Battle Clause: Forcing endless battles is banned
|rule|HP Percentage Mod: HP is shown in percentages
|teampreview
|
|start
|switch|p1a: Classified's|Thundurus-Therian, M|300\/300
|switch|p2a: Camerupt|Camerupt, F|344\/344
|turn|1
|
|move|p1a: Classified's|Grass Knot|p2a: Camerupt
|-damage|p2a: Camerupt|100\/344
|-damage|p1a: Classified's|270\/300|[from] item: Life Orb
|move|p2a: Camerupt|Fire Blast|p1a: Classified's
|-damage|p1a: Classified's|39\/300
|
|turn|2
|
|switch|p2a: Kyurem-Black|Kyurem-Black|391\/391
|-ability|p2a: Kyurem-Black|Teravolt
|move|p1a: Classified's|Grass Knot|p2a: Kyurem-Black
|-resisted|p2a: Kyurem-Black
|-damage|p2a: Kyurem-Black|278\/391
|-damage|p1a: Classified's|9\/300|[from] item: Life Orb
|
|turn|3
|
|move|p2a: Kyurem-Black|Fusion Bolt|p1a: Classified's
|-damage|p1a: Classified's|0 fnt
|faint|p1a: Classified's
|
|
|switch|p1a: Anoint|Tyranitar, M|404\/404
|-weather|Sandstorm
|-item|p1a: Anoint|Air Balloon
|turn|4
|
|switch|p2a: Skarmory|Skarmory, M|334\/334
|move|p1a: Anoint|Stone Edge|p2a: Skarmory
|-crit|p2a: Skarmory
|-damage|p2a: Skarmory|174\/334
|
|-weather|Sandstorm|[upkeep]
|turn|5
|
|move|p2a: Skarmory|Roost|p2a: Skarmory
|-heal|p2a: Skarmory|334\/334
|move|p1a: Anoint|Ice Beam|p2a: Skarmory
|-resisted|p2a: Skarmory
|-damage|p2a: Skarmory|286\/334
|
|-weather|Sandstorm|[upkeep]
|turn|6
|
|move|p2a: Skarmory|Stealth Rock|p1a: Anoint
|-sidestart|p1: dorkman75|move: Stealth Rock
|move|p1a: Anoint|Stealth Rock|p2a: Skarmory
|-sidestart|p2: Qwazz|move: Stealth Rock
|
|-weather|Sandstorm|[upkeep]
|turn|7
|
|switch|p1a: Swammerdam|Volcarona, M|312\/312
|-damage|p1a: Swammerdam|156\/312|[from] Stealth Rock
|move|p2a: Skarmory|Counter|p1a: Swammerdam
|-fail|p1a: Swammerdam
|
|-weather|Sandstorm|[upkeep]
|-damage|p1a: Swammerdam|137\/312|[from] sandstorm
|turn|8
|
|switch|p2a: Azumarill|Azumarill, M|342\/342
|-damage|p2a: Azumarill|300\/342|[from] Stealth Rock
|move|p1a: Swammerdam|Roost|p1a: Swammerdam
|-heal|p1a: Swammerdam|293\/312
|
|-weather|none
|turn|9
|
|move|p1a: Swammerdam|Giga Drain|p2a: Azumarill
|-supereffective|p2a: Azumarill
|-damage|p2a: Azumarill|1\/342
|-heal|p1a: Swammerdam|312\/312|[from] drain|[of] p2a: Azumarill
|-damage|p1a: Swammerdam|281\/312|[from] item: Life Orb
|-enditem|p2a: Azumarill|Sitrus Berry|[eat]
|-heal|p2a: Azumarill|86\/342|[from] item: Sitrus Berry
|move|p2a: Azumarill|Play Rough|p1a: Swammerdam
|-resisted|p1a: Swammerdam
|-damage|p1a: Swammerdam|134\/312
|
|turn|10
|
|move|p2a: Azumarill|Aqua Jet|p1a: Swammerdam
|-supereffective|p1a: Swammerdam
|-damage|p1a: Swammerdam|0 fnt
|-status|p2a: Azumarill|brn
|faint|p1a: Swammerdam
|
|-damage|p2a: Azumarill|44\/342 brn|[from] brn
|
|switch|p1a: Napoleon|Talonflame, F|298\/298
|-damage|p1a: Napoleon|149\/298|[from] Stealth Rock
|turn|11
|join|AwesomeThunder
|c| AwesomeThunder|sdg
|c| AwesomeThunder|sfdg
|c| AwesomeThunder|fds
|c| AwesomeThunder|g
|c| AwesomeThunder|dfg
|c| AwesomeThunder|dfs
|c| AwesomeThunder|g
|
|move|p1a: Napoleon|Brave Bird|p2a: Azumarill
|-damage|p2a: Azumarill|0 fnt
|-damage|p1a: Napoleon|134\/298|[from] recoil|[of] p2a: Azumarill
|faint|p2a: Azumarill
|
|-heal|p1a: Napoleon|152\/298|[from] item: Leftovers
|c| AwesomeThunder|DORK!
|c| AwesomeThunder|DORK!
|
|switch|p2a: Tyranitar|Tyranitar, M|391\/391
|-damage|p2a: Tyranitar|343\/391|[from] Stealth Rock
|-weather|Sandstorm
|turn|12
|c|âdorkman75|HEY
|c| AwesomeThunder|U streaming?
|c|âdorkman75|yea
|c| AwesomeThunder|Can't go on ts
|c| AwesomeThunder|Sorry
|
|move|p1a: Napoleon|Tailwind|p1a: Napoleon
|-sidestart|p1: dorkman75|move: Tailwind
|move|p2a: Tyranitar|Pursuit|p1a: Napoleon
|-damage|p1a: Napoleon|0 fnt
|faint|p1a: Napoleon
|
|-weather|Sandstorm|[upkeep]
|
|switch|p1a: Gigantic|Kyurem-Black|454\/454
|-damage|p1a: Gigantic|341\/454|[from] Stealth Rock
|-ability|p1a: Gigantic|Teravolt
|turn|13
|join|aj112354
|
|move|p1a: Gigantic|Fusion Bolt|p2a: Tyranitar
|-damage|p2a: Tyranitar|220\/391
|move|p2a: Tyranitar|Pursuit|p1a: Gigantic
|-damage|p1a: Gigantic|223\/454
|
|-weather|Sandstorm|[upkeep]
|-damage|p1a: Gigantic|195\/454|[from] sandstorm
|-heal|p1a: Gigantic|223\/454|[from] item: Leftovers
|turn|14
|c| AwesomeThunder|Tell GDragon to tie his mom to a chair and kick her so far up her ass she can feel her anus
|c| AwesomeThunder|Tell GDragon to tie his mom to a chair and kick her so far up her ass she can feel her anus
|
|move|p1a: Gigantic|Fusion Bolt|p2a: Tyranitar
|-crit|p2a: Tyranitar
|-damage|p2a: Tyranitar|60\/391
|move|p2a: Tyranitar|Pursuit|p1a: Gigantic
|-damage|p1a: Gigantic|109\/454
|
|-weather|Sandstorm|[upkeep]
|-damage|p1a: Gigantic|81\/454|[from] sandstorm
|-heal|p1a: Gigantic|109\/454|[from] item: Leftovers
|turn|15
|
|move|p1a: Gigantic|Fusion Bolt|p2a: Tyranitar
|-damage|p2a: Tyranitar|0 fnt
|faint|p2a: Tyranitar
|
|-weather|Sandstorm|[upkeep]
|-damage|p1a: Gigantic|81\/454|[from] sandstorm
|-heal|p1a: Gigantic|109\/454|[from] item: Leftovers
|-sideend|p1: dorkman75|move: Tailwind
|
|switch|p2a: Kyurem-Black|Kyurem-Black|278\/391
|-damage|p2a: Kyurem-Black|181\/391|[from] Stealth Rock
|-ability|p2a: Kyurem-Black|Teravolt
|turn|16
|c|âdorkman75|thunder whats ur twitch name
|
|move|p2a: Kyurem-Black|Iron Head|p1a: Gigantic
|-supereffective|p1a: Gigantic
|-damage|p1a: Gigantic|0 fnt
|faint|p1a: Gigantic
|
|-weather|none
|
|switch|p1a: Anoint|Tyranitar, M|404\/404
|-damage|p1a: Anoint|354\/404|[from] Stealth Rock
|-weather|Sandstorm
|-item|p1a: Anoint|Air Balloon
|turn|17
|
|move|p2a: Kyurem-Black|Iron Head|p1a: Anoint
|-supereffective|p1a: Anoint
|-damage|p1a: Anoint|156\/404
|-enditem|p1a: Anoint|Air Balloon
|move|p1a: Anoint|Stone Edge|p2a: Kyurem-Black|[miss]
|-miss|p1a: Anoint|p2a: Kyurem-Black
|
|-weather|Sandstorm|[upkeep]
|-damage|p2a: Kyurem-Black|157\/391|[from] sandstorm
|turn|18
|
|move|p2a: Kyurem-Black|Iron Head|p1a: Anoint
|-supereffective|p1a: Anoint
|-damage|p1a: Anoint|0 fnt
|faint|p1a: Anoint
|
|-weather|Sandstorm|[upkeep]
|-damage|p2a: Kyurem-Black|133\/391|[from] sandstorm
|c|âdorkman75|gg
|
|switch|p1a: Cheviot|Klefki, M|318\/318
|-damage|p1a: Cheviot|299\/318|[from] Stealth Rock
|-item|p1a: Cheviot|Air Balloon
|turn|19
|
|move|p2a: Kyurem-Black|Iron Head|p1a: Cheviot
|-damage|p1a: Cheviot|212\/318
|-enditem|p1a: Cheviot|Air Balloon
|move|p1a: Cheviot|Flash Cannon|p2a: Kyurem-Black
|-supereffective|p2a: Kyurem-Black
|-damage|p2a: Kyurem-Black|0 fnt
|faint|p2a: Kyurem-Black
|
|-weather|Sandstorm|[upkeep]
|
|switch|p2a: Camerupt|Camerupt, F|100\/344
|-damage|p2a: Camerupt|57\/344|[from] Stealth Rock
|turn|20
|
|detailschange|p2a: Camerupt|Camerupt-Mega, F
|-mega|p2a: Camerupt|Camerupt|Cameruptite
|move|p1a: Cheviot|Flash Cannon|p2a: Camerupt
|-resisted|p2a: Camerupt
|-damage|p2a: Camerupt|18\/344
|move|p2a: Camerupt|Flamethrower|p1a: Cheviot
|-supereffective|p1a: Cheviot
|-damage|p1a: Cheviot|0 fnt
|faint|p1a: Cheviot
|
|win|Qwazz
|leave|dorkman75
|player|p1
|leave|AwesomeThunder
|leave|aj112354
|join|unity chuggarules