|join|qwazz
|join|Naniwa's Speed Man
|player|p1|qwazz|1
|player|p2|Naniwa's Speed Man|97
|gametype|singles
|gen|6
|tier|OU (suspect test)
|rated
|clearpoke
|poke|p1|Camerupt, M
|poke|p1|Staraptor, F
|poke|p1|Latias, F
|poke|p1|Rotom-Wash
|poke|p1|Terrakion
|poke|p1|Scizor, F
|poke|p2|Landorus-Therian, M
|poke|p2|Latios, M
|poke|p2|Slowbro, M
|poke|p2|Keldeo
|poke|p2|Heatran, M
|poke|p2|Skarmory, F
|rule|Swagger Clause: Swagger is banned
|rule|Baton Pass Clause: Limit one PokÃ©mon knowing Baton Pass
|rule|Sleep Clause Mod: Limit one foe put to sleep
|rule|Species Clause: Limit one of each PokÃ©mon
|rule|OHKO Clause: OHKO moves are banned
|rule|Moody Clause: Moody is banned
|rule|Evasion Moves Clause: Evasion moves are banned
|rule|Endless Battle Clause: Forcing endless battles is banned
|rule|HP Percentage Mod: HP is shown in percentages
|teampreview
|join|hiye
|
|start
|switch|p1a: Rotom-Wash|Rotom-Wash|304\/304
|switch|p2a: Skarmory|Skarmory, F|334\/334
|turn|1
|join|Hiye (
|
|switch|p2a: Latios|Latios, M|301\/301
|move|p1a: Rotom-Wash|Volt Switch|p2a: Latios
|-resisted|p2a: Latios
|-damage|p2a: Latios|262\/301
|
|switch|p1a: Scizor|Scizor, F|341\/341
|
|turn|2
|join|hiye )
|
|switch|p2a: Skarmory|Skarmory, F|334\/334
|move|p1a: Scizor|U-turn|p2a: Skarmory
|-resisted|p2a: Skarmory
|-damage|p2a: Skarmory|315\/334
|
|switch|p1a: Rotom-Wash|Rotom-Wash|304\/304
|
|turn|3
|
|switch|p2a: Landorus-Therian|Landorus-Therian, M|319\/319
|-ability|p2a: Landorus-Therian|Intimidate|[of] p1a: Rotom-Wash
|-unboost|p1a: Rotom-Wash|atk|1
|move|p1a: Rotom-Wash|Volt Switch|p2a: Landorus-Therian
|-immune|p2a: Landorus-Therian|[msg]
|
|turn|4
|
|move|p2a: Landorus-Therian|U-turn|p1a: Rotom-Wash
|-damage|p1a: Rotom-Wash|236\/304
|
|switch|p2a: Latios|Latios, M|262\/301
|move|p1a: Rotom-Wash|Will-O-Wisp|p2a: Latios|[miss]
|-miss|p1a: Rotom-Wash|p2a: Latios
|
|-heal|p1a: Rotom-Wash|255\/304|[from] item: Leftovers
|turn|5
|leave|hiye )
|
|switch|p1a: Scizor|Scizor, F|341\/341
|move|p2a: Latios|Draco Meteor|p1a: Scizor|[miss]
|-miss|p2a: Latios|p1a: Scizor
|
|turn|6
|
|move|p1a: Scizor|Pursuit|p2a: Latios|[from]Pursuit
|-supereffective|p2a: Latios
|-damage|p2a: Latios|32\/301
|switch|p2a: Landorus-Therian|Landorus-Therian, M|319\/319
|-ability|p2a: Landorus-Therian|Intimidate|[of] p1a: Scizor
|-unboost|p1a: Scizor|atk|1
|
|turn|7
|
|move|p2a: Landorus-Therian|U-turn|p1a: Scizor
|-crit|p1a: Scizor
|-resisted|p1a: Scizor
|-damage|p1a: Scizor|275\/341
|
|switch|p2a: Skarmory|Skarmory, F|315\/334
|move|p1a: Scizor|U-turn|p2a: Skarmory
|-resisted|p2a: Skarmory
|-damage|p2a: Skarmory|303\/334
|
|switch|p1a: Rotom-Wash|Rotom-Wash|255\/304
|
|-heal|p1a: Rotom-Wash|274\/304|[from] item: Leftovers
|turn|8
|
|switch|p2a: Landorus-Therian|Landorus-Therian, M|319\/319
|-ability|p2a: Landorus-Therian|Intimidate|[of] p1a: Rotom-Wash
|-unboost|p1a: Rotom-Wash|atk|1
|move|p1a: Rotom-Wash|Volt Switch|p2a: Landorus-Therian
|-immune|p2a: Landorus-Therian|[msg]
|
|-heal|p1a: Rotom-Wash|293\/304|[from] item: Leftovers
|turn|9
|
|move|p2a: Landorus-Therian|Knock Off|p1a: Rotom-Wash
|-crit|p1a: Rotom-Wash
|-damage|p1a: Rotom-Wash|159\/304
|-enditem|p1a: Rotom-Wash|Leftovers|[from] move: Knock Off|[of] p2a: Landorus-Therian
|move|p1a: Rotom-Wash|Volt Switch|p2a: Landorus-Therian
|-immune|p2a: Landorus-Therian|[msg]
|
|turn|10
|
|move|p2a: Landorus-Therian|Knock Off|p1a: Rotom-Wash
|-damage|p1a: Rotom-Wash|100\/304
|move|p1a: Rotom-Wash|Volt Switch|p2a: Landorus-Therian
|-immune|p2a: Landorus-Therian|[msg]
|
|turn|11
|
|move|p2a: Landorus-Therian|Knock Off|p1a: Rotom-Wash
|-damage|p1a: Rotom-Wash|39\/304
|move|p1a: Rotom-Wash|Hydro Pump|p2a: Landorus-Therian
|-supereffective|p2a: Landorus-Therian
|-damage|p2a: Landorus-Therian|1\/319
|
|turn|12
|
|switch|p1a: Camerupt|Camerupt, M|343\/343
|move|p2a: Landorus-Therian|Knock Off|p1a: Camerupt
|-damage|p1a: Camerupt|221\/343
|
|turn|13
|
|detailschange|p1a: Camerupt|Camerupt-Mega, M
|-mega|p1a: Camerupt|Camerupt|Cameruptite
|move|p2a: Landorus-Therian|Knock Off|p1a: Camerupt
|-damage|p1a: Camerupt|132\/343
|move|p1a: Camerupt|Stealth Rock|p2a: Landorus-Therian
|-sidestart|p2: Naniwa's Speed Man|move: Stealth Rock
|
|turn|14
|
|move|p2a: Landorus-Therian|Knock Off|p1a: Camerupt
|-damage|p1a: Camerupt|49\/343
|move|p1a: Camerupt|Ancient Power|p2a: Landorus-Therian
|-damage|p2a: Landorus-Therian|0 fnt
|faint|p2a: Landorus-Therian
|
|
|switch|p2a: Keldeo|Keldeo|323\/323
|-damage|p2a: Keldeo|303\/323|[from] Stealth Rock
|turn|15
|
|switch|p1a: Latias|Latias, F|333\/333
|move|p2a: Keldeo|Secret Sword|p1a: Latias
|-resisted|p1a: Latias
|-damage|p1a: Latias|210\/333
|
|turn|16
|
|switch|p1a: Staraptor|Staraptor, F|311\/311
|switch|p2a: Heatran|Heatran, M|386\/386
|-damage|p2a: Heatran|338\/386|[from] Stealth Rock
|
|-heal|p2a: Heatran|362\/386|[from] item: Leftovers
|turn|17
|
|move|p2a: Heatran|Protect|p2a: Heatran
|-singleturn|p2a: Heatran|Protect
|move|p1a: Staraptor|Close Combat|p2a: Heatran
|-activate|p2a: Heatran|Protect
|
|-heal|p2a: Heatran|386\/386|[from] item: Leftovers
|turn|18
|
|switch|p1a: Rotom-Wash|Rotom-Wash|39\/304
|switch|p2a: Skarmory|Skarmory, F|303\/334
|-damage|p2a: Skarmory|262\/334|[from] Stealth Rock
|
|turn|19
|
|switch|p2a: Latios|Latios, M|32\/301
|-damage|p2a: Latios|0 fnt|[from] Stealth Rock
|faint|p2a: Latios
|move|p1a: Rotom-Wash|Pain Split|p2: Latios|[notarget]
|-notarget
|
|
|switch|p2a: Keldeo|Keldeo|303\/323
|-damage|p2a: Keldeo|283\/323|[from] Stealth Rock
|turn|20
|
|switch|p1a: Scizor|Scizor, F|275\/341
|move|p2a: Keldeo|Secret Sword|p1a: Scizor
|-damage|p1a: Scizor|65\/341
|
|turn|21
|
|move|p2a: Keldeo|Secret Sword|p1a: Scizor
|-damage|p1a: Scizor|0 fnt
|faint|p1a: Scizor
|
|
|switch|p1a: Staraptor|Staraptor, F|311\/311
|turn|22
|
|switch|p2a: Skarmory|Skarmory, F|262\/334
|-damage|p2a: Skarmory|221\/334|[from] Stealth Rock
|move|p1a: Staraptor|U-turn|p2a: Skarmory
|-resisted|p2a: Skarmory
|-damage|p2a: Skarmory|203\/334
|
|switch|p1a: Rotom-Wash|Rotom-Wash|39\/304
|
|turn|23
|
|switch|p2a: Keldeo|Keldeo|283\/323
|-damage|p2a: Keldeo|263\/323|[from] Stealth Rock
|move|p1a: Rotom-Wash|Volt Switch|p2a: Keldeo
|-supereffective|p2a: Keldeo
|-damage|p2a: Keldeo|87\/323
|
|switch|p1a: Terrakion|Terrakion|323\/323
|
|turn|24
|
|move|p1a: Terrakion|Close Combat|p2a: Keldeo
|-damage|p2a: Keldeo|0 fnt
|-unboost|p1a: Terrakion|def|1
|-unboost|p1a: Terrakion|spd|1
|faint|p2a: Keldeo
|
|
|switch|p2a: Slowbro|Slowbro, M|394\/394
|-damage|p2a: Slowbro|345\/394|[from] Stealth Rock
|turn|25
|
|switch|p1a: Latias|Latias, F|210\/333
|switch|p2a: Heatran|Heatran, M|386\/386
|-damage|p2a: Heatran|338\/386|[from] Stealth Rock
|
|-heal|p2a: Heatran|362\/386|[from] item: Leftovers
|turn|26
|
|move|p1a: Latias|Healing Wish|p1a: Latias
|faint|p1a: Latias
|move|p2a: Heatran|Toxic|p1: Latias|[notarget]
|-notarget
|
|-heal|p2a: Heatran|386\/386|[from] item: Leftovers
|
|switch|p1a: Camerupt|Camerupt-Mega, M|49\/343
|-heal|p1a: Camerupt|343\/343|[from] move: Healing Wish
|turn|27
|
|move|p2a: Heatran|Stealth Rock|p1a: Camerupt
|-sidestart|p1: qwazz|move: Stealth Rock
|move|p1a: Camerupt|Earth Power|p2a: Heatran
|-supereffective|p2a: Heatran
|-damage|p2a: Heatran|0 fnt
|faint|p2a: Heatran
|
|
|switch|p2a: Slowbro|Slowbro, M|394\/394
|-damage|p2a: Slowbro|345\/394|[from] Stealth Rock
|turn|28
|
|detailschange|p2a: Slowbro|Slowbro-Mega, M
|-mega|p2a: Slowbro|Slowbro|Slowbronite
|move|p2a: Slowbro|Calm Mind|p2a: Slowbro
|-boost|p2a: Slowbro|spa|1
|-boost|p2a: Slowbro|spd|1
|move|p1a: Camerupt|Earth Power|p2a: Slowbro
|-damage|p2a: Slowbro|158\/394
|
|turn|29
|
|switch|p1a: Rotom-Wash|Rotom-Wash|39\/304
|-damage|p1a: Rotom-Wash|1\/304|[from] Stealth Rock
|move|p2a: Slowbro|Rest|p2a: Slowbro
|-status|p2a: Slowbro|slp
|-heal|p2a: Slowbro|394\/394 slp|[silent]
|-status|p2a: Slowbro|slp|[from] move: Rest
|
|turn|30
|
|move|p1a: Rotom-Wash|Pain Split|p2a: Slowbro
|-sethp|p2a: Slowbro|197\/394 slp|p1a: Rotom-Wash|197\/304|[from] move: Pain Split
|cant|p2a: Slowbro|slp
|move|p2a: Slowbro|Sleep Talk|p2a: Slowbro
|move|p2a: Slowbro|Calm Mind|p2a: Slowbro|[from]Sleep Talk
|-boost|p2a: Slowbro|spa|1
|-boost|p2a: Slowbro|spd|1
|
|turn|31
|
|move|p1a: Rotom-Wash|Volt Switch|p2a: Slowbro
|-supereffective|p2a: Slowbro
|-damage|p2a: Slowbro|107\/394 slp
|
|switch|p1a: Camerupt|Camerupt-Mega, M|343\/343
|-damage|p1a: Camerupt|301\/343|[from] Stealth Rock
|cant|p2a: Slowbro|slp
|move|p2a: Slowbro|Sleep Talk|p2a: Slowbro
|move|p2a: Slowbro|Calm Mind|p2a: Slowbro|[from]Sleep Talk
|-boost|p2a: Slowbro|spa|1
|-boost|p2a: Slowbro|spd|1
|
|turn|32
|
|switch|p1a: Rotom-Wash|Rotom-Wash|197\/304
|-damage|p1a: Rotom-Wash|159\/304|[from] Stealth Rock
|-curestatus|p2a: Slowbro|slp
|move|p2a: Slowbro|Rest|p2a: Slowbro
|-status|p2a: Slowbro|slp
|-heal|p2a: Slowbro|394\/394 slp|[silent]
|-status|p2a: Slowbro|slp|[from] move: Rest
|
|turn|33
|
|move|p1a: Rotom-Wash|Pain Split|p2a: Slowbro
|-sethp|p2a: Slowbro|276\/394 slp|p1a: Rotom-Wash|276\/304|[from] move: Pain Split
|cant|p2a: Slowbro|slp
|move|p2a: Slowbro|Sleep Talk|p2a: Slowbro
|move|p2a: Slowbro|Scald|p1a: Rotom-Wash|[from]Sleep Talk
|-resisted|p1a: Rotom-Wash
|-damage|p1a: Rotom-Wash|126\/304
|
|turn|34
|
|move|p1a: Rotom-Wash|Pain Split|p2a: Slowbro
|-sethp|p2a: Slowbro|201\/394 slp|p1a: Rotom-Wash|201\/304|[from] move: Pain Split
|cant|p2a: Slowbro|slp
|move|p2a: Slowbro|Sleep Talk|p2a: Slowbro
|move|p2a: Slowbro|Scald|p1a: Rotom-Wash|[from]Sleep Talk
|-resisted|p1a: Rotom-Wash
|-damage|p1a: Rotom-Wash|59\/304
|-status|p1a: Rotom-Wash|brn
|
|-damage|p1a: Rotom-Wash|21\/304 brn|[from] brn
|turn|35
|
|move|p1a: Rotom-Wash|Pain Split|p2a: Slowbro
|-sethp|p2a: Slowbro|111\/394 slp|p1a: Rotom-Wash|111\/304 brn|[from] move: Pain Split
|-curestatus|p2a: Slowbro|slp
|move|p2a: Slowbro|Rest|p2a: Slowbro
|-status|p2a: Slowbro|slp
|-heal|p2a: Slowbro|394\/394 slp|[silent]
|-status|p2a: Slowbro|slp|[from] move: Rest
|
|-damage|p1a: Rotom-Wash|73\/304 brn|[from] brn
|turn|36
|
|move|p1a: Rotom-Wash|Pain Split|p2a: Slowbro
|-sethp|p2a: Slowbro|233\/394 slp|p1a: Rotom-Wash|233\/304 brn|[from] move: Pain Split
|cant|p2a: Slowbro|slp
|move|p2a: Slowbro|Sleep Talk|p2a: Slowbro
|move|p2a: Slowbro|Calm Mind|p2a: Slowbro|[from]Sleep Talk
|-boost|p2a: Slowbro|spa|1
|-boost|p2a: Slowbro|spd|1
|
|-damage|p1a: Rotom-Wash|195\/304 brn|[from] brn
|turn|37
|
|move|p1a: Rotom-Wash|Volt Switch|p2a: Slowbro
|-supereffective|p2a: Slowbro
|-damage|p2a: Slowbro|171\/394 slp
|
|switch|p1a: Camerupt|Camerupt-Mega, M|301\/343
|-damage|p1a: Camerupt|259\/343|[from] Stealth Rock
|cant|p2a: Slowbro|slp
|move|p2a: Slowbro|Sleep Talk|p2a: Slowbro
|move|p2a: Slowbro|Calm Mind|p2a: Slowbro|[from]Sleep Talk
|-boost|p2a: Slowbro|spa|1
|-boost|p2a: Slowbro|spd|1
|
|turn|38
|
|switch|p1a: Rotom-Wash|Rotom-Wash|195\/304 brn
|-damage|p1a: Rotom-Wash|157\/304 brn|[from] Stealth Rock
|-curestatus|p2a: Slowbro|slp
|move|p2a: Slowbro|Rest|p2a: Slowbro
|-status|p2a: Slowbro|slp
|-heal|p2a: Slowbro|394\/394 slp|[silent]
|-status|p2a: Slowbro|slp|[from] move: Rest
|
|-damage|p1a: Rotom-Wash|119\/304 brn|[from] brn
|turn|39
|
|move|p1a: Rotom-Wash|Pain Split|p2a: Slowbro
|-sethp|p2a: Slowbro|256\/394 slp|p1a: Rotom-Wash|256\/304 brn|[from] move: Pain Split
|cant|p2a: Slowbro|slp
|move|p2a: Slowbro|Sleep Talk|p2a: Slowbro
|move|p2a: Slowbro|Calm Mind|p2a: Slowbro|[from]Sleep Talk
|-boost|p2a: Slowbro|spa|1
|-boost|p2a: Slowbro|spd|1
|
|-damage|p1a: Rotom-Wash|218\/304 brn|[from] brn
|turn|40
|
|move|p1a: Rotom-Wash|Pain Split|p2a: Slowbro
|-sethp|p2a: Slowbro|237\/394 slp|p1a: Rotom-Wash|237\/304 brn|[from] move: Pain Split
|cant|p2a: Slowbro|slp
|move|p2a: Slowbro|Sleep Talk|p2a: Slowbro
|move|p2a: Slowbro|Scald|p1a: Rotom-Wash|[from]Sleep Talk
|-resisted|p1a: Rotom-Wash
|-damage|p1a: Rotom-Wash|33\/304 brn
|
|-damage|p1a: Rotom-Wash|0 fnt|[from] brn
|faint|p1a: Rotom-Wash
|
|switch|p1a: Staraptor|Staraptor, F|311\/311
|-damage|p1a: Staraptor|234\/311|[from] Stealth Rock
|turn|41
|
|move|p1a: Staraptor|Brave Bird|p2a: Slowbro
|-damage|p2a: Slowbro|57\/394 slp
|-damage|p1a: Staraptor|175\/311|[from] recoil|[of] p2a: Slowbro
|-curestatus|p2a: Slowbro|slp
|move|p2a: Slowbro|Rest|p2a: Slowbro
|-status|p2a: Slowbro|slp
|-heal|p2a: Slowbro|394\/394 slp|[silent]
|-status|p2a: Slowbro|slp|[from] move: Rest
|
|turn|42
|
|move|p1a: Staraptor|Brave Bird|p2a: Slowbro
|-damage|p2a: Slowbro|211\/394 slp
|-damage|p1a: Staraptor|115\/311|[from] recoil|[of] p2a: Slowbro
|cant|p2a: Slowbro|slp
|move|p2a: Slowbro|Sleep Talk|p2a: Slowbro
|move|p2a: Slowbro|Calm Mind|p2a: Slowbro|[from]Sleep Talk
|-fail|p2a: Slowbro
|
|turn|43
|
|switch|p2a: Skarmory|Skarmory, F|203\/334
|-damage|p2a: Skarmory|162\/334|[from] Stealth Rock
|move|p1a: Staraptor|Brave Bird|p2a: Skarmory
|-crit|p2a: Skarmory
|-resisted|p2a: Skarmory
|-damage|p2a: Skarmory|0 fnt
|-damage|p1a: Staraptor|62\/311|[from] recoil|[of] p2a: Skarmory
|faint|p2a: Skarmory
|
|
|switch|p2a: Slowbro|Slowbro-Mega, M|211\/394 slp
|-damage|p2a: Slowbro|162\/394 slp|[from] Stealth Rock
|turn|44
|c|âNaniwa's Speed Man|yeah im the lucky one lmao
|
|move|p1a: Staraptor|Brave Bird|p2a: Slowbro
|-damage|p2a: Slowbro|0 fnt
|-damage|p1a: Staraptor|9\/311|[from] recoil|[of] p2a: Slowbro
|faint|p2a: Slowbro
|
|win|qwazz
|raw|Ladder updating...
|raw|qwazz's rating: 1238 &rarr; <strong>1269<\/strong><br \/>(+31 for winning)
|raw|Naniwa&apos;s Speed Man's rating: 1318 &rarr; <strong>1294<\/strong><br \/>(-24 for losing)
|leave|Naniwa's Speed Man
|player|p2