|join|qwazz
|join|LordRay
|player|p1|qwazz|169
|player|p2|LordRay|288
|gametype|singles
|gen|6
|tier|OU (suspect test)
|clearpoke
|poke|p1|Celebi
|poke|p1|Camerupt, F
|poke|p1|Azumarill, F
|poke|p1|Tyranitar, M
|poke|p1|Skarmory, M
|poke|p1|Kyurem-Black
|poke|p2|Altaria, F
|poke|p2|Magnezone
|poke|p2|Bisharp, M
|poke|p2|Gothitelle, M
|poke|p2|Jirachi
|poke|p2|Rotom-Wash
|rule|Swagger Clause: Swagger is banned
|rule|Baton Pass Clause: Limit one PokÃ©mon knowing Baton Pass
|rule|Sleep Clause Mod: Limit one foe put to sleep
|rule|Species Clause: Limit one of each PokÃ©mon
|rule|OHKO Clause: OHKO moves are banned
|rule|Moody Clause: Moody is banned
|rule|Evasion Moves Clause: Evasion moves are banned
|rule|Endless Battle Clause: Forcing endless battles is banned
|rule|HP Percentage Mod: HP is shown in percentages
|teampreview
|
|start
|switch|p1a: Celebi|Celebi|404\/404
|switch|p2a: Jirachi|Jirachi|404\/404
|turn|1
|
|switch|p1a: Camerupt|Camerupt, F|344\/344
|move|p2a: Jirachi|Stealth Rock|p1a: Camerupt
|-sidestart|p1: qwazz|move: Stealth Rock
|
|turn|2
|
|switch|p2a: Gothitelle|Gothitelle, M|344\/344
|detailschange|p1a: Camerupt|Camerupt-Mega, F
|-mega|p1a: Camerupt|Camerupt|Cameruptite
|move|p1a: Camerupt|Fire Blast|p2a: Gothitelle
|-damage|p2a: Gothitelle|145\/344
|
|-heal|p2a: Gothitelle|166\/344|[from] item: Leftovers
|turn|3
|
|switch|p2a: Rotom-Wash|Rotom-Wash|304\/304
|move|p1a: Camerupt|Fire Blast|p2a: Rotom-Wash
|-resisted|p2a: Rotom-Wash
|-damage|p2a: Rotom-Wash|154\/304
|
|-heal|p2a: Rotom-Wash|173\/304|[from] item: Leftovers
|turn|4
|c|âLordRay|what in the world
|c|âLordRay|someone stop this thing
|
|switch|p1a: Celebi|Celebi|404\/404
|-damage|p1a: Celebi|354\/404|[from] Stealth Rock
|move|p2a: Rotom-Wash|Pain Split|p1a: Celebi
|-sethp|p1a: Celebi|263\/404|p2a: Rotom-Wash|263\/304|[from] move: Pain Split
|
|-heal|p1a: Celebi|288\/404|[from] item: Leftovers
|-heal|p2a: Rotom-Wash|282\/304|[from] item: Leftovers
|turn|5
|
|switch|p2a: Bisharp|Bisharp, M|271\/271
|move|p1a: Celebi|Substitute|p1a: Celebi
|-start|p1a: Celebi|Substitute
|-damage|p1a: Celebi|187\/404
|
|-heal|p1a: Celebi|212\/404|[from] item: Leftovers
|turn|6
|
|move|p1a: Celebi|Baton Pass|p1a: Celebi
|
|switch|p1a: Tyranitar|Tyranitar, M|391\/391
|-damage|p1a: Tyranitar|343\/391|[from] Stealth Rock
|-weather|Sandstorm
|move|p2a: Bisharp|Knock Off|p1a: Tyranitar
|-resisted|p1a: Tyranitar
|-end|p1a: Tyranitar|Substitute
|-damage|p2a: Bisharp|244\/271|[from] item: Life Orb
|
|-weather|Sandstorm|[upkeep]
|turn|7
|
|move|p2a: Bisharp|Iron Head|p1a: Tyranitar
|-supereffective|p1a: Tyranitar
|-damage|p1a: Tyranitar|0 fnt
|-damage|p2a: Bisharp|217\/271|[from] item: Life Orb
|faint|p1a: Tyranitar
|
|-weather|Sandstorm|[upkeep]
|
|switch|p1a: Camerupt|Camerupt-Mega, F|344\/344
|-damage|p1a: Camerupt|301\/344|[from] Stealth Rock
|turn|8
|
|switch|p2a: Gothitelle|Gothitelle, M|166\/344
|move|p1a: Camerupt|Fire Blast|p2a: Gothitelle
|-damage|p2a: Gothitelle|0 fnt
|faint|p2a: Gothitelle
|
|-weather|Sandstorm|[upkeep]
|
|switch|p2a: Rotom-Wash|Rotom-Wash|282\/304
|turn|9
|
|switch|p1a: Kyurem-Black|Kyurem-Black|391\/391
|-damage|p1a: Kyurem-Black|294\/391|[from] Stealth Rock
|-ability|p1a: Kyurem-Black|Teravolt
|move|p2a: Rotom-Wash|Hydro Pump|p1a: Kyurem-Black|[miss]
|-miss|p2a: Rotom-Wash|p1a: Kyurem-Black
|
|-weather|Sandstorm|[upkeep]
|-damage|p1a: Kyurem-Black|270\/391|[from] sandstorm
|-damage|p2a: Rotom-Wash|263\/304|[from] sandstorm
|-heal|p2a: Rotom-Wash|282\/304|[from] item: Leftovers
|turn|10
|
|switch|p2a: Jirachi|Jirachi|404\/404
|move|p1a: Kyurem-Black|Outrage|p2a: Jirachi
|-resisted|p2a: Jirachi
|-damage|p2a: Jirachi|280\/404
|
|-weather|none
|-heal|p2a: Jirachi|305\/404|[from] item: Leftovers
|turn|11
|
|move|p1a: Kyurem-Black|Outrage|p2a: Jirachi
|-crit|p2a: Jirachi
|-resisted|p2a: Jirachi
|-damage|p2a: Jirachi|100\/404
|move|p2a: Jirachi|Iron Head|p1a: Kyurem-Black
|-supereffective|p1a: Kyurem-Black
|-damage|p1a: Kyurem-Black|76\/391
|
|-heal|p2a: Jirachi|125\/404|[from] item: Leftovers
|turn|12
|
|move|p1a: Kyurem-Black|Outrage|p2a: Jirachi
|-resisted|p2a: Jirachi
|-damage|p2a: Jirachi|5\/404
|move|p2a: Jirachi|Iron Head|p1a: Kyurem-Black
|-supereffective|p1a: Kyurem-Black
|-damage|p1a: Kyurem-Black|0 fnt
|faint|p1a: Kyurem-Black
|
|-heal|p2a: Jirachi|30\/404|[from] item: Leftovers
|
|switch|p1a: Skarmory|Skarmory, M|334\/334
|-damage|p1a: Skarmory|293\/334|[from] Stealth Rock
|turn|13
|
|move|p2a: Jirachi|Fire Punch|p1a: Skarmory
|-supereffective|p1a: Skarmory
|-damage|p1a: Skarmory|219\/334
|-status|p1a: Skarmory|brn
|move|p1a: Skarmory|Defog|p2a: Jirachi
|-unboost|p2a: Jirachi|evasion|1
|-sideend|p1: qwazz|Stealth Rock|[from] move: Defog|[of] p1a: Skarmory
|
|-heal|p2a: Jirachi|55\/404|[from] item: Leftovers
|-damage|p1a: Skarmory|178\/334 brn|[from] brn
|turn|14
|
|switch|p1a: Camerupt|Camerupt-Mega, F|301\/344
|move|p2a: Jirachi|Stealth Rock|p1a: Camerupt
|-sidestart|p1: qwazz|move: Stealth Rock
|
|-heal|p2a: Jirachi|80\/404|[from] item: Leftovers
|turn|15
|
|move|p2a: Jirachi|Iron Head|p1a: Camerupt
|-resisted|p1a: Camerupt
|-damage|p1a: Camerupt|255\/344
|cant|p1a: Camerupt|flinch
|
|-heal|p2a: Jirachi|105\/404|[from] item: Leftovers
|turn|16
|join|Pwocy
|
|move|p2a: Jirachi|Iron Head|p1a: Camerupt
|-resisted|p1a: Camerupt
|-damage|p1a: Camerupt|206\/344
|move|p1a: Camerupt|Flamethrower|p2a: Jirachi
|-supereffective|p2a: Jirachi
|-damage|p2a: Jirachi|0 fnt
|faint|p2a: Jirachi
|
|
|switch|p2a: Rotom-Wash|Rotom-Wash|282\/304
|turn|17
|
|move|p2a: Rotom-Wash|Hydro Pump|p1a: Camerupt
|-supereffective|p1a: Camerupt
|-damage|p1a: Camerupt|0 fnt
|faint|p1a: Camerupt
|
|-heal|p2a: Rotom-Wash|301\/304|[from] item: Leftovers
|
|switch|p1a: Celebi|Celebi|212\/404
|-damage|p1a: Celebi|162\/404|[from] Stealth Rock
|turn|18
|leave|Pwocy
|
|switch|p2a: Magnezone|Magnezone|282\/282
|move|p1a: Celebi|Substitute|p1a: Celebi
|-start|p1a: Celebi|Substitute
|-damage|p1a: Celebi|61\/404
|
|-heal|p1a: Celebi|86\/404|[from] item: Leftovers
|turn|19
|
|move|p2a: Magnezone|Volt Switch|p1a: Celebi
|-resisted|p1a: Celebi
|-activate|p1a: Celebi|Substitute|[damage]
|
|switch|p2a: Bisharp|Bisharp, M|217\/271
|move|p1a: Celebi|Recover|p1a: Celebi
|-heal|p1a: Celebi|288\/404
|
|-heal|p1a: Celebi|313\/404|[from] item: Leftovers
|turn|20
|
|move|p1a: Celebi|Giga Drain|p2a: Bisharp
|-resisted|p2a: Bisharp
|-damage|p2a: Bisharp|163\/271
|-heal|p1a: Celebi|340\/404|[from] drain|[of] p2a: Bisharp
|move|p2a: Bisharp|Knock Off|p1a: Celebi
|-supereffective|p1a: Celebi
|-end|p1a: Celebi|Substitute
|-damage|p2a: Bisharp|136\/271|[from] item: Life Orb
|
|-heal|p1a: Celebi|365\/404|[from] item: Leftovers
|turn|21
|
|move|p1a: Celebi|Substitute|p1a: Celebi
|-start|p1a: Celebi|Substitute
|-damage|p1a: Celebi|264\/404
|move|p2a: Bisharp|Swords Dance|p2a: Bisharp
|-boost|p2a: Bisharp|atk|2
|
|-heal|p1a: Celebi|289\/404|[from] item: Leftovers
|turn|22
|
|move|p1a: Celebi|Giga Drain|p2a: Bisharp
|-resisted|p2a: Bisharp
|-damage|p2a: Bisharp|73\/271
|-heal|p1a: Celebi|321\/404|[from] drain|[of] p2a: Bisharp
|move|p2a: Bisharp|Knock Off|p1a: Celebi
|-supereffective|p1a: Celebi
|-end|p1a: Celebi|Substitute
|-damage|p2a: Bisharp|46\/271|[from] item: Life Orb
|
|-heal|p1a: Celebi|346\/404|[from] item: Leftovers
|turn|23
|
|move|p1a: Celebi|Substitute|p1a: Celebi
|-start|p1a: Celebi|Substitute
|-damage|p1a: Celebi|245\/404
|move|p2a: Bisharp|Knock Off|p1a: Celebi
|-supereffective|p1a: Celebi
|-end|p1a: Celebi|Substitute
|-damage|p2a: Bisharp|19\/271|[from] item: Life Orb
|
|-heal|p1a: Celebi|270\/404|[from] item: Leftovers
|turn|24
|
|move|p1a: Celebi|Substitute|p1a: Celebi
|-start|p1a: Celebi|Substitute
|-damage|p1a: Celebi|169\/404
|move|p2a: Bisharp|Knock Off|p1a: Celebi
|-supereffective|p1a: Celebi
|-end|p1a: Celebi|Substitute
|-damage|p2a: Bisharp|0 fnt|[from] item: Life Orb
|faint|p2a: Bisharp
|
|-heal|p1a: Celebi|194\/404|[from] item: Leftovers
|
|switch|p2a: Altaria|Altaria, F|352\/352
|turn|25
|
|detailschange|p2a: Altaria|Altaria-Mega, F
|-mega|p2a: Altaria|Altaria|Altarianite
|move|p1a: Celebi|Baton Pass|p1a: Celebi
|
|switch|p1a: Azumarill|Azumarill, F|342\/342
|-damage|p1a: Azumarill|300\/342|[from] Stealth Rock
|move|p2a: Altaria|Frustration|p1a: Azumarill
|-damage|p1a: Azumarill|131\/342
|-enditem|p1a: Azumarill|Sitrus Berry|[eat]
|-heal|p1a: Azumarill|216\/342|[from] item: Sitrus Berry
|
|turn|26
|c|âLordRay|hmm
|
|switch|p2a: Magnezone|Magnezone|282\/282
|move|p1a: Azumarill|Superpower|p2a: Magnezone
|-supereffective|p2a: Magnezone
|-damage|p2a: Magnezone|0 fnt
|-unboost|p1a: Azumarill|atk|1
|-unboost|p1a: Azumarill|def|1
|faint|p2a: Magnezone
|
|
|switch|p2a: Rotom-Wash|Rotom-Wash|301\/304
|turn|27
|
|switch|p1a: Celebi|Celebi|194\/404
|-damage|p1a: Celebi|144\/404|[from] Stealth Rock
|move|p2a: Rotom-Wash|Volt Switch|p1a: Celebi
|-resisted|p1a: Celebi
|-damage|p1a: Celebi|105\/404
|
|switch|p2a: Altaria|Altaria-Mega, F|352\/352
|
|-heal|p1a: Celebi|130\/404|[from] item: Leftovers
|turn|28
|
|switch|p2a: Rotom-Wash|Rotom-Wash|301\/304
|move|p1a: Celebi|Baton Pass|p1a: Celebi
|
|switch|p1a: Skarmory|Skarmory, M|178\/334 brn
|-damage|p1a: Skarmory|137\/334 brn|[from] Stealth Rock
|
|-heal|p2a: Rotom-Wash|304\/304|[from] item: Leftovers
|-damage|p1a: Skarmory|96\/334 brn|[from] brn
|turn|29
|
|switch|p1a: Celebi|Celebi|130\/404
|-damage|p1a: Celebi|80\/404|[from] Stealth Rock
|move|p2a: Rotom-Wash|Volt Switch|p1a: Celebi
|-resisted|p1a: Celebi
|-damage|p1a: Celebi|44\/404
|
|switch|p2a: Altaria|Altaria-Mega, F|352\/352
|
|-heal|p1a: Celebi|69\/404|[from] item: Leftovers
|turn|30
|
|move|p1a: Celebi|Recover|p1a: Celebi
|-heal|p1a: Celebi|271\/404
|move|p2a: Altaria|Dragon Dance|p2a: Altaria
|-boost|p2a: Altaria|atk|1
|-boost|p2a: Altaria|spe|1
|
|-heal|p1a: Celebi|296\/404|[from] item: Leftovers
|turn|31
|
|move|p2a: Altaria|Substitute|p2a: Altaria
|-start|p2a: Altaria|Substitute
|-damage|p2a: Altaria|264\/352
|move|p1a: Celebi|Substitute|p1a: Celebi
|-start|p1a: Celebi|Substitute
|-damage|p1a: Celebi|195\/404
|
|-heal|p1a: Celebi|220\/404|[from] item: Leftovers
|turn|32
|
|move|p2a: Altaria|Frustration|p1a: Celebi
|-end|p1a: Celebi|Substitute
|move|p1a: Celebi|Giga Drain|p2a: Altaria
|-resisted|p2a: Altaria
|-activate|p2a: Altaria|Substitute|[damage]
|-heal|p1a: Celebi|241\/404|[from] drain|[of] p2a: Altaria
|
|-heal|p1a: Celebi|266\/404|[from] item: Leftovers
|turn|33
|
|move|p2a: Altaria|Frustration|p1a: Celebi
|-damage|p1a: Celebi|1\/404
|move|p1a: Celebi|Giga Drain|p2a: Altaria
|-resisted|p2a: Altaria
|-activate|p2a: Altaria|Substitute|[damage]
|-heal|p1a: Celebi|21\/404|[from] drain|[of] p2a: Altaria
|
|-heal|p1a: Celebi|46\/404|[from] item: Leftovers
|turn|34
|
|switch|p1a: Skarmory|Skarmory, M|96\/334 brn
|-damage|p1a: Skarmory|55\/334 brn|[from] Stealth Rock
|move|p2a: Altaria|Frustration|p1a: Skarmory
|-resisted|p1a: Skarmory
|-damage|p1a: Skarmory|0 fnt
|faint|p1a: Skarmory
|
|
|switch|p1a: Celebi|Celebi|46\/404
|-damage|p1a: Celebi|0 fnt|[from] Stealth Rock
|faint|p1a: Celebi
|
|switch|p1a: Azumarill|Azumarill, F|216\/342
|-damage|p1a: Azumarill|174\/342|[from] Stealth Rock
|turn|35
|
|move|p1a: Azumarill|Aqua Jet|p2a: Altaria
|-resisted|p2a: Altaria
|-end|p2a: Altaria|Substitute
|move|p2a: Altaria|Frustration|p1a: Azumarill
|-damage|p1a: Azumarill|0 fnt
|faint|p1a: Azumarill
|
|win|LordRay
|join|unity chuggarules