|join|MaybeI'mMamoswine
|join|qwazz
|player|p1|MaybeI'mMamoswine|288
|player|p2|qwazz|170
|gametype|singles
|gen|6
|tier|OU (suspect test)
|clearpoke
|poke|p1|Heatran, F
|poke|p1|Altaria, M
|poke|p1|Conkeldurr, M
|poke|p1|Gourgeist-*, F
|poke|p1|Gastrodon, F
|poke|p1|Excadrill, M
|poke|p2|Heracross, F
|poke|p2|Talonflame, M
|poke|p2|Gengar, F
|poke|p2|Tyranitar, M
|poke|p2|Ferrothorn, F
|poke|p2|Latias, F
|rule|Swagger Clause: Swagger is banned
|rule|Baton Pass Clause: Limit one PokÃ©mon knowing Baton Pass
|rule|Sleep Clause Mod: Limit one foe put to sleep
|rule|Species Clause: Limit one of each PokÃ©mon
|rule|OHKO Clause: OHKO moves are banned
|rule|Moody Clause: Moody is banned
|rule|Evasion Moves Clause: Evasion moves are banned
|rule|Endless Battle Clause: Forcing endless battles is banned
|rule|HP Percentage Mod: HP is shown in percentages
|teampreview
|join|beppityboopbop
|join|Chivalrous Testin'
|join|Reverend
|join|Pickalink
|join|JackYack
|leave|Chivalrous Testin'
|c| beppityboopbop|i see a pumpkin and a snail
|c| beppityboopbop|is this french thanksgiving?
|
|start
|switch|p1a: Heatran|Heatran, F|386\/386
|switch|p2a: Heracross|Heracross, F|311\/311
|-item|p1a: Heatran|Air Balloon
|turn|1
|
|switch|p1a: Gourgeist-Large|Gourgeist-Large, F|353\/353
|-item|p2a: Heracross|Heracronite|[from] ability: Frisk|[of] p1a: Gourgeist-Large|[identify]
|detailschange|p2a: Heracross|Heracross-Mega, F
|-mega|p2a: Heracross|Heracross|Heracronite
|move|p2a: Heracross|Close Combat|p1a: Gourgeist-Large
|-immune|p1a: Gourgeist-Large|[msg]
|
|turn|2
|join|beancount
|
|move|p2a: Heracross|Substitute|p2a: Heracross
|-start|p2a: Heracross|Substitute
|-damage|p2a: Heracross|234\/311
|move|p1a: Gourgeist-Large|Will-O-Wisp|p2a: Heracross
|
|turn|3
|c| Reverend|gg
|join|Frickett
|
|switch|p1a: Altaria|Altaria, M|353\/353
|-ability|p1a: Altaria|Cloud Nine
|move|p2a: Heracross|Rock Blast|p1a: Altaria
|-supereffective|p1a: Altaria
|-damage|p1a: Altaria|283\/353
|-supereffective|p1a: Altaria
|-damage|p1a: Altaria|207\/353
|-supereffective|p1a: Altaria
|-damage|p1a: Altaria|133\/353
|-supereffective|p1a: Altaria
|-damage|p1a: Altaria|53\/353
|-supereffective|p1a: Altaria
|-damage|p1a: Altaria|0 fnt
|-hitcount|p1a: Altaria|5
|faint|p1a: Altaria
|
|leave|Frickett
|c| JackYack|that's sad
|
|switch|p1a: Conkeldurr|Conkeldurr, M|351\/351
|turn|4
|
|move|p2a: Heracross|Pin Missile|p1a: Conkeldurr
|-resisted|p1a: Conkeldurr
|-damage|p1a: Conkeldurr|319\/351
|-resisted|p1a: Conkeldurr
|-damage|p1a: Conkeldurr|285\/351
|-resisted|p1a: Conkeldurr
|-damage|p1a: Conkeldurr|253\/351
|-resisted|p1a: Conkeldurr
|-damage|p1a: Conkeldurr|220\/351
|-resisted|p1a: Conkeldurr
|-damage|p1a: Conkeldurr|189\/351
|-hitcount|p1a: Conkeldurr|5
|move|p1a: Conkeldurr|Poison Jab|p2a: Heracross
|-end|p2a: Heracross|Substitute
|
|turn|5
|c| Reverend|jesus, that bulk
|c| beppityboopbop|conk is fat
|c| Reverend|nah the altaria
|
|move|p2a: Heracross|Close Combat|p1a: Conkeldurr
|-damage|p1a: Conkeldurr|0 fnt
|-unboost|p2a: Heracross|def|1
|-unboost|p2a: Heracross|spd|1
|faint|p1a: Conkeldurr
|
|c| Reverend|it took all five rock blasts lmao
|c| Reverend|regular altaria for A rank imo
|c| JackYack|died like a man
|
|switch|p1a: Excadrill|Excadrill, M|375\/375
|-ability|p1a: Excadrill|Mold Breaker
|turn|6
|
|switch|p2a: Ferrothorn|Ferrothorn, F|352\/352
|move|p1a: Excadrill|Iron Head|p2a: Ferrothorn
|-resisted|p2a: Ferrothorn
|-damage|p2a: Ferrothorn|309\/352
|-damage|p1a: Excadrill|329\/375|[from] ability: Iron Barbs|[of] p2a: Ferrothorn
|
|-heal|p2a: Ferrothorn|331\/352|[from] item: Leftovers
|turn|7
|leave|beppityboopbop
|
|switch|p1a: Heatran|Heatran, F|386\/386
|-item|p1a: Heatran|Air Balloon
|switch|p2a: Heracross|Heracross-Mega, F|234\/311
|
|turn|8
|
|move|p2a: Heracross|Close Combat|p1a: Heatran
|-supereffective|p1a: Heatran
|-damage|p1a: Heatran|0 fnt
|-enditem|p1a: Heatran|Air Balloon
|-unboost|p2a: Heracross|def|1
|-unboost|p2a: Heracross|spd|1
|faint|p1a: Heatran
|
|
|switch|p1a: Excadrill|Excadrill, M|329\/375
|-ability|p1a: Excadrill|Mold Breaker
|turn|9
|
|switch|p1a: Gourgeist-Large|Gourgeist-Large, F|353\/353
|-item|p2a: Heracross|Heracronite|[from] ability: Frisk|[of] p1a: Gourgeist-Large|[identify]
|switch|p2a: Talonflame|Talonflame, M|297\/297
|
|turn|10
|
|move|p2a: Talonflame|Brave Bird|p1a: Gourgeist-Large
|-supereffective|p1a: Gourgeist-Large
|-damage|p1a: Gourgeist-Large|63\/353
|-damage|p2a: Talonflame|201\/297|[from] recoil|[of] p1a: Gourgeist-Large
|move|p1a: Gourgeist-Large|Leech Seed|p2a: Talonflame
|-start|p2a: Talonflame|move: Leech Seed
|
|-heal|p1a: Gourgeist-Large|85\/353|[from] item: Leftovers
|-damage|p2a: Talonflame|164\/297|[from] Leech Seed|[of] p1a: Gourgeist-Large
|-heal|p1a: Gourgeist-Large|122\/353|[silent]
|turn|11
|
|switch|p2a: Latias|Latias, F|319\/319
|switch|p1a: Gastrodon|Gastrodon, F|417\/417
|
|turn|12
|
|switch|p2a: Gengar|Gengar, F|261\/261
|move|p1a: Gastrodon|Toxic|p2a: Gengar
|-fail|p2a: Gengar
|
|turn|13
|
|move|p2a: Gengar|Will-O-Wisp|p1a: Gastrodon
|-status|p1a: Gastrodon|brn
|move|p1a: Gastrodon|Scald|p2a: Gengar
|-damage|p2a: Gengar|143\/261
|
|-damage|p1a: Gastrodon|365\/417 brn|[from] brn
|turn|14
|
|switch|p2a: Ferrothorn|Ferrothorn, F|331\/352
|move|p1a: Gastrodon|Scald|p2a: Ferrothorn
|-resisted|p2a: Ferrothorn
|-damage|p2a: Ferrothorn|294\/352
|
|-heal|p1a: Gastrodon|391\/417 brn|[from] item: Leftovers
|-heal|p2a: Ferrothorn|316\/352|[from] item: Leftovers
|-damage|p1a: Gastrodon|339\/417 brn|[from] brn
|turn|15
|
|switch|p2a: Heracross|Heracross-Mega, F|234\/311
|move|p1a: Gastrodon|Scald|p2a: Heracross
|-damage|p2a: Heracross|144\/311
|
|-heal|p1a: Gastrodon|365\/417 brn|[from] item: Leftovers
|-damage|p1a: Gastrodon|313\/417 brn|[from] brn
|turn|16
|
|move|p2a: Heracross|Pin Missile|p1a: Gastrodon|[miss]
|-miss|p2a: Heracross|p1a: Gastrodon
|move|p1a: Gastrodon|Scald|p2a: Heracross
|-damage|p2a: Heracross|54\/311
|-status|p2a: Heracross|brn
|
|-heal|p1a: Gastrodon|339\/417 brn|[from] item: Leftovers
|-damage|p2a: Heracross|16\/311 brn|[from] brn
|-damage|p1a: Gastrodon|287\/417 brn|[from] brn
|turn|17
|
|switch|p2a: Ferrothorn|Ferrothorn, F|316\/352
|switch|p1a: Gourgeist-Large|Gourgeist-Large, F|122\/353
|-item|p2a: Ferrothorn|Leftovers|[from] ability: Frisk|[of] p1a: Gourgeist-Large|[identify]
|
|-heal|p1a: Gourgeist-Large|144\/353|[from] item: Leftovers
|-heal|p2a: Ferrothorn|338\/352|[from] item: Leftovers
|turn|18
|
|switch|p2a: Talonflame|Talonflame, M|164\/297
|move|p1a: Gourgeist-Large|Will-O-Wisp|p2a: Talonflame
|-fail|p2a: Talonflame
|
|-heal|p1a: Gourgeist-Large|166\/353|[from] item: Leftovers
|turn|19
|c| JackYack|gastrodon is the best
|
|switch|p1a: Excadrill|Excadrill, M|329\/375
|-ability|p1a: Excadrill|Mold Breaker
|move|p2a: Talonflame|Flare Blitz|p1a: Excadrill
|-supereffective|p1a: Excadrill
|-damage|p1a: Excadrill|0 fnt
|-damage|p2a: Talonflame|55\/297|[from] recoil|[of] p1a: Excadrill
|faint|p1a: Excadrill
|
|
|switch|p1a: Gourgeist-Large|Gourgeist-Large, F|166\/353
|-item|p2a: Talonflame|Choice Band|[from] ability: Frisk|[of] p1a: Gourgeist-Large|[identify]
|turn|20
|
|switch|p2a: Gengar|Gengar, F|143\/261
|move|p1a: Gourgeist-Large|Shadow Sneak|p2a: Gengar
|-supereffective|p2a: Gengar
|-damage|p2a: Gengar|15\/261
|
|-heal|p1a: Gourgeist-Large|188\/353|[from] item: Leftovers
|turn|21
|
|switch|p2a: Tyranitar|Tyranitar, M|341\/341
|-weather|Sandstorm
|move|p1a: Gourgeist-Large|Will-O-Wisp|p2a: Tyranitar
|-status|p2a: Tyranitar|brn
|
|-weather|Sandstorm|[upkeep]
|-damage|p1a: Gourgeist-Large|166\/353|[from] sandstorm
|-heal|p1a: Gourgeist-Large|188\/353|[from] item: Leftovers
|-damage|p2a: Tyranitar|299\/341 brn|[from] brn
|turn|22
|c|âMaybeI'mMamoswine|you really want that 6-0
|
|move|p2a: Tyranitar|Crunch|p1a: Gourgeist-Large
|-supereffective|p1a: Gourgeist-Large
|-damage|p1a: Gourgeist-Large|90\/353
|move|p1a: Gourgeist-Large|Leech Seed|p2a: Tyranitar
|-start|p2a: Tyranitar|move: Leech Seed
|
|-weather|Sandstorm|[upkeep]
|-damage|p1a: Gourgeist-Large|68\/353|[from] sandstorm
|-heal|p1a: Gourgeist-Large|90\/353|[from] item: Leftovers
|-damage|p2a: Tyranitar|257\/341 brn|[from] Leech Seed|[of] p1a: Gourgeist-Large
|-heal|p1a: Gourgeist-Large|132\/353|[silent]
|-damage|p2a: Tyranitar|215\/341 brn|[from] brn
|turn|23
|
|switch|p1a: Gastrodon|Gastrodon, F|287\/417 brn
|move|p2a: Tyranitar|Crunch|p1a: Gastrodon
|-damage|p1a: Gastrodon|190\/417 brn
|
|-weather|Sandstorm|[upkeep]
|-heal|p1a: Gastrodon|216\/417 brn|[from] item: Leftovers
|-damage|p2a: Tyranitar|173\/341 brn|[from] Leech Seed|[of] p1a: Gastrodon
|-heal|p1a: Gastrodon|258\/417 brn|[silent]
|-damage|p2a: Tyranitar|131\/341 brn|[from] brn
|-damage|p1a: Gastrodon|206\/417 brn|[from] brn
|turn|24
|
|switch|p2a: Latias|Latias, F|319\/319
|move|p1a: Gastrodon|Recover|p1a: Gastrodon
|-heal|p1a: Gastrodon|415\/417 brn
|
|-weather|Sandstorm|[upkeep]
|-damage|p2a: Latias|300\/319|[from] sandstorm
|-heal|p1a: Gastrodon|417\/417 brn|[from] item: Leftovers
|-damage|p1a: Gastrodon|365\/417 brn|[from] brn
|turn|25
|
|move|p2a: Latias|Psychic|p1a: Gastrodon
|-damage|p1a: Gastrodon|216\/417 brn
|-damage|p2a: Latias|269\/319|[from] item: Life Orb
|move|p1a: Gastrodon|Toxic|p2a: Latias
|-status|p2a: Latias|tox
|
|-weather|none
|-heal|p1a: Gastrodon|242\/417 brn|[from] item: Leftovers
|-damage|p2a: Latias|250\/319 tox|[from] psn
|-damage|p1a: Gastrodon|190\/417 brn|[from] brn
|turn|26
|
|move|p2a: Latias|Draco Meteor|p1a: Gastrodon
|-damage|p1a: Gastrodon|0 fnt
|-unboost|p2a: Latias|spa|2
|-damage|p2a: Latias|219\/319 tox|[from] item: Life Orb
|faint|p1a: Gastrodon
|
|-damage|p2a: Latias|181\/319 tox|[from] psn
|
|switch|p1a: Gourgeist-Large|Gourgeist-Large, F|132\/353
|-item|p2a: Latias|Life Orb|[from] ability: Frisk|[of] p1a: Gourgeist-Large|[identify]
|turn|27
|
|switch|p2a: Ferrothorn|Ferrothorn, F|338\/352
|move|p1a: Gourgeist-Large|Shadow Sneak|p2a: Ferrothorn
|-crit|p2a: Ferrothorn
|-damage|p2a: Ferrothorn|293\/352
|-damage|p1a: Gourgeist-Large|88\/353|[from] ability: Iron Barbs|[of] p2a: Ferrothorn
|
|-heal|p1a: Gourgeist-Large|110\/353|[from] item: Leftovers
|-heal|p2a: Ferrothorn|315\/352|[from] item: Leftovers
|turn|28
|
|switch|p2a: Talonflame|Talonflame, M|55\/297
|move|p1a: Gourgeist-Large|Leech Seed|p2a: Talonflame
|-start|p2a: Talonflame|move: Leech Seed
|
|-heal|p1a: Gourgeist-Large|132\/353|[from] item: Leftovers
|-damage|p2a: Talonflame|18\/297|[from] Leech Seed|[of] p1a: Gourgeist-Large
|-heal|p1a: Gourgeist-Large|169\/353|[silent]
|turn|29
|leave|JackYack
|
|move|p2a: Talonflame|Roost|p2a: Talonflame
|-heal|p2a: Talonflame|167\/297
|move|p1a: Gourgeist-Large|Shadow Sneak|p2a: Talonflame
|-damage|p2a: Talonflame|101\/297
|
|-heal|p1a: Gourgeist-Large|191\/353|[from] item: Leftovers
|-damage|p2a: Talonflame|64\/297|[from] Leech Seed|[of] p1a: Gourgeist-Large
|-heal|p1a: Gourgeist-Large|228\/353|[silent]
|turn|30
|
|move|p2a: Talonflame|Roost|p2a: Talonflame
|-heal|p2a: Talonflame|213\/297
|move|p1a: Gourgeist-Large|Leech Seed|p2a: Talonflame
|-fail|p2a: Talonflame
|
|-heal|p1a: Gourgeist-Large|250\/353|[from] item: Leftovers
|-damage|p2a: Talonflame|176\/297|[from] Leech Seed|[of] p1a: Gourgeist-Large
|-heal|p1a: Gourgeist-Large|287\/353|[silent]
|turn|31
|
|switch|p2a: Ferrothorn|Ferrothorn, F|315\/352
|move|p1a: Gourgeist-Large|Will-O-Wisp|p2a: Ferrothorn
|-status|p2a: Ferrothorn|brn
|
|-heal|p1a: Gourgeist-Large|309\/353|[from] item: Leftovers
|-heal|p2a: Ferrothorn|337\/352 brn|[from] item: Leftovers
|-damage|p2a: Ferrothorn|293\/352 brn|[from] brn
|turn|32
|
|move|p1a: Gourgeist-Large|Leech Seed|p2a: Ferrothorn
|-immune|p2a: Ferrothorn|[msg]
|move|p2a: Ferrothorn|Gyro Ball|p1a: Gourgeist-Large
|-damage|p1a: Gourgeist-Large|266\/353
|
|-heal|p1a: Gourgeist-Large|288\/353|[from] item: Leftovers
|-heal|p2a: Ferrothorn|315\/352 brn|[from] item: Leftovers
|-damage|p2a: Ferrothorn|271\/352 brn|[from] brn
|turn|33
|
|move|p1a: Gourgeist-Large|Leech Seed|p2a: Ferrothorn
|-immune|p2a: Ferrothorn|[msg]
|move|p2a: Ferrothorn|Gyro Ball|p1a: Gourgeist-Large
|-damage|p1a: Gourgeist-Large|251\/353
|
|-heal|p1a: Gourgeist-Large|273\/353|[from] item: Leftovers
|-heal|p2a: Ferrothorn|293\/352 brn|[from] item: Leftovers
|-damage|p2a: Ferrothorn|249\/352 brn|[from] brn
|turn|34
|
|move|p1a: Gourgeist-Large|Leech Seed|p2a: Ferrothorn
|-immune|p2a: Ferrothorn|[msg]
|move|p2a: Ferrothorn|Gyro Ball|p1a: Gourgeist-Large
|-damage|p1a: Gourgeist-Large|231\/353
|
|-heal|p1a: Gourgeist-Large|253\/353|[from] item: Leftovers
|-heal|p2a: Ferrothorn|271\/352 brn|[from] item: Leftovers
|-damage|p2a: Ferrothorn|227\/352 brn|[from] brn
|turn|35
|
|move|p1a: Gourgeist-Large|Seed Bomb|p2a: Ferrothorn
|-resisted|p2a: Ferrothorn
|-damage|p2a: Ferrothorn|213\/352 brn
|move|p2a: Ferrothorn|Gyro Ball|p1a: Gourgeist-Large
|-damage|p1a: Gourgeist-Large|214\/353
|
|-heal|p1a: Gourgeist-Large|236\/353|[from] item: Leftovers
|-heal|p2a: Ferrothorn|235\/352 brn|[from] item: Leftovers
|-damage|p2a: Ferrothorn|191\/352 brn|[from] brn
|turn|36
|
|move|p1a: Gourgeist-Large|Leech Seed|p2a: Ferrothorn
|-immune|p2a: Ferrothorn|[msg]
|move|p2a: Ferrothorn|Gyro Ball|p1a: Gourgeist-Large
|-damage|p1a: Gourgeist-Large|194\/353
|
|-heal|p1a: Gourgeist-Large|216\/353|[from] item: Leftovers
|-heal|p2a: Ferrothorn|213\/352 brn|[from] item: Leftovers
|-damage|p2a: Ferrothorn|169\/352 brn|[from] brn
|turn|37
|leave|MaybeI'mMamoswine
|player|p1
|join|RiCH HOMiE CHRiS
|join|le epic kek
|join|beppityboopbop
|join|amg
|join|Sharpteeth
|c| amg|?
|leave|le epic kek
|leave|beppityboopbop
|c| amg|hi sharpteeth
|c| amg|just 4 more minutes
|leave|Sharpteeth
|leave|qwazz
|leave|RiCH HOMiE CHRiS
|player|p2
|c| Pickalink|u won gg
|leave|beancount
|-message|Player 1 lost due to inactivity.
|
|win|qwazz