|join|CCVMurcia
|join|BellyDrumZohan
|player|p1|CCVMurcia|220
|player|p2|BellyDrumZohan|76
|gametype|singles
|gen|6
|tier|UU
|rated
|rule|Sleep Clause Mod: Limit one foe put to sleep
|rule|Species Clause: Limit one of each PokÃ©mon
|rule|OHKO Clause: OHKO moves are banned
|rule|Moody Clause: Moody is banned
|rule|Evasion Moves Clause: Evasion moves are banned
|rule|Endless Battle Clause: Forcing endless battles is banned
|rule|HP Percentage Mod: HP is reported as percentages
|clearpoke
|poke|p1|Absol, F
|poke|p1|Crobat, F
|poke|p1|Alakazam, M
|poke|p1|Cobalion
|poke|p1|Swampert, M
|poke|p1|Rotom-Mow
|poke|p2|Celebi
|poke|p2|Infernape, F
|poke|p2|Empoleon, M
|poke|p2|Kabutops, M
|poke|p2|Tornadus, M
|poke|p2|Chandelure, M
|rule|Swagger Clause: Swagger is banned
|rule|Baton Pass Clause: Limit one PokÃ©mon knowing Baton Pass
|teampreview
|
|start
|switch|p1a: Rotom-Mow|Rotom-Mow|241\/241
|switch|p2a: Tornadus|Tornadus, M|299\/299
|turn|1
|
|move|p2a: Tornadus|Substitute|p2a: Tornadus
|-start|p2a: Tornadus|Substitute
|-damage|p2a: Tornadus|225\/299
|move|p1a: Rotom-Mow|Volt Switch|p2a: Tornadus
|-supereffective|p2a: Tornadus
|-end|p2a: Tornadus|Substitute
|
|switch|p1a: Crobat|Crobat, F|365\/365
|
|turn|2
|
|switch|p2a: Empoleon|Empoleon, M|372\/372
|move|p1a: Crobat|Brave Bird|p2a: Empoleon
|-resisted|p2a: Empoleon
|-damage|p2a: Empoleon|314\/372
|-damage|p1a: Crobat|346\/365|[from] recoil|[of] p2a: Empoleon
|
|-heal|p1a: Crobat|365\/365|[from] item: Black Sludge
|-heal|p2a: Empoleon|337\/372|[from] item: Leftovers
|turn|3
|
|move|p1a: Crobat|U-turn|p2a: Empoleon
|-resisted|p2a: Empoleon
|-damage|p2a: Empoleon|316\/372
|
|switch|p1a: Cobalion|Cobalion|323\/323
|move|p2a: Empoleon|Stealth Rock|p1a: Cobalion
|-sidestart|p1: CCVMurcia|move: Stealth Rock
|
|-heal|p2a: Empoleon|339\/372|[from] item: Leftovers
|turn|4
|
|move|p1a: Cobalion|Volt Switch|p2a: Empoleon
|-supereffective|p2a: Empoleon
|-damage|p2a: Empoleon|249\/372
|
|switch|p1a: Rotom-Mow|Rotom-Mow|241\/241
|-damage|p1a: Rotom-Mow|211\/241|[from] Stealth Rock
|move|p2a: Empoleon|Scald|p1a: Rotom-Mow
|-resisted|p1a: Rotom-Mow
|-damage|p1a: Rotom-Mow|163\/241
|-status|p1a: Rotom-Mow|brn
|
|-heal|p2a: Empoleon|272\/372|[from] item: Leftovers
|-damage|p1a: Rotom-Mow|133\/241 brn|[from] brn
|turn|5
|
|move|p1a: Rotom-Mow|Volt Switch|p2a: Empoleon
|-supereffective|p2a: Empoleon
|-damage|p2a: Empoleon|42\/372
|join|fev'
|
|switch|p1a: Crobat|Crobat, F|365\/365
|-damage|p1a: Crobat|274\/365|[from] Stealth Rock
|move|p2a: Empoleon|Scald|p1a: Crobat
|-damage|p1a: Crobat|81\/365
|-status|p1a: Crobat|brn
|
|-heal|p1a: Crobat|103\/365 brn|[from] item: Black Sludge
|-heal|p2a: Empoleon|65\/372|[from] item: Leftovers
|-damage|p1a: Crobat|58\/365 brn|[from] brn
|turn|6
|chat|CCVMurcia|burns burns pff
|
|move|p1a: Crobat|Defog|p2a: Empoleon
|-unboost|p2a: Empoleon|evasion|1
|-sideend|p1: CCVMurcia|Stealth Rock|[from] move: Defog|[of] p1a: Crobat
|move|p2a: Empoleon|Stealth Rock|p1a: Crobat
|-sidestart|p1: CCVMurcia|move: Stealth Rock
|
|-heal|p1a: Crobat|80\/365 brn|[from] item: Black Sludge
|-heal|p2a: Empoleon|88\/372|[from] item: Leftovers
|-damage|p1a: Crobat|35\/365 brn|[from] brn
|turn|7
|
|move|p1a: Crobat|U-turn|p2a: Empoleon
|-resisted|p2a: Empoleon
|-damage|p2a: Empoleon|78\/372
|
|switch|p1a: Cobalion|Cobalion|323\/323
|-damage|p1a: Cobalion|313\/323|[from] Stealth Rock
|move|p2a: Empoleon|Scald|p1a: Cobalion
|-damage|p1a: Cobalion|184\/323
|
|-heal|p2a: Empoleon|101\/372|[from] item: Leftovers
|turn|8
|
|switch|p2a: Celebi|Celebi|404\/404
|move|p1a: Cobalion|Close Combat|p2a: Celebi
|-resisted|p2a: Celebi
|-damage|p2a: Celebi|323\/404
|-unboost|p1a: Cobalion|def|1
|-unboost|p1a: Cobalion|spd|1
|
|-heal|p2a: Celebi|348\/404|[from] item: Leftovers
|turn|9
|
|move|p1a: Cobalion|Volt Switch|p2a: Celebi
|-resisted|p2a: Celebi
|-damage|p2a: Celebi|332\/404
|
|switch|p1a: Crobat|Crobat, F|35\/365 brn
|-damage|p1a: Crobat|0 fnt|[from] Stealth Rock
|faint|p1a: Crobat
|move|p2a: Celebi|Giga Drain|p1: Crobat|[notarget]
|-notarget
|
|-heal|p2a: Celebi|357\/404|[from] item: Leftovers
|
|switch|p1a: Absol|Absol, F|271\/271
|-damage|p1a: Absol|238\/271|[from] Stealth Rock
|turn|10
|
|switch|p2a: Infernape|Infernape, F|293\/293
|detailschange|p1a: Absol|Absol-Mega, F
|message|Absol has Mega Evolved into Mega Absol!
|move|p1a: Absol|Knock Off|p2a: Infernape
|-resisted|p2a: Infernape
|-damage|p2a: Infernape|146\/293
|-enditem|p2a: Infernape|Life Orb|[from] move: Knock Off|[of] p1a: Absol
|
|turn|11
|
|switch|p1a: Swampert|Swampert, M|401\/401
|-damage|p1a: Swampert|376\/401|[from] Stealth Rock
|move|p2a: Infernape|Close Combat|p1a: Swampert
|-damage|p1a: Swampert|235\/401
|-unboost|p2a: Infernape|def|1
|-unboost|p2a: Infernape|spd|1
|
|-heal|p1a: Swampert|260\/401|[from] item: Leftovers
|turn|12
|
|switch|p2a: Tornadus|Tornadus, M|225\/299
|switch|p1a: Cobalion|Cobalion|184\/323
|-damage|p1a: Cobalion|174\/323|[from] Stealth Rock
|
|turn|13
|
|move|p2a: Tornadus|Superpower|p1a: Cobalion
|-supereffective|p1a: Cobalion
|-damage|p1a: Cobalion|0 fnt
|-unboost|p2a: Tornadus|atk|1
|-unboost|p2a: Tornadus|def|1
|faint|p1a: Cobalion
|
|
|switch|p1a: Alakazam|Alakazam, M|252\/252
|turn|14
|
|move|p2a: Tornadus|Substitute|p2a: Tornadus
|-start|p2a: Tornadus|Substitute
|-damage|p2a: Tornadus|151\/299
|move|p1a: Alakazam|Psyshock|p2a: Tornadus
|-end|p2a: Tornadus|Substitute
|
|turn|15
|
|switch|p2a: Celebi|Celebi|357\/404
|move|p1a: Alakazam|Shadow Ball|p2a: Celebi
|-supereffective|p2a: Celebi
|-damage|p2a: Celebi|217\/404
|
|-heal|p2a: Celebi|242\/404|[from] item: Leftovers
|turn|16
|
|switch|p1a: Absol|Absol-Mega, F|238\/271
|-damage|p1a: Absol|205\/271|[from] Stealth Rock
|move|p2a: Celebi|Giga Drain|p1a: Absol
|-damage|p1a: Absol|72\/271
|-heal|p2a: Celebi|309\/404|[from] drain|[of] p1a: Absol
|
|-heal|p2a: Celebi|334\/404|[from] item: Leftovers
|turn|17
|
|move|p1a: Absol|Swords Dance|p1a: Absol
|-boost|p1a: Absol|atk|2
|move|p2a: Celebi|Giga Drain|p1a: Absol
|-damage|p1a: Absol|0 fnt
|-heal|p2a: Celebi|370\/404|[from] drain|[of] p1a: Absol
|faint|p1a: Absol
|
|-heal|p2a: Celebi|395\/404|[from] item: Leftovers
|
|switch|p1a: Alakazam|Alakazam, M|252\/252
|turn|18
|
|move|p1a: Alakazam|Shadow Ball|p2a: Celebi
|-supereffective|p2a: Celebi
|-damage|p2a: Celebi|249\/404
|move|p2a: Celebi|Leech Seed|p1a: Alakazam
|-start|p1a: Alakazam|move: Leech Seed
|
|-heal|p2a: Celebi|274\/404|[from] item: Leftovers
|turn|19
|
|move|p1a: Alakazam|Shadow Ball|p2a: Celebi
|-supereffective|p2a: Celebi
|-damage|p2a: Celebi|136\/404
|-unboost|p2a: Celebi|spd|1
|move|p2a: Celebi|Thunder Wave|p1a: Alakazam
|-status|p1a: Alakazam|par
|
|-heal|p2a: Celebi|161\/404|[from] item: Leftovers
|turn|20
|
|switch|p2a: Empoleon|Empoleon, M|101\/372
|move|p1a: Alakazam|Shadow Ball|p2a: Empoleon
|-damage|p2a: Empoleon|6\/372
|
|-heal|p2a: Empoleon|29\/372|[from] item: Leftovers
|turn|21
|
|move|p2a: Empoleon|Scald|p1a: Alakazam
|-damage|p1a: Alakazam|101\/252 par
|move|p1a: Alakazam|Shadow Ball|p2a: Empoleon
|-damage|p2a: Empoleon|0 fnt
|faint|p2a: Empoleon
|
|-message|CCVMurcia forfeited.
|
|win|BellyDrumZohan
|raw|Ladder updating...
|leave|CCVMurcia
|player|p1
|raw|CCVMurcia's rating: 1677 &rarr; <strong>1644<\/strong><br \/>(-33 for losing)
|raw|BellyDrumZohan's rating: 1424 &rarr; <strong>1456<\/strong><br \/>(+32 for winning)
|leave|fev'