|join|BellyDrumZohan
|join|IONLYLOSETODCs14
|player|p1|BellyDrumZohan|76
|player|p2|IONLYLOSETODCs14|125
|gametype|singles
|gen|6
|tier|UU
|rated
|rule|Sleep Clause Mod: Limit one foe put to sleep
|rule|Species Clause: Limit one of each PokÃ©mon
|rule|OHKO Clause: OHKO moves are banned
|rule|Moody Clause: Moody is banned
|rule|Evasion Moves Clause: Evasion moves are banned
|rule|Endless Battle Clause: Forcing endless battles is banned
|rule|HP Percentage Mod: HP is shown in percentages
|clearpoke
|poke|p1|Machamp, M
|poke|p1|Slowking, F
|poke|p1|Haxorus, F
|poke|p1|Crobat, M
|poke|p1|Rotom-Heat
|poke|p1|Forretress, M
|poke|p2|Swampert, F, shiny
|poke|p2|Alakazam, F, shiny
|poke|p2|Jirachi, shiny
|poke|p2|Machamp, F, shiny
|poke|p2|Crobat, F, shiny
|poke|p2|Shaymin, shiny
|rule|Swagger Clause: Swagger is banned
|rule|Baton Pass Clause: Limit one PokÃ©mon knowing Baton Pass
|teampreview
|
|start
|switch|p1a: Rotom-Heat|Rotom-Heat|241\/241
|switch|p2a: Machamp|Machamp, F, shiny|343\/343
|turn|1
|
|move|p1a: Rotom-Heat|Overheat|p2a: Machamp
|-damage|p2a: Machamp|120\/343
|-unboost|p1a: Rotom-Heat|spa|2
|move|p2a: Machamp|Close Combat|p1a: Rotom-Heat
|-damage|p1a: Rotom-Heat|0 fnt
|-unboost|p2a: Machamp|def|1
|-unboost|p2a: Machamp|spd|1
|faint|p1a: Rotom-Heat
|
|
|switch|p1a: Slowking|Slowking, F|393\/393
|turn|2
|
|switch|p2a: Shaymin|Shaymin, shiny|341\/341
|move|p1a: Slowking|Calm Mind|p1a: Slowking
|-boost|p1a: Slowking|spa|1
|-boost|p1a: Slowking|spd|1
|
|turn|3
|
|move|p2a: Shaymin|Seed Flare|p1a: Slowking
|-supereffective|p1a: Slowking
|-damage|p1a: Slowking|85\/393
|move|p1a: Slowking|Psyshock|p2a: Shaymin
|-damage|p2a: Shaymin|202\/341
|
|-heal|p1a: Slowking|109\/393|[from] item: Leftovers
|turn|4
|
|switch|p1a: Crobat|Crobat, M|311\/311
|move|p2a: Shaymin|Seed Flare|p1a: Crobat
|-resisted|p1a: Crobat
|-damage|p1a: Crobat|226\/311
|
|turn|5
|
|switch|p2a: Jirachi|Jirachi, shiny|341\/341
|move|p1a: Crobat|U-turn|p2a: Jirachi
|-damage|p2a: Jirachi|243\/341
|
|switch|p1a: Haxorus|Haxorus, F|294\/294
|-ability|p1a: Haxorus|Mold Breaker
|
|turn|6
|
|switch|p1a: Forretress|Forretress, M|353\/353
|move|p2a: Jirachi|Iron Head|p1a: Forretress
|-resisted|p1a: Forretress
|-damage|p1a: Forretress|305\/353
|
|-heal|p1a: Forretress|327\/353|[from] item: Leftovers
|turn|7
|
|switch|p2a: Crobat|Crobat, F, shiny|329\/329
|move|p1a: Forretress|Stealth Rock|p2a: Crobat
|-sidestart|p2: IONLYLOSETODCs14|move: Stealth Rock
|
|-heal|p1a: Forretress|349\/353|[from] item: Leftovers
|turn|8
|
|move|p2a: Crobat|Defog|p1a: Forretress
|-unboost|p1a: Forretress|evasion|1
|-sideend|p2: IONLYLOSETODCs14|Stealth Rock|[from] move: Defog|[of] p2a: Crobat
|move|p1a: Forretress|Gyro Ball|p2a: Crobat
|-damage|p2a: Crobat|173\/329
|
|-heal|p2a: Crobat|193\/329|[from] item: Black Sludge
|-heal|p1a: Forretress|353\/353|[from] item: Leftovers
|turn|9
|
|move|p2a: Crobat|Roost|p2a: Crobat
|-heal|p2a: Crobat|329\/329
|move|p1a: Forretress|Gyro Ball|p2a: Crobat
|-crit|p2a: Crobat
|-damage|p2a: Crobat|95\/329
|
|-heal|p2a: Crobat|115\/329|[from] item: Black Sludge
|turn|10
|
|move|p2a: Crobat|Roost|p2a: Crobat
|-heal|p2a: Crobat|280\/329
|move|p1a: Forretress|Stealth Rock|p2a: Crobat
|-sidestart|p2: IONLYLOSETODCs14|move: Stealth Rock
|
|-heal|p2a: Crobat|300\/329|[from] item: Black Sludge
|turn|11
|
|switch|p1a: Slowking|Slowking, F|240\/393
|move|p2a: Crobat|Defog|p1a: Slowking
|-unboost|p1a: Slowking|evasion|1
|-sideend|p2: IONLYLOSETODCs14|Stealth Rock|[from] move: Defog|[of] p2a: Crobat
|
|-heal|p2a: Crobat|320\/329|[from] item: Black Sludge
|-heal|p1a: Slowking|264\/393|[from] item: Leftovers
|turn|12
|
|switch|p1a: Haxorus|Haxorus, F|294\/294
|-ability|p1a: Haxorus|Mold Breaker
|move|p2a: Crobat|U-turn|p1a: Haxorus
|-damage|p1a: Haxorus|228\/294
|
|switch|p2a: Jirachi|Jirachi, shiny|243\/341
|
|turn|13
|
|switch|p1a: Slowking|Slowking, F|393\/393
|move|p2a: Jirachi|U-turn|p1a: Slowking
|-supereffective|p1a: Slowking
|-damage|p1a: Slowking|269\/393
|
|switch|p2a: Shaymin|Shaymin, shiny|202\/341
|
|-heal|p1a: Slowking|293\/393|[from] item: Leftovers
|turn|14
|
|switch|p1a: Forretress|Forretress, M|353\/353
|move|p2a: Shaymin|Psychic|p1a: Forretress
|-resisted|p1a: Forretress
|-damage|p1a: Forretress|287\/353
|-unboost|p1a: Forretress|spd|1
|
|-heal|p1a: Forretress|309\/353|[from] item: Leftovers
|turn|15
|
|switch|p2a: Crobat|Crobat, F, shiny|320\/329
|switch|p1a: Slowking|Slowking, F|393\/393
|
|-heal|p2a: Crobat|329\/329|[from] item: Black Sludge
|turn|16
|
|move|p2a: Crobat|U-turn|p1a: Slowking
|-supereffective|p1a: Slowking
|-damage|p1a: Slowking|291\/393
|
|switch|p2a: Shaymin|Shaymin, shiny|202\/341
|move|p1a: Slowking|Scald|p2a: Shaymin
|-resisted|p2a: Shaymin
|-damage|p2a: Shaymin|152\/341
|
|-heal|p1a: Slowking|315\/393|[from] item: Leftovers
|turn|17
|
|switch|p1a: Machamp|Machamp, M|364\/364
|move|p2a: Shaymin|Seed Flare|p1a: Machamp
|-damage|p1a: Machamp|169\/364
|-unboost|p1a: Machamp|spd|2
|
|turn|18
|
|switch|p1a: Forretress|Forretress, M|309\/353
|move|p2a: Shaymin|Seed Flare|p1a: Forretress
|-resisted|p1a: Forretress
|-damage|p1a: Forretress|245\/353
|
|-heal|p1a: Forretress|267\/353|[from] item: Leftovers
|turn|19
|
|switch|p2a: Crobat|Crobat, F, shiny|329\/329
|move|p1a: Forretress|Gyro Ball|p2a: Crobat
|-damage|p2a: Crobat|178\/329
|
|-heal|p2a: Crobat|198\/329|[from] item: Black Sludge
|-heal|p1a: Forretress|289\/353|[from] item: Leftovers
|turn|20
|
|move|p2a: Crobat|Roost|p2a: Crobat
|-heal|p2a: Crobat|329\/329
|move|p1a: Forretress|Gyro Ball|p2a: Crobat
|-damage|p2a: Crobat|167\/329
|
|-heal|p2a: Crobat|187\/329|[from] item: Black Sludge
|-heal|p1a: Forretress|311\/353|[from] item: Leftovers
|turn|21
|
|move|p2a: Crobat|Roost|p2a: Crobat
|-heal|p2a: Crobat|329\/329
|move|p1a: Forretress|Stealth Rock|p2a: Crobat
|-sidestart|p2: IONLYLOSETODCs14|move: Stealth Rock
|
|-heal|p1a: Forretress|333\/353|[from] item: Leftovers
|turn|22
|
|move|p2a: Crobat|Defog|p1a: Forretress
|-unboost|p1a: Forretress|evasion|1
|-sideend|p2: IONLYLOSETODCs14|Stealth Rock|[from] move: Defog|[of] p2a: Crobat
|move|p1a: Forretress|Spikes|p2a: Crobat
|-sidestart|p2: IONLYLOSETODCs14|Spikes
|
|-heal|p1a: Forretress|353\/353|[from] item: Leftovers
|turn|23
|
|move|p2a: Crobat|Brave Bird|p1a: Forretress
|-damage|p1a: Forretress|229\/353
|-damage|p2a: Crobat|288\/329|[from] recoil|[of] p1a: Forretress
|move|p1a: Forretress|Stealth Rock|p2a: Crobat
|-sidestart|p2: IONLYLOSETODCs14|move: Stealth Rock
|
|-heal|p2a: Crobat|308\/329|[from] item: Black Sludge
|-heal|p1a: Forretress|251\/353|[from] item: Leftovers
|turn|24
|
|switch|p1a: Crobat|Crobat, M|226\/311
|move|p2a: Crobat|Defog|p1a: Crobat
|-unboost|p1a: Crobat|evasion|1
|-sideend|p2: IONLYLOSETODCs14|Spikes|[from] move: Defog|[of] p2a: Crobat
|-sideend|p2: IONLYLOSETODCs14|Stealth Rock|[from] move: Defog|[of] p2a: Crobat
|
|-heal|p2a: Crobat|328\/329|[from] item: Black Sludge
|turn|25
|
|move|p2a: Crobat|Brave Bird|p1a: Crobat
|-damage|p1a: Crobat|30\/311
|-damage|p2a: Crobat|263\/329|[from] recoil|[of] p1a: Crobat
|move|p1a: Crobat|U-turn|p2a: Crobat
|-resisted|p2a: Crobat
|-damage|p2a: Crobat|232\/329
|
|switch|p1a: Slowking|Slowking, F|393\/393
|
|-heal|p2a: Crobat|252\/329|[from] item: Black Sludge
|turn|26
|
|move|p2a: Crobat|U-turn|p1a: Slowking
|-supereffective|p1a: Slowking
|-damage|p1a: Slowking|293\/393
|
|switch|p2a: Jirachi|Jirachi, shiny|243\/341
|move|p1a: Slowking|Scald|p2a: Jirachi
|-damage|p2a: Jirachi|152\/341
|-status|p2a: Jirachi|brn
|
|-heal|p1a: Slowking|317\/393|[from] item: Leftovers
|-damage|p2a: Jirachi|110\/341 brn|[from] brn
|turn|27
|
|move|p2a: Jirachi|Healing Wish|p2a: Jirachi
|faint|p2a: Jirachi
|move|p1a: Slowking|Psyshock|p2: Jirachi|[notarget]
|-notarget
|
|-heal|p1a: Slowking|341\/393|[from] item: Leftovers
|
|switch|p2a: Machamp|Machamp, F, shiny|120\/343
|-heal|p2a: Machamp|343\/343|[from] move: Healing Wish
|turn|28
|
|switch|p1a: Machamp|Machamp, M|169\/364
|move|p2a: Machamp|Knock Off|p1a: Machamp
|-resisted|p1a: Machamp
|-damage|p1a: Machamp|57\/364
|-enditem|p1a: Machamp|Assault Vest|[from] move: Knock Off|[of] p2a: Machamp
|
|turn|29
|
|move|p2a: Machamp|Knock Off|p1a: Machamp
|-resisted|p1a: Machamp
|-damage|p1a: Machamp|0 fnt
|faint|p1a: Machamp
|
|
|switch|p1a: Crobat|Crobat, M|30\/311
|turn|30
|
|switch|p2a: Crobat|Crobat, F, shiny|252\/329
|move|p1a: Crobat|Brave Bird|p2a: Crobat
|-damage|p2a: Crobat|0 fnt
|-damage|p1a: Crobat|0 fnt|[from] recoil|[of] p2a: Crobat
|faint|p2a: Crobat
|faint|p1a: Crobat
|
|
|switch|p1a: Haxorus|Haxorus, F|228\/294
|switch|p2a: Machamp|Machamp, F, shiny|343\/343
|-ability|p1a: Haxorus|Mold Breaker
|turn|31
|
|move|p1a: Haxorus|Outrage|p2a: Machamp
|-damage|p2a: Machamp|60\/343
|move|p2a: Machamp|Close Combat|p1a: Haxorus
|-damage|p1a: Haxorus|0 fnt
|-unboost|p2a: Machamp|def|1
|-unboost|p2a: Machamp|spd|1
|faint|p1a: Haxorus
|
|
|switch|p1a: Slowking|Slowking, F|393\/393
|turn|32
|
|switch|p2a: Shaymin|Shaymin, shiny|152\/341
|move|p1a: Slowking|Calm Mind|p1a: Slowking
|-boost|p1a: Slowking|spa|1
|-boost|p1a: Slowking|spd|1
|
|turn|33
|
|move|p2a: Shaymin|Seed Flare|p1a: Slowking
|-supereffective|p1a: Slowking
|-damage|p1a: Slowking|39\/393
|-unboost|p1a: Slowking|spd|2
|move|p1a: Slowking|Psyshock|p2a: Shaymin
|-damage|p2a: Shaymin|13\/341
|
|-heal|p1a: Slowking|63\/393|[from] item: Leftovers
|turn|34
|
|switch|p1a: Forretress|Forretress, M|251\/353
|move|p2a: Shaymin|Seed Flare|p1a: Forretress
|-resisted|p1a: Forretress
|-damage|p1a: Forretress|191\/353
|
|-heal|p1a: Forretress|213\/353|[from] item: Leftovers
|turn|35
|
|switch|p2a: Swampert|Swampert, F, shiny|403\/403
|move|p1a: Forretress|Stealth Rock|p2a: Swampert
|-sidestart|p2: IONLYLOSETODCs14|move: Stealth Rock
|
|-heal|p1a: Forretress|235\/353|[from] item: Leftovers
|turn|36
|
|move|p2a: Swampert|Scald|p1a: Forretress
|-damage|p1a: Forretress|160\/353
|move|p1a: Forretress|Toxic|p2a: Swampert
|-status|p2a: Swampert|tox
|
|-heal|p1a: Forretress|182\/353|[from] item: Leftovers
|-damage|p2a: Swampert|378\/403 tox|[from] psn
|turn|37
|
|move|p2a: Swampert|Scald|p1a: Forretress
|-damage|p1a: Forretress|98\/353
|move|p1a: Forretress|Spikes|p2a: Swampert
|-sidestart|p2: IONLYLOSETODCs14|Spikes
|
|-heal|p2a: Swampert|403\/403 tox|[from] item: Leftovers
|-heal|p1a: Forretress|120\/353|[from] item: Leftovers
|-damage|p2a: Swampert|353\/403 tox|[from] psn
|turn|38
|
|move|p2a: Swampert|Scald|p1a: Forretress
|-damage|p1a: Forretress|39\/353
|move|p1a: Forretress|Spikes|p2a: Swampert
|-sidestart|p2: IONLYLOSETODCs14|Spikes
|
|-heal|p2a: Swampert|378\/403 tox|[from] item: Leftovers
|-heal|p1a: Forretress|61\/353|[from] item: Leftovers
|-damage|p2a: Swampert|303\/403 tox|[from] psn
|turn|39
|
|switch|p1a: Slowking|Slowking, F|194\/393
|move|p2a: Swampert|Earthquake|p1a: Slowking
|-damage|p1a: Slowking|77\/393
|
|-heal|p2a: Swampert|328\/403 tox|[from] item: Leftovers
|-heal|p1a: Slowking|101\/393|[from] item: Leftovers
|-damage|p2a: Swampert|228\/403 tox|[from] psn
|turn|40
|
|switch|p1a: Forretress|Forretress, M|61\/353
|move|p2a: Swampert|Earthquake|p1a: Forretress
|-damage|p1a: Forretress|0 fnt
|faint|p1a: Forretress
|
|-heal|p2a: Swampert|253\/403 tox|[from] item: Leftovers
|-damage|p2a: Swampert|128\/403 tox|[from] psn
|
|switch|p1a: Slowking|Slowking, F|232\/393
|turn|41
|
|move|p2a: Swampert|Earthquake|p1a: Slowking
|-damage|p1a: Slowking|133\/393
|move|p1a: Slowking|Slack Off|p1a: Slowking
|-heal|p1a: Slowking|330\/393
|
|-heal|p2a: Swampert|153\/403 tox|[from] item: Leftovers
|-heal|p1a: Slowking|354\/393|[from] item: Leftovers
|-damage|p2a: Swampert|3\/403 tox|[from] psn
|turn|42
|
|move|p2a: Swampert|Scald|p1a: Slowking
|-resisted|p1a: Slowking
|-damage|p1a: Slowking|297\/393
|move|p1a: Slowking|Slack Off|p1a: Slowking
|-heal|p1a: Slowking|393\/393
|
|-heal|p2a: Swampert|28\/403 tox|[from] item: Leftovers
|-damage|p2a: Swampert|0 fnt|[from] psn
|faint|p2a: Swampert
|
|switch|p2a: Machamp|Machamp, F, shiny|60\/343
|-damage|p2a: Machamp|39\/343|[from] Stealth Rock
|-damage|p2a: Machamp|0 fnt|[from] Spikes
|faint|p2a: Machamp
|
|switch|p2a: Shaymin|Shaymin, shiny|13\/341
|-damage|p2a: Shaymin|0 fnt|[from] Spikes
|faint|p2a: Shaymin
|
|switch|p2a: Alakazam|Alakazam, F, shiny|251\/251
|turn|43
|
|detailschange|p2a: Alakazam|Alakazam-Mega, F, shiny
|message|Alakazam has Mega Evolved into Mega Alakazam!
|-ability|p2a: Alakazam|Regenerator|[from] ability: Trace|[of] p1a: Slowking
|move|p2a: Alakazam|Shadow Ball|p1a: Slowking
|-supereffective|p1a: Slowking
|-damage|p1a: Slowking|153\/393
|move|p1a: Slowking|Calm Mind|p1a: Slowking
|-boost|p1a: Slowking|spa|1
|-boost|p1a: Slowking|spd|1
|
|-heal|p1a: Slowking|177\/393|[from] item: Leftovers
|turn|44
|
|move|p2a: Alakazam|Shadow Ball|p1a: Slowking
|-supereffective|p1a: Slowking
|-damage|p1a: Slowking|7\/393
|-unboost|p1a: Slowking|spd|1
|move|p1a: Slowking|Slack Off|p1a: Slowking
|-heal|p1a: Slowking|204\/393
|
|-heal|p1a: Slowking|228\/393|[from] item: Leftovers
|turn|45
|
|move|p2a: Alakazam|Shadow Ball|p1a: Slowking
|-supereffective|p1a: Slowking
|-damage|p1a: Slowking|0 fnt
|faint|p1a: Slowking
|
|win|IONLYLOSETODCs14
|raw|Ladder updating...
|raw|BellyDrumZohan's rating: 1380 &rarr; <strong>1356<\/strong><br \/>(-24 for losing)
|raw|IONLYLOSETODCs14's rating: 1312 &rarr; <strong>1336<\/strong><br \/>(+24 for winning)
|c|âBellyDrumZohan|gg