|join|Cell in a Hell
|join|BellyDrumZohan
|player|p1|Cell in a Hell|125
|player|p2|BellyDrumZohan|76
|gametype|singles
|gen|6
|tier|UU
|rated
|rule|Sleep Clause Mod: Limit one foe put to sleep
|rule|Species Clause: Limit one of each PokÃ©mon
|rule|OHKO Clause: OHKO moves are banned
|rule|Moody Clause: Moody is banned
|rule|Evasion Moves Clause: Evasion moves are banned
|rule|Endless Battle Clause: Forcing endless battles is banned
|rule|HP Percentage Mod: HP is shown in percentages
|clearpoke
|poke|p1|Blastoise, F
|poke|p1|Nidoqueen, F
|poke|p1|Hydreigon, F
|poke|p1|Jirachi
|poke|p1|Entei, shiny
|poke|p1|Machamp, M
|poke|p2|Swampert, F
|poke|p2|Kingdra, M
|poke|p2|Crobat, F
|poke|p2|Omastar, F
|poke|p2|Ludicolo, M
|poke|p2|Tornadus, M
|rule|Swagger Clause: Swagger is banned
|rule|Baton Pass Clause: Limit one PokÃ©mon knowing Baton Pass
|teampreview
|
|start
|switch|p1a: Machamp|Machamp, M|343\/343
|switch|p2a: Omastar|Omastar, F|281\/281
|turn|1
|
|move|p2a: Omastar|Scald|p1a: Machamp
|-damage|p1a: Machamp|186\/343
|-status|p1a: Machamp|brn
|move|p1a: Machamp|Close Combat|p2a: Omastar
|-supereffective|p2a: Omastar
|-enditem|p2a: Omastar|Focus Sash
|-damage|p2a: Omastar|1\/281
|-unboost|p1a: Machamp|def|1
|-unboost|p1a: Machamp|spd|1
|
|-damage|p1a: Machamp|144\/343 brn|[from] brn
|turn|2
|
|switch|p1a: Blastoise|Blastoise, F|333\/333
|move|p2a: Omastar|Rain Dance|p2a: Omastar
|-weather|RainDance
|
|-weather|RainDance|[upkeep]
|turn|3
|
|detailschange|p1a: Blastoise|Blastoise-Mega, F
|-mega|p1a: Blastoise|Blastoise|Blastoisinite
|move|p2a: Omastar|Stealth Rock|p1a: Blastoise
|-sidestart|p1: Cell in a Hell|move: Stealth Rock
|move|p1a: Blastoise|Rapid Spin|p2a: Omastar
|-resisted|p2a: Omastar
|-damage|p2a: Omastar|0 fnt
|-sideend|p1: Cell in a Hell|Stealth Rock|[from] move: Rapid Spin|[of] p1a: Blastoise
|faint|p2a: Omastar
|
|-weather|RainDance|[upkeep]
|
|switch|p2a: Ludicolo|Ludicolo, M|301\/301
|turn|4
|
|move|p2a: Ludicolo|Giga Drain|p1a: Blastoise
|-supereffective|p1a: Blastoise
|-damage|p1a: Blastoise|83\/333
|-damage|p2a: Ludicolo|271\/301|[from] item: Life Orb
|move|p1a: Blastoise|Dragon Pulse|p2a: Ludicolo
|-damage|p2a: Ludicolo|96\/301
|
|-weather|RainDance|[upkeep]
|turn|5
|
|move|p2a: Ludicolo|Giga Drain|p1a: Blastoise
|-supereffective|p1a: Blastoise
|-damage|p1a: Blastoise|0 fnt
|-heal|p2a: Ludicolo|138\/301|[from] drain|[of] p1a: Blastoise
|-damage|p2a: Ludicolo|108\/301|[from] item: Life Orb
|faint|p1a: Blastoise
|
|-weather|RainDance|[upkeep]
|
|switch|p1a: Entei|Entei, shiny|371\/371
|-ability|p1a: Entei|Pressure
|turn|6
|
|switch|p2a: Swampert|Swampert, F|341\/341
|move|p1a: Entei|Extreme Speed|p2a: Swampert
|-damage|p2a: Swampert|245\/341
|
|-weather|none
|turn|7
|
|detailschange|p2a: Swampert|Swampert-Mega, F
|-mega|p2a: Swampert|Swampert|Swampertite
|move|p1a: Entei|Sacred Fire|p2a: Swampert
|-resisted|p2a: Swampert
|-damage|p2a: Swampert|155\/341
|move|p2a: Swampert|Power-Up Punch|p1a: Entei
|-damage|p1a: Entei|308\/371
|-boost|p2a: Swampert|atk|1
|
|turn|8
|
|move|p1a: Entei|Sacred Fire|p2a: Swampert
|-resisted|p2a: Swampert
|-damage|p2a: Swampert|77\/341
|move|p2a: Swampert|Waterfall|p1a: Entei
|-supereffective|p1a: Entei
|-damage|p1a: Entei|0 fnt
|faint|p1a: Entei
|
|
|switch|p1a: Hydreigon|Hydreigon, F|325\/325
|turn|9
|
|move|p1a: Hydreigon|Dark Pulse|p2a: Swampert
|-damage|p2a: Swampert|0 fnt
|faint|p2a: Swampert
|
|
|switch|p2a: Tornadus|Tornadus, M|301\/301
|turn|10
|
|move|p2a: Tornadus|Rain Dance|p2a: Tornadus
|-weather|RainDance
|move|p1a: Hydreigon|Draco Meteor|p2a: Tornadus
|-damage|p2a: Tornadus|0 fnt
|-unboost|p1a: Hydreigon|spa|2
|faint|p2a: Tornadus
|
|-weather|RainDance|[upkeep]
|
|switch|p2a: Kingdra|Kingdra, M|297\/297
|turn|11
|
|move|p2a: Kingdra|Surf|p1a: Hydreigon
|-resisted|p1a: Hydreigon
|-damage|p1a: Hydreigon|149\/325
|move|p1a: Hydreigon|Draco Meteor|p2a: Kingdra
|-supereffective|p2a: Kingdra
|-damage|p2a: Kingdra|27\/297
|-unboost|p1a: Hydreigon|spa|2
|
|-weather|RainDance|[upkeep]
|turn|12
|
|move|p2a: Kingdra|Surf|p1a: Hydreigon
|-resisted|p1a: Hydreigon
|-damage|p1a: Hydreigon|0 fnt
|faint|p1a: Hydreigon
|
|-weather|RainDance|[upkeep]
|
|switch|p1a: Jirachi|Jirachi|341\/341
|turn|13
|c|âCell in a Hell|i guess i lose here
|
|move|p2a: Kingdra|Surf|p1a: Jirachi
|-damage|p1a: Jirachi|13\/341
|move|p1a: Jirachi|U-turn|p2a: Kingdra
|-damage|p2a: Kingdra|0 fnt
|faint|p2a: Kingdra
|c|âCell in a Hell|o
|
|switch|p1a: Machamp|Machamp, M|144\/343 brn
|
|-weather|RainDance|[upkeep]
|-damage|p1a: Machamp|102\/343 brn|[from] brn
|
|switch|p2a: Crobat|Crobat, F|373\/373
|turn|14
|
|move|p2a: Crobat|Brave Bird|p1a: Machamp
|-supereffective|p1a: Machamp
|-damage|p1a: Machamp|0 fnt
|-damage|p2a: Crobat|339\/373|[from] recoil|[of] p1a: Machamp
|faint|p1a: Machamp
|
|-weather|RainDance|[upkeep]
|
|switch|p1a: Nidoqueen|Nidoqueen, F|349\/349
|turn|15
|
|move|p2a: Crobat|Brave Bird|p1a: Nidoqueen
|-damage|p1a: Nidoqueen|202\/349
|-damage|p2a: Crobat|290\/373|[from] recoil|[of] p1a: Nidoqueen
|move|p1a: Nidoqueen|Ice Beam|p2a: Crobat
|-supereffective|p2a: Crobat
|-damage|p2a: Crobat|0 fnt
|faint|p2a: Crobat
|
|-weather|RainDance|[upkeep]
|
|switch|p2a: Ludicolo|Ludicolo, M|108\/301
|turn|16
|
|move|p2a: Ludicolo|Hydro Pump|p1a: Nidoqueen
|-supereffective|p1a: Nidoqueen
|-damage|p1a: Nidoqueen|0 fnt
|-damage|p2a: Ludicolo|78\/301|[from] item: Life Orb
|faint|p1a: Nidoqueen
|
|-weather|RainDance|[upkeep]
|
|switch|p1a: Jirachi|Jirachi|13\/341
|turn|17
|
|move|p1a: Jirachi|U-turn|p2a: Ludicolo
|-supereffective|p2a: Ludicolo
|-damage|p2a: Ludicolo|0 fnt
|faint|p2a: Ludicolo
|
|win|Cell in a Hell
|raw|Ladder updating...
|c|âCell in a Hell|gg
|c|âBellyDrumZohan|gg
|raw|Cell in a Hell's rating: 1214 &rarr; <strong>1243<\/strong><br \/>(+29 for winning)
|raw|BellyDrumZohan's rating: 1275 &rarr; <strong>1246<\/strong><br \/>(-29 for losing)
|leave|BellyDrumZohan
|player|p2