|join|BellyDrumZohan
|join|Frizzle my nizzle
|player|p1|BellyDrumZohan|76
|player|p2|Frizzle my nizzle|286
|gametype|singles
|gen|6
|tier|UU
|rated
|rule|Sleep Clause Mod: Limit one foe put to sleep
|rule|Species Clause: Limit one of each PokÃ©mon
|rule|OHKO Clause: OHKO moves are banned
|rule|Moody Clause: Moody is banned
|rule|Evasion Moves Clause: Evasion moves are banned
|rule|Endless Battle Clause: Forcing endless battles is banned
|rule|HP Percentage Mod: HP is shown in percentages
|clearpoke
|poke|p1|Medicham, F
|poke|p1|Celebi
|poke|p1|Absol, M
|poke|p1|Suicune
|poke|p1|Nidoqueen, F
|poke|p1|Donphan, M
|poke|p2|Seismitoad, M
|poke|p2|Cresselia, F
|poke|p2|Blissey, F
|poke|p2|Steelix, M
|poke|p2|Sigilyph, F
|poke|p2|Vullaby, F
|rule|Swagger Clause: Swagger is banned
|rule|Baton Pass Clause: Limit one PokÃ©mon knowing Baton Pass
|teampreview
|
|start
|switch|p1a: Absol|Absol, M|271\/271
|switch|p2a: Seismitoad|Seismitoad, M|405\/405
|turn|1
|
|switch|p1a: Celebi|Celebi|404\/404
|move|p2a: Seismitoad|Scald|p1a: Celebi
|-resisted|p1a: Celebi
|-damage|p1a: Celebi|374\/404
|-status|p1a: Celebi|brn
|
|-damage|p1a: Celebi|324\/404 brn|[from] brn
|turn|2
|
|move|p1a: Celebi|Swords Dance|p1a: Celebi
|-boost|p1a: Celebi|atk|2
|move|p2a: Seismitoad|Stealth Rock|p1a: Celebi
|-sidestart|p1: BellyDrumZohan|move: Stealth Rock
|
|-damage|p1a: Celebi|274\/404 brn|[from] brn
|turn|3
|
|switch|p2a: Vullaby|Vullaby, F|343\/343
|move|p1a: Celebi|Baton Pass|p1a: Celebi
|
|switch|p1a: Absol|Absol, M|271\/271
|-damage|p1a: Absol|238\/271|[from] Stealth Rock
|
|turn|4
|
|detailschange|p1a: Absol|Absol-Mega, M
|-mega|p1a: Absol|Absol|Absolite
|move|p1a: Absol|Knock Off|p2a: Vullaby
|-resisted|p2a: Vullaby
|-damage|p2a: Vullaby|215\/343
|-enditem|p2a: Vullaby|Eviolite|[from] move: Knock Off|[of] p1a: Absol
|move|p2a: Vullaby|Foul Play|p1a: Absol
|-resisted|p1a: Absol
|-damage|p1a: Absol|0 fnt
|faint|p1a: Absol
|
|
|switch|p1a: Nidoqueen|Nidoqueen, F|331\/331
|-damage|p1a: Nidoqueen|311\/331|[from] Stealth Rock
|turn|5
|
|switch|p2a: Blissey|Blissey, F|665\/665
|move|p1a: Nidoqueen|Stealth Rock|p2a: Blissey
|-sidestart|p2: Frizzle my nizzle|move: Stealth Rock
|
|turn|6
|
|switch|p1a: Donphan|Donphan, M|384\/384
|-damage|p1a: Donphan|360\/384|[from] Stealth Rock
|switch|p2a: Vullaby|Vullaby, F|215\/343
|-damage|p2a: Vullaby|130\/343|[from] Stealth Rock
|
|-heal|p1a: Donphan|384\/384|[from] item: Leftovers
|turn|7
|
|move|p1a: Donphan|Ice Shard|p2a: Vullaby
|-supereffective|p2a: Vullaby
|-damage|p2a: Vullaby|62\/343
|move|p2a: Vullaby|Defog|p1a: Donphan
|-unboost|p1a: Donphan|evasion|1
|-sideend|p1: BellyDrumZohan|Stealth Rock|[from] move: Defog|[of] p1a: Donphan
|-sideend|p2: Frizzle my nizzle|Stealth Rock|[from] move: Defog|[of] p2a: Vullaby
|
|turn|8
|
|switch|p1a: Nidoqueen|Nidoqueen, F|311\/331
|move|p2a: Vullaby|Foul Play|p1a: Nidoqueen
|-damage|p1a: Nidoqueen|227\/331
|
|turn|9
|
|move|p1a: Nidoqueen|Sludge Wave|p2a: Vullaby
|-damage|p2a: Vullaby|0 fnt
|faint|p2a: Vullaby
|
|
|switch|p2a: Sigilyph|Sigilyph, F|286\/286
|turn|10
|
|move|p2a: Sigilyph|Psyshock|p1a: Nidoqueen
|-supereffective|p1a: Nidoqueen
|-damage|p1a: Nidoqueen|0 fnt
|faint|p1a: Nidoqueen
|
|
|switch|p1a: Celebi|Celebi|274\/404
|turn|11
|
|switch|p2a: Blissey|Blissey, F|665\/665
|move|p1a: Celebi|Swords Dance|p1a: Celebi
|-boost|p1a: Celebi|atk|2
|
|turn|12
|
|move|p1a: Celebi|Swords Dance|p1a: Celebi
|-boost|p1a: Celebi|atk|2
|move|p2a: Blissey|Copycat|p2a: Blissey
|move|p2a: Blissey|Swords Dance|p2a: Blissey|[from]Copycat
|-boost|p2a: Blissey|atk|2
|
|turn|13
|
|move|p1a: Celebi|Swords Dance|p1a: Celebi
|-boost|p1a: Celebi|atk|2
|move|p2a: Blissey|Copycat|p2a: Blissey
|move|p2a: Blissey|Swords Dance|p2a: Blissey|[from]Copycat
|-boost|p2a: Blissey|atk|2
|
|turn|14
|
|move|p1a: Celebi|Seed Bomb|p2a: Blissey
|-damage|p2a: Blissey|0 fnt
|faint|p2a: Blissey
|
|
|switch|p2a: Sigilyph|Sigilyph, F|286\/286
|turn|15
|
|move|p1a: Celebi|Sucker Punch|p2a: Sigilyph
|-fail|p2a: Sigilyph
|move|p2a: Sigilyph|Trick|p1a: Celebi
|-activate|p2a: Sigilyph|move: Trick|[of] p1a: Celebi
|-item|p1a: Celebi|Choice Scarf|[from] move: Trick
|-item|p2a: Sigilyph|Weakness Policy|[from] move: Trick
|
|turn|16
|
|move|p1a: Celebi|Baton Pass|p1a: Celebi
|
|switch|p1a: Medicham|Medicham, F|261\/261
|move|p2a: Sigilyph|Trick|p1a: Medicham
|-activate|p2a: Sigilyph|move: Trick|[of] p1a: Medicham
|-item|p1a: Medicham|Weakness Policy|[from] move: Trick
|-item|p2a: Sigilyph|Choice Scarf|[from] move: Trick
|
|turn|17
|
|move|p2a: Sigilyph|Air Slash|p1a: Medicham
|-supereffective|p1a: Medicham
|-damage|p1a: Medicham|0 fnt
|faint|p1a: Medicham
|
|c|âBellyDrumZohan|shiet
|c|âBellyDrumZohan|gg
|
|switch|p1a: Donphan|Donphan, M|384\/384
|turn|18
|-message|BellyDrumZohan forfeited.
|leave|BellyDrumZohan
|
|win|Frizzle my nizzle
|raw|Ladder updating...
|player|p1
|raw|BellyDrumZohan's rating: 1429 &rarr; <strong>1413<\/strong><br \/>(-16 for losing)
|raw|Frizzle my nizzle's rating: 1501 &rarr; <strong>1516<\/strong><br \/>(+15 for winning)