|join|jacob
|join|BellyDrumZohan
|player|p1|jacob|287
|player|p2|BellyDrumZohan|76
|gametype|singles
|gen|6
|tier|UU
|rated
|rule|Sleep Clause Mod: Limit one foe put to sleep
|rule|Species Clause: Limit one of each PokÃ©mon
|rule|OHKO Clause: OHKO moves are banned
|rule|Moody Clause: Moody is banned
|rule|Evasion Moves Clause: Evasion moves are banned
|rule|Endless Battle Clause: Forcing endless battles is banned
|rule|HP Percentage Mod: HP is shown in percentages
|clearpoke
|poke|p1|Jirachi
|poke|p1|Darmanitan, F
|poke|p1|Chesnaught, M
|poke|p1|Alomomola, M
|poke|p1|Donphan, F
|poke|p1|Whimsicott, M
|poke|p2|Machamp, M
|poke|p2|Slowking, F
|poke|p2|Haxorus, F
|poke|p2|Crobat, F
|poke|p2|Rotom-Heat
|poke|p2|Forretress, M
|rule|Swagger Clause: Swagger is banned
|rule|Baton Pass Clause: Limit one PokÃ©mon knowing Baton Pass
|teampreview
|
|start
|switch|p1a: Darmanitan|Darmanitan, F|351\/351
|switch|p2a: Rotom-Heat|Rotom-Heat|241\/241
|turn|1
|
|move|p2a: Rotom-Heat|Volt Switch|p1a: Darmanitan
|-damage|p1a: Darmanitan|168\/351
|
|switch|p2a: Slowking|Slowking, F|393\/393
|move|p1a: Darmanitan|Rock Slide|p2a: Slowking
|-miss|p1a: Darmanitan|p2a: Slowking
|
|turn|2
|
|switch|p1a: Whimsicott|Whimsicott, M|261\/261
|move|p2a: Slowking|Psyshock|p1a: Whimsicott
|-damage|p1a: Whimsicott|147\/261
|
|turn|3
|
|switch|p2a: Crobat|Crobat, F|311\/311
|move|p1a: Whimsicott|U-turn|p2a: Crobat
|-resisted|p2a: Crobat
|-damage|p2a: Crobat|297\/311
|-damage|p1a: Whimsicott|121\/261|[from] item: Life Orb
|
|switch|p1a: Jirachi|Jirachi|341\/341
|
|turn|4
|
|move|p1a: Jirachi|U-turn|p2a: Crobat
|-resisted|p2a: Crobat
|-damage|p2a: Crobat|277\/311
|
|switch|p1a: Alomomola|Alomomola, M|534\/534
|move|p2a: Crobat|U-turn|p1a: Alomomola
|-damage|p1a: Alomomola|401\/534
|
|switch|p2a: Rotom-Heat|Rotom-Heat|241\/241
|
|-heal|p1a: Alomomola|434\/534|[from] item: Leftovers
|turn|5
|
|move|p1a: Alomomola|Protect|p1a: Alomomola
|-singleturn|p1a: Alomomola|Protect
|move|p2a: Rotom-Heat|Volt Switch|p1a: Alomomola
|-activate|p1a: Alomomola|Protect
|
|-heal|p1a: Alomomola|467\/534|[from] item: Leftovers
|turn|6
|
|switch|p2a: Forretress|Forretress, M|353\/353
|switch|p1a: Donphan|Donphan, F|384\/384
|
|turn|7
|
|switch|p1a: Alomomola|Alomomola, M|534\/534
|move|p2a: Forretress|Toxic|p1a: Alomomola
|-status|p1a: Alomomola|tox
|
|-damage|p1a: Alomomola|501\/534 tox|[from] psn
|turn|8
|
|move|p1a: Alomomola|Wish|p1a: Alomomola
|move|p2a: Forretress|Stealth Rock|p1a: Alomomola
|-sidestart|p1: jacob|move: Stealth Rock
|
|-heal|p1a: Alomomola|534\/534 tox|[from] item: Leftovers
|-damage|p1a: Alomomola|468\/534 tox|[from] psn
|turn|9
|
|switch|p1a: Darmanitan|Darmanitan, F|168\/351
|-damage|p1a: Darmanitan|81\/351|[from] Stealth Rock
|switch|p2a: Slowking|Slowking, F|393\/393
|
|-heal|p1a: Darmanitan|348\/351|[from] move: Wish|[wisher] Alomomola
|turn|10
|
|move|p1a: Darmanitan|U-turn|p2a: Slowking
|-supereffective|p2a: Slowking
|-damage|p2a: Slowking|167\/393
|
|switch|p1a: Jirachi|Jirachi|341\/341
|-damage|p1a: Jirachi|320\/341|[from] Stealth Rock
|move|p2a: Slowking|Scald|p1a: Jirachi
|-damage|p1a: Jirachi|220\/341
|
|-heal|p2a: Slowking|191\/393|[from] item: Leftovers
|turn|11
|
|move|p1a: Jirachi|U-turn|p2a: Slowking
|-supereffective|p2a: Slowking
|-damage|p2a: Slowking|75\/393
|
|switch|p1a: Whimsicott|Whimsicott, M|121\/261
|-damage|p1a: Whimsicott|89\/261|[from] Stealth Rock
|move|p2a: Slowking|Slack Off|p2a: Slowking
|-heal|p2a: Slowking|272\/393
|
|-heal|p2a: Slowking|296\/393|[from] item: Leftovers
|turn|12
|
|switch|p2a: Rotom-Heat|Rotom-Heat|241\/241
|move|p1a: Whimsicott|Energy Ball|p2a: Rotom-Heat
|-resisted|p2a: Rotom-Heat
|-damage|p2a: Rotom-Heat|166\/241
|-damage|p1a: Whimsicott|63\/261|[from] item: Life Orb
|
|turn|13
|
|move|p2a: Rotom-Heat|Volt Switch|p1a: Whimsicott
|-resisted|p1a: Whimsicott
|-damage|p1a: Whimsicott|0 fnt
|faint|p1a: Whimsicott
|
|switch|p2a: Crobat|Crobat, F|277\/311
|
|
|switch|p1a: Jirachi|Jirachi|220\/341
|-damage|p1a: Jirachi|199\/341|[from] Stealth Rock
|turn|14
|
|switch|p2a: Forretress|Forretress, M|353\/353
|move|p1a: Jirachi|Iron Head|p2a: Forretress
|-resisted|p2a: Forretress
|-damage|p2a: Forretress|308\/353
|
|-heal|p2a: Forretress|330\/353|[from] item: Leftovers
|turn|15
|
|switch|p1a: Donphan|Donphan, F|384\/384
|-damage|p1a: Donphan|360\/384|[from] Stealth Rock
|move|p2a: Forretress|Spikes|p1a: Donphan
|-sidestart|p1: jacob|Spikes
|
|-heal|p1a: Donphan|384\/384|[from] item: Leftovers
|-heal|p2a: Forretress|352\/353|[from] item: Leftovers
|turn|16
|
|move|p1a: Donphan|Rapid Spin|p2a: Forretress
|-resisted|p2a: Forretress
|-damage|p2a: Forretress|346\/353
|-sideend|p1: jacob|Spikes|[from] move: Rapid Spin|[of] p1a: Donphan
|-sideend|p1: jacob|Stealth Rock|[from] move: Rapid Spin|[of] p1a: Donphan
|move|p2a: Forretress|Toxic|p1a: Donphan
|-status|p1a: Donphan|tox
|
|-heal|p2a: Forretress|353\/353|[from] item: Leftovers
|-damage|p1a: Donphan|360\/384 tox|[from] psn
|turn|17
|
|switch|p1a: Darmanitan|Darmanitan, F|348\/351
|switch|p2a: Slowking|Slowking, F|393\/393
|
|turn|18
|
|move|p1a: Darmanitan|U-turn|p2a: Slowking
|-supereffective|p2a: Slowking
|-damage|p2a: Slowking|183\/393
|
|switch|p1a: Chesnaught|Chesnaught, M|380\/380
|move|p2a: Slowking|Scald|p1a: Chesnaught
|-resisted|p1a: Chesnaught
|-damage|p1a: Chesnaught|316\/380
|
|-heal|p1a: Chesnaught|339\/380|[from] item: Leftovers
|-heal|p2a: Slowking|207\/393|[from] item: Leftovers
|turn|19
|
|switch|p2a: Forretress|Forretress, M|353\/353
|move|p1a: Chesnaught|Wood Hammer|p2a: Forretress
|-resisted|p2a: Forretress
|-damage|p2a: Forretress|325\/353
|-damage|p1a: Chesnaught|330\/380|[from] recoil|[of] p2a: Forretress
|
|-heal|p1a: Chesnaught|353\/380|[from] item: Leftovers
|-heal|p2a: Forretress|347\/353|[from] item: Leftovers
|turn|20
|
|move|p1a: Chesnaught|Leech Seed|p2a: Forretress
|-start|p2a: Forretress|move: Leech Seed
|move|p2a: Forretress|Stealth Rock|p1a: Chesnaught
|-sidestart|p1: jacob|move: Stealth Rock
|
|-heal|p1a: Chesnaught|376\/380|[from] item: Leftovers
|-heal|p2a: Forretress|353\/353|[from] item: Leftovers
|-damage|p2a: Forretress|309\/353|[from] Leech Seed|[of] p1a: Chesnaught
|-heal|p1a: Chesnaught|380\/380|[silent]
|turn|21
|
|switch|p1a: Donphan|Donphan, F|360\/384 tox
|-damage|p1a: Donphan|336\/384 tox|[from] Stealth Rock
|move|p2a: Forretress|Spikes|p1a: Donphan
|-sidestart|p1: jacob|Spikes
|
|-heal|p1a: Donphan|360\/384 tox|[from] item: Leftovers
|-heal|p2a: Forretress|331\/353|[from] item: Leftovers
|-damage|p2a: Forretress|287\/353|[from] Leech Seed|[of] p1a: Donphan
|-heal|p1a: Donphan|384\/384 tox|[silent]
|-damage|p1a: Donphan|360\/384 tox|[from] psn
|turn|22
|
|switch|p2a: Slowking|Slowking, F|338\/393
|move|p1a: Donphan|Rapid Spin|p2a: Slowking
|-damage|p2a: Slowking|320\/393
|-sideend|p1: jacob|Spikes|[from] move: Rapid Spin|[of] p1a: Donphan
|-sideend|p1: jacob|Stealth Rock|[from] move: Rapid Spin|[of] p1a: Donphan
|
|-heal|p1a: Donphan|384\/384 tox|[from] item: Leftovers
|-heal|p2a: Slowking|344\/393|[from] item: Leftovers
|-damage|p1a: Donphan|336\/384 tox|[from] psn
|turn|23
|
|switch|p1a: Alomomola|Alomomola, M|534\/534 tox
|move|p2a: Slowking|Calm Mind|p2a: Slowking
|-boost|p2a: Slowking|spa|1
|-boost|p2a: Slowking|spd|1
|
|-heal|p2a: Slowking|368\/393|[from] item: Leftovers
|-damage|p1a: Alomomola|501\/534 tox|[from] psn
|turn|24
|
|move|p1a: Alomomola|Toxic|p2a: Slowking
|-status|p2a: Slowking|tox
|move|p2a: Slowking|Calm Mind|p2a: Slowking
|-boost|p2a: Slowking|spa|1
|-boost|p2a: Slowking|spd|1
|
|-heal|p1a: Alomomola|534\/534 tox|[from] item: Leftovers
|-heal|p2a: Slowking|392\/393 tox|[from] item: Leftovers
|-damage|p1a: Alomomola|468\/534 tox|[from] psn
|-damage|p2a: Slowking|368\/393 tox|[from] psn
|turn|25
|
|move|p1a: Alomomola|Wish|p1a: Alomomola
|move|p2a: Slowking|Calm Mind|p2a: Slowking
|-boost|p2a: Slowking|spa|1
|-boost|p2a: Slowking|spd|1
|
|-heal|p1a: Alomomola|501\/534 tox|[from] item: Leftovers
|-heal|p2a: Slowking|392\/393 tox|[from] item: Leftovers
|-damage|p1a: Alomomola|402\/534 tox|[from] psn
|-damage|p2a: Slowking|344\/393 tox|[from] psn
|turn|26
|
|switch|p1a: Jirachi|Jirachi|199\/341
|move|p2a: Slowking|Calm Mind|p2a: Slowking
|-boost|p2a: Slowking|spa|1
|-boost|p2a: Slowking|spd|1
|
|-heal|p1a: Jirachi|341\/341|[from] move: Wish|[wisher] Alomomola
|-heal|p2a: Slowking|368\/393 tox|[from] item: Leftovers
|-damage|p2a: Slowking|296\/393 tox|[from] psn
|turn|27
|
|move|p1a: Jirachi|U-turn|p2a: Slowking
|-supereffective|p2a: Slowking
|-damage|p2a: Slowking|190\/393 tox
|
|switch|p1a: Alomomola|Alomomola, M|534\/534 tox
|move|p2a: Slowking|Slack Off|p2a: Slowking
|-heal|p2a: Slowking|387\/393 tox
|
|-heal|p2a: Slowking|393\/393 tox|[from] item: Leftovers
|-damage|p1a: Alomomola|501\/534 tox|[from] psn
|-damage|p2a: Slowking|297\/393 tox|[from] psn
|turn|28
|
|move|p1a: Alomomola|Wish|p1a: Alomomola
|move|p2a: Slowking|Psyshock|p1a: Alomomola
|-damage|p1a: Alomomola|188\/534 tox
|
|-heal|p1a: Alomomola|221\/534 tox|[from] item: Leftovers
|-heal|p2a: Slowking|321\/393 tox|[from] item: Leftovers
|-damage|p1a: Alomomola|155\/534 tox|[from] psn
|-damage|p2a: Slowking|201\/393 tox|[from] psn
|turn|29
|
|switch|p2a: Rotom-Heat|Rotom-Heat|166\/241
|move|p1a: Alomomola|Protect|p1a: Alomomola
|-fail|p1a: Alomomola
|
|-heal|p1a: Alomomola|422\/534 tox|[from] move: Wish|[wisher] Alomomola
|-heal|p1a: Alomomola|455\/534 tox|[from] item: Leftovers
|-damage|p1a: Alomomola|356\/534 tox|[from] psn
|turn|30
|
|switch|p2a: Crobat|Crobat, F|277\/311
|switch|p1a: Donphan|Donphan, F|336\/384 tox
|
|-heal|p1a: Donphan|360\/384 tox|[from] item: Leftovers
|-damage|p1a: Donphan|336\/384 tox|[from] psn
|turn|31
|
|move|p2a: Crobat|U-turn|p1a: Donphan
|-damage|p1a: Donphan|262\/384 tox
|
|switch|p2a: Machamp|Machamp, M|364\/364
|move|p1a: Donphan|Stealth Rock|p2a: Machamp
|-sidestart|p2: BellyDrumZohan|move: Stealth Rock
|
|-heal|p1a: Donphan|286\/384 tox|[from] item: Leftovers
|-damage|p1a: Donphan|238\/384 tox|[from] psn
|turn|32
|
|switch|p1a: Chesnaught|Chesnaught, M|380\/380
|move|p2a: Machamp|Dynamic Punch|p1a: Chesnaught
|-damage|p1a: Chesnaught|263\/380
|-start|p1a: Chesnaught|confusion
|
|-heal|p1a: Chesnaught|286\/380|[from] item: Leftovers
|turn|33
|
|switch|p2a: Crobat|Crobat, F|277\/311
|-damage|p2a: Crobat|200\/311|[from] Stealth Rock
|switch|p1a: Darmanitan|Darmanitan, F|348\/351
|
|turn|34
|
|switch|p1a: Jirachi|Jirachi|341\/341
|move|p2a: Crobat|Brave Bird|p1a: Jirachi
|-resisted|p1a: Jirachi
|-damage|p1a: Jirachi|196\/341
|-damage|p2a: Crobat|152\/311|[from] recoil|[of] p1a: Jirachi
|
|turn|35
|
|move|p1a: Jirachi|Fire Punch|p2a: Crobat
|-damage|p2a: Crobat|60\/311
|move|p2a: Crobat|Brave Bird|p1a: Jirachi
|-resisted|p1a: Jirachi
|-damage|p1a: Jirachi|64\/341
|-damage|p2a: Crobat|16\/311|[from] recoil|[of] p1a: Jirachi
|
|turn|36
|
|switch|p1a: Alomomola|Alomomola, M|534\/534 tox
|switch|p2a: Haxorus|Haxorus, F|294\/294
|-damage|p2a: Haxorus|258\/294|[from] Stealth Rock
|-ability|p2a: Haxorus|Mold Breaker
|
|-damage|p1a: Alomomola|501\/534 tox|[from] psn
|turn|37
|
|move|p2a: Haxorus|Dragon Dance|p2a: Haxorus
|-boost|p2a: Haxorus|atk|1
|-boost|p2a: Haxorus|spe|1
|move|p1a: Alomomola|Scald|p2a: Haxorus
|-resisted|p2a: Haxorus
|-damage|p2a: Haxorus|227\/294
|
|-heal|p1a: Alomomola|534\/534 tox|[from] item: Leftovers
|-damage|p1a: Alomomola|468\/534 tox|[from] psn
|turn|38
|
|move|p2a: Haxorus|Dragon Dance|p2a: Haxorus
|-boost|p2a: Haxorus|atk|1
|-boost|p2a: Haxorus|spe|1
|move|p1a: Alomomola|Scald|p2a: Haxorus
|-resisted|p2a: Haxorus
|-damage|p2a: Haxorus|194\/294
|
|-heal|p1a: Alomomola|501\/534 tox|[from] item: Leftovers
|-damage|p1a: Alomomola|402\/534 tox|[from] psn
|turn|39
|
|move|p2a: Haxorus|Swords Dance|p2a: Haxorus
|-boost|p2a: Haxorus|atk|2
|move|p1a: Alomomola|Scald|p2a: Haxorus
|-resisted|p2a: Haxorus
|-damage|p2a: Haxorus|163\/294
|
|-heal|p1a: Alomomola|435\/534 tox|[from] item: Leftovers
|-damage|p1a: Alomomola|303\/534 tox|[from] psn
|turn|40
|c|âjacob|nice
|
|switch|p1a: Donphan|Donphan, F|238\/384 tox
|move|p2a: Haxorus|Earthquake|p1a: Donphan
|-damage|p1a: Donphan|0 fnt
|faint|p1a: Donphan
|
|
|switch|p1a: Chesnaught|Chesnaught, M|286\/380
|turn|41
|
|move|p1a: Chesnaught|Spiky Shield|p1a: Chesnaught
|-singleturn|p1a: Chesnaught|move: Protect
|move|p2a: Haxorus|Outrage|p1a: Chesnaught
|-activate|p1a: Chesnaught|move: Protect
|-damage|p2a: Haxorus|127\/294|[from] Spiky Shield|[of] p1a: Chesnaught
|
|-heal|p1a: Chesnaught|309\/380|[from] item: Leftovers
|turn|42
|
|move|p2a: Haxorus|Earthquake|p1a: Chesnaught
|-resisted|p1a: Chesnaught
|-damage|p1a: Chesnaught|192\/380
|move|p1a: Chesnaught|Leech Seed|p2a: Haxorus
|-start|p2a: Haxorus|move: Leech Seed
|
|-heal|p1a: Chesnaught|215\/380|[from] item: Leftovers
|-damage|p2a: Haxorus|91\/294|[from] Leech Seed|[of] p1a: Chesnaught
|-heal|p1a: Chesnaught|251\/380|[silent]
|turn|43
|
|switch|p2a: Rotom-Heat|Rotom-Heat|166\/241
|-damage|p2a: Rotom-Heat|106\/241|[from] Stealth Rock
|move|p1a: Chesnaught|Spiky Shield|p1a: Chesnaught
|-fail|p1a: Chesnaught
|
|-heal|p1a: Chesnaught|274\/380|[from] item: Leftovers
|turn|44
|
|move|p1a: Chesnaught|Spiky Shield|p1a: Chesnaught
|-singleturn|p1a: Chesnaught|move: Protect
|move|p2a: Rotom-Heat|Trick|p1a: Chesnaught
|-activate|p1a: Chesnaught|move: Protect
|
|-heal|p1a: Chesnaught|297\/380|[from] item: Leftovers
|turn|45
|
|switch|p2a: Slowking|Slowking, F|332\/393 tox
|-damage|p2a: Slowking|283\/393 tox|[from] Stealth Rock
|switch|p1a: Jirachi|Jirachi|64\/341
|
|-heal|p2a: Slowking|307\/393 tox|[from] item: Leftovers
|-damage|p2a: Slowking|283\/393 tox|[from] psn
|turn|46
|
|switch|p2a: Crobat|Crobat, F|16\/311
|-damage|p2a: Crobat|0 fnt|[from] Stealth Rock
|faint|p2a: Crobat
|move|p1a: Jirachi|U-turn|p2: Crobat|[notarget]
|-notarget
|
|
|switch|p2a: Machamp|Machamp, M|364\/364
|-damage|p2a: Machamp|342\/364|[from] Stealth Rock
|turn|47
|
|move|p1a: Jirachi|U-turn|p2a: Machamp
|-crit|p2a: Machamp
|-resisted|p2a: Machamp
|-damage|p2a: Machamp|282\/364
|
|switch|p1a: Chesnaught|Chesnaught, M|297\/380
|move|p2a: Machamp|Dynamic Punch|p1a: Chesnaught
|-damage|p1a: Chesnaught|180\/380
|-start|p1a: Chesnaught|confusion
|
|-heal|p1a: Chesnaught|203\/380|[from] item: Leftovers
|turn|48
|
|move|p2a: Machamp|Knock Off|p1a: Chesnaught
|-crit|p1a: Chesnaught
|-resisted|p1a: Chesnaught
|-damage|p1a: Chesnaught|148\/380
|-enditem|p1a: Chesnaught|Leftovers|[from] move: Knock Off|[of] p2a: Machamp
|-activate|p1a: Chesnaught|confusion
|move|p1a: Chesnaught|Leech Seed|p2a: Machamp
|-start|p2a: Machamp|move: Leech Seed
|
|-damage|p2a: Machamp|237\/364|[from] Leech Seed|[of] p1a: Chesnaught
|-heal|p1a: Chesnaught|193\/380|[silent]
|turn|49
|
|switch|p2a: Forretress|Forretress, M|287\/353
|-damage|p2a: Forretress|243\/353|[from] Stealth Rock
|-activate|p1a: Chesnaught|confusion
|-damage|p1a: Chesnaught|171\/380|[from] confusion
|
|-heal|p2a: Forretress|265\/353|[from] item: Leftovers
|turn|50
|
|switch|p1a: Darmanitan|Darmanitan, F|348\/351
|move|p2a: Forretress|Spikes|p1a: Darmanitan
|-sidestart|p1: jacob|Spikes
|
|-heal|p2a: Forretress|287\/353|[from] item: Leftovers
|turn|51
|
|move|p1a: Darmanitan|Flare Blitz|p2a: Forretress
|-supereffective|p2a: Forretress
|-damage|p2a: Forretress|0 fnt
|-damage|p1a: Darmanitan|253\/351|[from] recoil|[of] p2a: Forretress
|faint|p2a: Forretress
|
|
|switch|p2a: Haxorus|Haxorus, F|91\/294
|-damage|p2a: Haxorus|55\/294|[from] Stealth Rock
|-ability|p2a: Haxorus|Mold Breaker
|turn|52
|
|switch|p1a: Chesnaught|Chesnaught, M|171\/380
|-damage|p1a: Chesnaught|124\/380|[from] Spikes
|move|p2a: Haxorus|Earthquake|p1a: Chesnaught
|-resisted|p1a: Chesnaught
|-damage|p1a: Chesnaught|81\/380
|
|turn|53
|
|move|p2a: Haxorus|Outrage|p1a: Chesnaught
|-damage|p1a: Chesnaught|0 fnt
|faint|p1a: Chesnaught
|
|
|switch|p1a: Jirachi|Jirachi|64\/341
|-damage|p1a: Jirachi|22\/341|[from] Spikes
|turn|54
|
|move|p1a: Jirachi|Iron Head|p2a: Haxorus
|-damage|p2a: Haxorus|0 fnt
|faint|p2a: Haxorus
|
|
|switch|p2a: Slowking|Slowking, F|393\/393 tox
|-damage|p2a: Slowking|344\/393 tox|[from] Stealth Rock
|turn|55
|
|move|p1a: Jirachi|Iron Head|p2a: Slowking
|-resisted|p2a: Slowking
|-damage|p2a: Slowking|293\/393 tox
|cant|p2a: Slowking|flinch
|
|-heal|p2a: Slowking|317\/393 tox|[from] item: Leftovers
|-damage|p2a: Slowking|293\/393 tox|[from] psn
|turn|56
|
|move|p1a: Jirachi|Iron Head|p2a: Slowking
|-resisted|p2a: Slowking
|-damage|p2a: Slowking|239\/393 tox
|cant|p2a: Slowking|flinch
|
|-heal|p2a: Slowking|263\/393 tox|[from] item: Leftovers
|-damage|p2a: Slowking|215\/393 tox|[from] psn
|turn|57
|c|âjacob|im bout to get this
|
|switch|p2a: Machamp|Machamp, M|237\/364
|-damage|p2a: Machamp|215\/364|[from] Stealth Rock
|move|p1a: Jirachi|Iron Head|p2a: Machamp
|-damage|p2a: Machamp|83\/364
|
|turn|58
|
|switch|p2a: Slowking|Slowking, F|346\/393 tox
|-damage|p2a: Slowking|297\/393 tox|[from] Stealth Rock
|move|p1a: Jirachi|Iron Head|p2a: Slowking
|-resisted|p2a: Slowking
|-damage|p2a: Slowking|246\/393 tox
|
|-heal|p2a: Slowking|270\/393 tox|[from] item: Leftovers
|-damage|p2a: Slowking|246\/393 tox|[from] psn
|turn|59
|
|move|p1a: Jirachi|Iron Head|p2a: Slowking
|-resisted|p2a: Slowking
|-damage|p2a: Slowking|196\/393 tox
|cant|p2a: Slowking|flinch
|
|-heal|p2a: Slowking|220\/393 tox|[from] item: Leftovers
|-damage|p2a: Slowking|172\/393 tox|[from] psn
|turn|60
|
|move|p1a: Jirachi|Iron Head|p2a: Slowking
|-resisted|p2a: Slowking
|-damage|p2a: Slowking|118\/393 tox
|cant|p2a: Slowking|flinch
|
|-heal|p2a: Slowking|142\/393 tox|[from] item: Leftovers
|-damage|p2a: Slowking|70\/393 tox|[from] psn
|turn|61
|
|switch|p2a: Machamp|Machamp, M|83\/364
|-damage|p2a: Machamp|61\/364|[from] Stealth Rock
|move|p1a: Jirachi|Iron Head|p2a: Machamp
|-damage|p2a: Machamp|0 fnt
|faint|p2a: Machamp
|
|
|switch|p2a: Rotom-Heat|Rotom-Heat|106\/241
|-damage|p2a: Rotom-Heat|46\/241|[from] Stealth Rock
|turn|62
|
|move|p1a: Jirachi|Iron Head|p2a: Rotom-Heat
|-resisted|p2a: Rotom-Heat
|-damage|p2a: Rotom-Heat|19\/241
|move|p2a: Rotom-Heat|Volt Switch|p1a: Jirachi
|-damage|p1a: Jirachi|0 fnt
|faint|p1a: Jirachi
|
|switch|p2a: Slowking|Slowking, F|201\/393 tox
|-damage|p2a: Slowking|152\/393 tox|[from] Stealth Rock
|
|-heal|p2a: Slowking|176\/393 tox|[from] item: Leftovers
|-damage|p2a: Slowking|152\/393 tox|[from] psn
|c|âjacob|wait i just won
|c|âjacob|lol
|
|switch|p1a: Darmanitan|Darmanitan, F|253\/351
|-damage|p1a: Darmanitan|210\/351|[from] Spikes
|turn|63
|c|âBellyDrumZohan|hax too strong
|c|âjacob|jirachi the lord
|c|âjacob|gg i actually had fun this game
|
|switch|p2a: Rotom-Heat|Rotom-Heat|19\/241
|-damage|p2a: Rotom-Heat|0 fnt|[from] Stealth Rock
|faint|p2a: Rotom-Heat
|move|p1a: Darmanitan|U-turn|p2: Rotom-Heat|[notarget]
|-notarget
|
|c|âBellyDrumZohan|for me too until this flinchin...
|
|switch|p2a: Slowking|Slowking, F|283\/393 tox
|-damage|p2a: Slowking|234\/393 tox|[from] Stealth Rock
|turn|64
|c|âjacob|lol
|c|âjacob|yeah
|
|move|p1a: Darmanitan|U-turn|p2a: Slowking
|-supereffective|p2a: Slowking
|-damage|p2a: Slowking|4\/393 tox
|
|switch|p1a: Alomomola|Alomomola, M|481\/534 tox
|-damage|p1a: Alomomola|415\/534 tox|[from] Spikes
|move|p2a: Slowking|Psyshock|p1a: Alomomola
|-damage|p1a: Alomomola|297\/534 tox
|
|-heal|p1a: Alomomola|330\/534 tox|[from] item: Leftovers
|-heal|p2a: Slowking|28\/393 tox|[from] item: Leftovers
|-damage|p1a: Alomomola|297\/534 tox|[from] psn
|-damage|p2a: Slowking|4\/393 tox|[from] psn
|turn|65
|c|âBellyDrumZohan|gg
|c|âjacob|gg
|
|move|p1a: Alomomola|Scald|p2a: Slowking
|-resisted|p2a: Slowking
|-damage|p2a: Slowking|0 fnt
|faint|p2a: Slowking
|
|win|jacob
|raw|Ladder updating...
|raw|jacob's rating: 1494 &rarr; <strong>1508<\/strong><br \/>(+14 for winning)
|raw|BellyDrumZohan's rating: 1394 &rarr; <strong>1380<\/strong><br \/>(-14 for losing)