|join|Mr.DarkAlgae
|join|BellyDrumZohan
|player|p1|Mr.DarkAlgae|170
|player|p2|BellyDrumZohan|76
|gametype|singles
|gen|6
|tier|UU
|rated
|rule|Sleep Clause Mod: Limit one foe put to sleep
|rule|Species Clause: Limit one of each PokÃ©mon
|rule|OHKO Clause: OHKO moves are banned
|rule|Moody Clause: Moody is banned
|rule|Evasion Moves Clause: Evasion moves are banned
|rule|Endless Battle Clause: Forcing endless battles is banned
|rule|HP Percentage Mod: HP is shown in percentages
|clearpoke
|poke|p1|Aromatisse, F
|poke|p1|Dragalge, M
|poke|p1|Spiritomb, M
|poke|p1|Noivern, F
|poke|p1|Chesnaught, F
|poke|p1|Empoleon, F
|poke|p2|Machamp, M
|poke|p2|Slowking, F
|poke|p2|Haxorus, F
|poke|p2|Crobat, F
|poke|p2|Rotom-Heat
|poke|p2|Forretress, M
|rule|Swagger Clause: Swagger is banned
|rule|Baton Pass Clause: Limit one PokÃ©mon knowing Baton Pass
|teampreview
|
|start
|switch|p1a: 4.779|Noivern, F|315\/315
|switch|p2a: Crobat|Crobat, F|311\/311
|turn|1
|
|move|p1a: 4.779|Switcheroo|p2a: Crobat
|-activate|p1a: 4.779|move: Trick|[of] p2a: Crobat
|-item|p2a: Crobat|Choice Scarf|[from] Trick
|-item|p1a: 4.779|Choice Band|[from] Trick
|move|p2a: Crobat|Brave Bird|p1a: 4.779
|-crit|p1a: 4.779
|-damage|p1a: 4.779|0 fnt
|-damage|p2a: Crobat|207\/311|[from] recoil|[of] p1a: 4.779
|faint|p1a: 4.779
|
|
|switch|p1a: .100|Dragalge, M|334\/334
|turn|2
|
|move|p2a: Crobat|Brave Bird|p1a: .100
|-damage|p1a: .100|198\/334
|-damage|p2a: Crobat|162\/311|[from] recoil|[of] p1a: .100
|move|p1a: .100|Toxic Spikes|p2a: Crobat
|-sidestart|p2: BellyDrumZohan|move: Toxic Spikes
|
|-heal|p1a: .100|218\/334|[from] item: Black Sludge
|turn|3
|
|switch|p2a: Forretress|Forretress, M|353\/353
|move|p1a: .100|Toxic Spikes|p2a: Forretress
|-sidestart|p2: BellyDrumZohan|move: Toxic Spikes
|
|-heal|p1a: .100|238\/334|[from] item: Black Sludge
|turn|4
|
|switch|p1a: .535|Spiritomb, M|304\/304
|move|p2a: Forretress|Stealth Rock|p1a: .535
|-sidestart|p1: Mr.DarkAlgae|move: Stealth Rock
|
|turn|5
|
|switch|p2a: Crobat|Crobat, F|162\/311
|move|p1a: .535|Trick|p2a: Crobat
|-activate|p1a: .535|move: Trick|[of] p2a: Crobat
|-item|p2a: Crobat|Choice Band|[from] move: Trick
|-item|p1a: .535|Choice Scarf|[from] move: Trick
|
|turn|6
|
|move|p1a: .535|Sucker Punch|p2a: Crobat
|-damage|p2a: Crobat|5\/311
|move|p2a: Crobat|U-turn|p1a: .535
|-damage|p1a: .535|198\/304
|
|switch|p2a: Machamp|Machamp, M|364\/364
|-status|p2a: Machamp|tox
|
|-damage|p2a: Machamp|342\/364 tox|[from] psn
|turn|7
|
|switch|p1a: 1.66|Aromatisse, F|406\/406
|-damage|p1a: 1.66|356\/406|[from] Stealth Rock
|move|p2a: Machamp|Stone Edge|p1a: 1.66
|-damage|p1a: 1.66|245\/406
|
|-heal|p1a: 1.66|270\/406|[from] item: Leftovers
|-damage|p2a: Machamp|298\/364 tox|[from] psn
|turn|8
|
|switch|p2a: Forretress|Forretress, M|353\/353
|move|p1a: 1.66|Wish|p1a: 1.66
|
|-heal|p1a: 1.66|295\/406|[from] item: Leftovers
|turn|9
|
|switch|p1a: .535|Spiritomb, M|198\/304
|-damage|p1a: .535|160\/304|[from] Stealth Rock
|move|p2a: Forretress|Spikes|p1a: .535
|-sidestart|p1: Mr.DarkAlgae|Spikes
|
|-heal|p1a: .535|304\/304|[from] move: Wish|[wisher] 1.66
|turn|10
|
|switch|p2a: Rotom-Heat|Rotom-Heat|241\/241
|move|p1a: .535|Trick|p2a: Rotom-Heat
|-activate|p1a: .535|move: Trick|[of] p2a: Rotom-Heat
|-item|p2a: Rotom-Heat|Choice Scarf|[from] move: Trick
|-item|p1a: .535|Choice Scarf|[from] move: Trick
|
|turn|11
|
|move|p2a: Rotom-Heat|Trick|p1a: .535
|-activate|p2a: Rotom-Heat|move: Trick|[of] p1a: .535
|-item|p1a: .535|Choice Scarf|[from] move: Trick
|-item|p2a: Rotom-Heat|Choice Scarf|[from] move: Trick
|move|p1a: .535|Toxic|p2a: Rotom-Heat
|-status|p2a: Rotom-Heat|tox
|
|-damage|p2a: Rotom-Heat|226\/241 tox|[from] psn
|turn|12
|
|switch|p1a: .100|Dragalge, M|238\/334
|-damage|p1a: .100|197\/334|[from] Stealth Rock
|-damage|p1a: .100|156\/334|[from] Spikes
|move|p2a: Rotom-Heat|Trick|p1a: .100
|-activate|p2a: Rotom-Heat|move: Trick|[of] p1a: .100
|-item|p1a: .100|Choice Scarf|[from] move: Trick
|-item|p2a: Rotom-Heat|Black Sludge|[from] move: Trick
|
|-damage|p2a: Rotom-Heat|196\/241 tox|[from] item: Black Sludge
|-damage|p2a: Rotom-Heat|166\/241 tox|[from] psn
|turn|13
|
|move|p2a: Rotom-Heat|Volt Switch|p1a: .100
|-resisted|p1a: .100
|-damage|p1a: .100|108\/334
|
|switch|p2a: Crobat|Crobat, F|5\/311
|move|p1a: .100|Dragon Tail|p2a: Crobat
|-damage|p2a: Crobat|0 fnt
|faint|p2a: Crobat
|
|
|switch|p2a: Forretress|Forretress, M|353\/353
|turn|14
|
|switch|p1a: .535|Spiritomb, M|304\/304
|-damage|p1a: .535|266\/304|[from] Spikes
|-damage|p1a: .535|228\/304|[from] Stealth Rock
|move|p2a: Forretress|Spikes|p1a: .535
|-sidestart|p1: Mr.DarkAlgae|Spikes
|
|turn|15
|
|move|p1a: .535|Pursuit|p2a: Forretress
|-damage|p2a: Forretress|308\/353
|move|p2a: Forretress|Spikes|p1a: .535
|-sidestart|p1: Mr.DarkAlgae|Spikes
|
|-heal|p2a: Forretress|330\/353|[from] item: Leftovers
|turn|16
|
|move|p1a: .535|Pursuit|p2a: Forretress
|-damage|p2a: Forretress|288\/353
|move|p2a: Forretress|Gyro Ball|p1a: .535
|-damage|p1a: .535|176\/304
|
|-heal|p2a: Forretress|310\/353|[from] item: Leftovers
|turn|17
|
|switch|p1a: 6.664|Empoleon, F|372\/372
|-damage|p1a: 6.664|279\/372|[from] Spikes
|-damage|p1a: 6.664|256\/372|[from] Stealth Rock
|switch|p2a: Rotom-Heat|Rotom-Heat|166\/241 tox
|
|-damage|p2a: Rotom-Heat|136\/241 tox|[from] item: Black Sludge
|-heal|p1a: 6.664|279\/372|[from] item: Leftovers
|-damage|p2a: Rotom-Heat|121\/241 tox|[from] psn
|turn|18
|
|move|p2a: Rotom-Heat|Volt Switch|p1a: 6.664
|-supereffective|p1a: 6.664
|-damage|p1a: 6.664|127\/372
|
|switch|p2a: Machamp|Machamp, M|298\/364 tox
|move|p1a: 6.664|Stealth Rock|p2a: Machamp
|-sidestart|p2: BellyDrumZohan|move: Stealth Rock
|
|-heal|p1a: 6.664|150\/372|[from] item: Leftovers
|-damage|p2a: Machamp|276\/364 tox|[from] psn
|turn|19
|
|move|p2a: Machamp|Knock Off|p1a: 6.664
|-damage|p1a: 6.664|3\/372
|-enditem|p1a: 6.664|Leftovers|[from] move: Knock Off|[of] p2a: Machamp
|move|p1a: 6.664|Scald|p2a: Machamp
|-damage|p2a: Machamp|159\/364 tox
|
|-damage|p2a: Machamp|115\/364 tox|[from] psn
|turn|20
|
|move|p2a: Machamp|Dynamic Punch|p1a: 6.664
|-crit|p1a: 6.664
|-supereffective|p1a: 6.664
|-damage|p1a: 6.664|0 fnt
|faint|p1a: 6.664
|
|-damage|p2a: Machamp|49\/364 tox|[from] psn
|
|switch|p1a: 5.656|Chesnaught, F|380\/380
|-damage|p1a: 5.656|357\/380|[from] Stealth Rock
|-damage|p1a: 5.656|262\/380|[from] Spikes
|turn|21
|
|switch|p2a: Forretress|Forretress, M|310\/353
|-damage|p2a: Forretress|266\/353|[from] Stealth Rock
|move|p1a: 5.656|Spiky Shield|p1a: 5.656
|-fail|p1a: 5.656
|
|-heal|p1a: 5.656|285\/380|[from] item: Leftovers
|-heal|p2a: Forretress|288\/353|[from] item: Leftovers
|turn|22
|
|move|p1a: 5.656|Spiky Shield|p1a: 5.656
|-singleturn|p1a: 5.656|move: Protect
|move|p2a: Forretress|Gyro Ball|p1a: 5.656
|-activate|p1a: 5.656|move: Protect
|-damage|p2a: Forretress|244\/353|[from] Spiky Shield|[of] p1a: 5.656
|
|-heal|p1a: 5.656|308\/380|[from] item: Leftovers
|-heal|p2a: Forretress|266\/353|[from] item: Leftovers
|turn|23
|
|move|p1a: 5.656|Leech Seed|p2a: Forretress
|-start|p2a: Forretress|move: Leech Seed
|move|p2a: Forretress|Gyro Ball|p1a: 5.656
|-immune|p1a: 5.656|[msg]|[from] Bulletproof
|
|-heal|p1a: 5.656|331\/380|[from] item: Leftovers
|-heal|p2a: Forretress|288\/353|[from] item: Leftovers
|-damage|p2a: Forretress|244\/353|[from] Leech Seed|[of] p1a: 5.656
|-heal|p1a: 5.656|375\/380|[silent]
|turn|24
|
|switch|p2a: Rotom-Heat|Rotom-Heat|121\/241 tox
|-damage|p2a: Rotom-Heat|61\/241 tox|[from] Stealth Rock
|move|p1a: 5.656|Spikes|p2a: Rotom-Heat
|-sidestart|p2: BellyDrumZohan|Spikes
|
|-damage|p2a: Rotom-Heat|31\/241 tox|[from] item: Black Sludge
|-heal|p1a: 5.656|380\/380|[from] item: Leftovers
|-damage|p2a: Rotom-Heat|16\/241 tox|[from] psn
|turn|25
|
|move|p1a: 5.656|Spiky Shield|p1a: 5.656
|-singleturn|p1a: 5.656|move: Protect
|move|p2a: Rotom-Heat|Trick|p1a: 5.656
|-activate|p1a: 5.656|move: Protect
|
|-damage|p2a: Rotom-Heat|0 fnt|[from] item: Black Sludge
|faint|p2a: Rotom-Heat
|
|switch|p2a: Forretress|Forretress, M|244\/353
|-damage|p2a: Forretress|200\/353|[from] Stealth Rock
|-damage|p2a: Forretress|156\/353|[from] Spikes
|turn|26
|
|switch|p1a: .535|Spiritomb, M|176\/304
|-damage|p1a: .535|138\/304|[from] Stealth Rock
|-damage|p1a: .535|62\/304|[from] Spikes
|move|p2a: Forretress|Rapid Spin|p1a: .535
|-immune|p1a: .535|[msg]
|
|-heal|p2a: Forretress|178\/353|[from] item: Leftovers
|turn|27
|
|move|p1a: .535|Trick|p2a: Forretress
|-activate|p1a: .535|move: Trick|[of] p2a: Forretress
|-item|p2a: Forretress|Choice Scarf|[from] move: Trick
|-item|p1a: .535|Leftovers|[from] move: Trick
|move|p2a: Forretress|Gyro Ball|p1a: .535
|-damage|p1a: .535|37\/304
|
|-heal|p1a: .535|56\/304|[from] item: Leftovers
|turn|28
|
|move|p1a: .535|Pursuit|p2a: Forretress|[from]Pursuit
|-damage|p2a: Forretress|84\/353
|switch|p2a: Machamp|Machamp, M|49\/364 tox
|-damage|p2a: Machamp|27\/364 tox|[from] Stealth Rock
|-damage|p2a: Machamp|0 fnt|[from] Spikes
|faint|p2a: Machamp
|
|-heal|p1a: .535|75\/304|[from] item: Leftovers
|
|switch|p2a: Haxorus|Haxorus, F|294\/294
|-damage|p2a: Haxorus|258\/294|[from] Spikes
|-damage|p2a: Haxorus|222\/294|[from] Stealth Rock
|-status|p2a: Haxorus|tox
|-ability|p2a: Haxorus|Mold Breaker
|-enditem|p2a: Haxorus|Lum Berry|[eat]
|-curestatus|p2a: Haxorus|tox
|turn|29
|
|move|p2a: Haxorus|Swords Dance|p2a: Haxorus
|-boost|p2a: Haxorus|atk|2
|move|p1a: .535|Toxic|p2a: Haxorus
|-status|p2a: Haxorus|tox
|
|-heal|p1a: .535|94\/304|[from] item: Leftovers
|-damage|p2a: Haxorus|204\/294 tox|[from] psn
|turn|30
|
|move|p1a: .535|Sucker Punch|p2a: Haxorus
|-damage|p2a: Haxorus|74\/294 tox
|move|p2a: Haxorus|Earthquake|p1a: .535
|-damage|p1a: .535|0 fnt
|faint|p1a: .535
|
|-damage|p2a: Haxorus|38\/294 tox|[from] psn
|
|switch|p1a: .100|Dragalge, M|108\/334
|-damage|p1a: .100|67\/334|[from] Stealth Rock
|-damage|p1a: .100|0 fnt|[from] Spikes
|faint|p1a: .100
|
|switch|p1a: 1.66|Aromatisse, F|295\/406
|-damage|p1a: 1.66|194\/406|[from] Spikes
|-damage|p1a: 1.66|144\/406|[from] Stealth Rock
|turn|31
|
|move|p1a: 1.66|Protect|p1a: 1.66
|-singleturn|p1a: 1.66|Protect
|move|p2a: Haxorus|Earthquake|p1a: 1.66
|-activate|p1a: 1.66|Protect
|
|-heal|p1a: 1.66|169\/406|[from] item: Leftovers
|-damage|p2a: Haxorus|0 fnt|[from] psn
|faint|p2a: Haxorus
|
|switch|p2a: Forretress|Forretress, M|84\/353
|-damage|p2a: Forretress|40\/353|[from] Stealth Rock
|-damage|p2a: Forretress|0 fnt|[from] Spikes
|faint|p2a: Forretress
|
|switch|p2a: Slowking|Slowking, F|393\/393
|-damage|p2a: Slowking|344\/393|[from] Stealth Rock
|-status|p2a: Slowking|tox
|-damage|p2a: Slowking|295\/393 tox|[from] Spikes
|turn|32
|
|move|p2a: Slowking|Calm Mind|p2a: Slowking
|-boost|p2a: Slowking|spa|1
|-boost|p2a: Slowking|spd|1
|move|p1a: 1.66|Wish|p1a: 1.66
|
|-heal|p2a: Slowking|319\/393 tox|[from] item: Leftovers
|-heal|p1a: 1.66|194\/406|[from] item: Leftovers
|-damage|p2a: Slowking|295\/393 tox|[from] psn
|turn|33
|
|move|p1a: 1.66|Protect|p1a: 1.66
|-singleturn|p1a: 1.66|Protect
|move|p2a: Slowking|Calm Mind|p2a: Slowking
|-boost|p2a: Slowking|spa|1
|-boost|p2a: Slowking|spd|1
|
|-heal|p1a: 1.66|397\/406|[from] move: Wish|[wisher] 1.66
|-heal|p2a: Slowking|319\/393 tox|[from] item: Leftovers
|-heal|p1a: 1.66|406\/406|[from] item: Leftovers
|-damage|p2a: Slowking|271\/393 tox|[from] psn
|turn|34
|
|move|p2a: Slowking|Scald|p1a: 1.66
|-damage|p1a: 1.66|204\/406
|move|p1a: 1.66|Wish|p1a: 1.66
|
|-heal|p2a: Slowking|295\/393 tox|[from] item: Leftovers
|-heal|p1a: 1.66|229\/406|[from] item: Leftovers
|-damage|p2a: Slowking|223\/393 tox|[from] psn
|turn|35
|c|âBellyDrumZohan|gg
|-message|BellyDrumZohan forfeited.
|
|win|Mr.DarkAlgae
|raw|Ladder updating...
|leave|BellyDrumZohan
|player|p2
|raw|Mr.DarkAlgae's rating: 1481 &rarr; <strong>1496<\/strong><br \/>(+15 for winning)
|raw|BellyDrumZohan's rating: 1390 &rarr; <strong>1375<\/strong><br \/>(-15 for losing)