|join|BellyDrumZohan
|join|Meth Is fun
|player|p1|BellyDrumZohan|76
|player|p2|Meth Is fun|109
|gametype|singles
|gen|6
|tier|UU
|rated
|rule|Sleep Clause Mod: Limit one foe put to sleep
|rule|Species Clause: Limit one of each Pokemon
|rule|OHKO Clause: OHKO moves are banned
|rule|Moody Clause: Moody is banned
|rule|Evasion Moves Clause: Evasion moves are banned
|rule|Endless Battle Clause: Forcing endless battles is banned.
|rule|HP Percentage Mod: HP is reported as percentages
|clearpoke
|poke|p1|Krookodile, M
|poke|p1|Lucario, F
|poke|p1|Crobat, M
|poke|p1|Hippowdon, M
|poke|p1|Clawitzer, F
|poke|p1|Florges, F
|poke|p2|Krookodile, M
|poke|p2|Hitmonlee, M
|poke|p2|Flygon, F
|poke|p2|Tentacruel, F
|poke|p2|Escavalier, F
|poke|p2|Chandelure, M
|teampreview
|
|start
|switch|p1a: Crobat|Crobat, M|371\/371
|switch|p2a: Sunburnt|Krookodile, M|381\/381
|-ability|p2a: Sunburnt|Intimidate|[of] p1a: Crobat
|-unboost|p1a: Crobat|atk|1
|turn|1
|
|move|p1a: Crobat|U-turn|p2a: Sunburnt
|-supereffective|p2a: Sunburnt
|-damage|p2a: Sunburnt|329\/381
|
|switch|p1a: Clawitzer|Clawitzer, F|346\/346
|move|p2a: Sunburnt|Dragon Tail|p1a: Clawitzer
|-damage|p1a: Clawitzer|288\/346
|drag|p1a: Hippowdon|Hippowdon, M|420\/420
|-weather|Sandstorm
|
|-weather|Sandstorm|[upkeep]
|-heal|p2a: Sunburnt|352\/381|[from] item: Leftovers
|turn|2
|
|move|p2a: Sunburnt|Stealth Rock|p1a: Hippowdon
|-sidestart|p1: BellyDrumZohan|move: Stealth Rock
|move|p1a: Hippowdon|Earthquake|p2a: Sunburnt
|-damage|p2a: Sunburnt|235\/381
|
|-weather|Sandstorm|[upkeep]
|-heal|p2a: Sunburnt|258\/381|[from] item: Leftovers
|turn|3
|
|move|p1a: Hippowdon|Stealth Rock|p2a: Sunburnt
|-sidestart|p2: Meth Is fun|move: Stealth Rock
|move|p2a: Sunburnt|Dragon Tail|p1a: Hippowdon
|-damage|p1a: Hippowdon|386\/420
|-damage|p2a: Sunburnt|195\/381|[from] item: Rocky Helmet|[of] p1a: Hippowdon
|drag|p1a: Lucario|Lucario, F|281\/281
|-damage|p1a: Lucario|273\/281|[from] Stealth Rock
|
|-weather|Sandstorm|[upkeep]
|-heal|p2a: Sunburnt|218\/381|[from] item: Leftovers
|turn|4
|
|switch|p1a: Florges|Florges, F|360\/360
|-damage|p1a: Florges|315\/360|[from] Stealth Rock
|move|p2a: Sunburnt|Earthquake|p1a: Florges
|-damage|p1a: Florges|137\/360
|
|-weather|Sandstorm|[upkeep]
|-damage|p1a: Florges|115\/360|[from] sandstorm
|-heal|p2a: Sunburnt|241\/381|[from] item: Leftovers
|-heal|p1a: Florges|137\/360|[from] item: Leftovers
|turn|5
|
|move|p2a: Sunburnt|Earthquake|p1a: Florges
|-damage|p1a: Florges|0 fnt
|faint|p1a: Florges
|
|-weather|none
|-heal|p2a: Sunburnt|264\/381|[from] item: Leftovers
|
|switch|p1a: Clawitzer|Clawitzer, F|288\/346
|-damage|p1a: Clawitzer|245\/346|[from] Stealth Rock
|turn|6
|
|switch|p2a: Arsenic|Tentacruel, F|364\/364
|-damage|p2a: Arsenic|319\/364|[from] Stealth Rock
|move|p1a: Clawitzer|Water Pulse|p2a: Arsenic
|-resisted|p2a: Arsenic
|-damage|p2a: Arsenic|215\/364
|-start|p2a: Arsenic|confusion
|
|-heal|p2a: Arsenic|237\/364|[from] item: Black Sludge
|turn|7
|
|switch|p1a: Lucario|Lucario, F|273\/281
|-damage|p1a: Lucario|265\/281|[from] Stealth Rock
|-activate|p2a: Arsenic|confusion
|move|p2a: Arsenic|Giga Drain|p1a: Lucario
|-resisted|p1a: Lucario
|-damage|p1a: Lucario|234\/281
|-heal|p2a: Arsenic|253\/364|[from] drain|[of] p1a: Lucario
|
|-heal|p2a: Arsenic|275\/364|[from] item: Black Sludge
|turn|8
|
|switch|p2a: Too Happy|Flygon, F|301\/301
|-damage|p2a: Too Happy|283\/301|[from] Stealth Rock
|move|p1a: Lucario|Nasty Plot|p1a: Lucario
|-boost|p1a: Lucario|spa|2
|
|turn|9
|
|switch|p1a: Crobat|Crobat, M|371\/371
|-damage|p1a: Crobat|279\/371|[from] Stealth Rock
|move|p2a: Too Happy|Earthquake|p1a: Crobat
|-immune|p1a: Crobat|[msg]
|
|-heal|p1a: Crobat|302\/371|[from] item: Black Sludge
|turn|10
|
|switch|p2a: Sunburnt|Krookodile, M|264\/381
|-damage|p2a: Sunburnt|241\/381|[from] Stealth Rock
|-ability|p2a: Sunburnt|Intimidate|[of] p1a: Crobat
|-unboost|p1a: Crobat|atk|1
|move|p1a: Crobat|Tailwind|p1a: Crobat
|-sidestart|p1: BellyDrumZohan|move: Tailwind
|
|-heal|p1a: Crobat|325\/371|[from] item: Black Sludge
|-heal|p2a: Sunburnt|264\/381|[from] item: Leftovers
|turn|11
|
|move|p1a: Crobat|U-turn|p2a: Sunburnt
|-supereffective|p2a: Sunburnt
|-damage|p2a: Sunburnt|210\/381
|
|switch|p1a: Krookodile|Krookodile, M|332\/332
|-damage|p1a: Krookodile|312\/332|[from] Stealth Rock
|move|p2a: Sunburnt|Knock Off|p1a: Krookodile
|-resisted|p1a: Krookodile
|-damage|p1a: Krookodile|226\/332
|-enditem|p1a: Krookodile|Life Orb|[from] move: Knock Off|[of] p2a: Sunburnt
|
|-heal|p2a: Sunburnt|233\/381|[from] item: Leftovers
|turn|12
|
|move|p1a: Krookodile|Earthquake|p2a: Sunburnt
|-damage|p2a: Sunburnt|101\/381
|move|p2a: Sunburnt|Dragon Tail|p1a: Krookodile
|-damage|p1a: Krookodile|158\/332
|drag|p1a: Lucario|Lucario, F|234\/281
|-damage|p1a: Lucario|226\/281|[from] Stealth Rock
|
|-heal|p2a: Sunburnt|124\/381|[from] item: Leftovers
|turn|13
|
|switch|p2a: Too Happy|Flygon, F|283\/301
|-damage|p2a: Too Happy|265\/301|[from] Stealth Rock
|move|p1a: Lucario|Aura Sphere|p2a: Too Happy
|-damage|p2a: Too Happy|57\/301
|-damage|p1a: Lucario|198\/281|[from] item: Life Orb
|
|-sideend|p1: BellyDrumZohan|move: Tailwind
|turn|14
|
|switch|p1a: Crobat|Crobat, M|325\/371
|-damage|p1a: Crobat|233\/371|[from] Stealth Rock
|move|p2a: Too Happy|Outrage|p1a: Crobat
|-damage|p1a: Crobat|95\/371
|
|-heal|p1a: Crobat|118\/371|[from] item: Black Sludge
|turn|15
|
|switch|p1a: Hippowdon|Hippowdon, M|386\/420
|-damage|p1a: Hippowdon|360\/420|[from] Stealth Rock
|-weather|Sandstorm
|move|p2a: Too Happy|Outrage|p1a: Hippowdon
|-damage|p1a: Hippowdon|243\/420
|-damage|p2a: Too Happy|7\/301|[from] item: Rocky Helmet|[of] p1a: Hippowdon
|
|-end|p2a: Too Happy|rampage
|-start|p2a: Too Happy|confusion
|-weather|Sandstorm|[upkeep]
|turn|16
|
|-activate|p2a: Too Happy|confusion
|-damage|p2a: Too Happy|0 fnt|[from] confusion
|faint|p2a: Too Happy
|move|p1a: Hippowdon|Slack Off|p1a: Hippowdon
|-heal|p1a: Hippowdon|420\/420
|
|-weather|Sandstorm|[upkeep]
|
|switch|p2a: Arsenic|Tentacruel, F|275\/364
|-damage|p2a: Arsenic|230\/364|[from] Stealth Rock
|turn|17
|
|move|p2a: Arsenic|Scald|p1a: Hippowdon
|-supereffective|p1a: Hippowdon
|-damage|p1a: Hippowdon|220\/420
|move|p1a: Hippowdon|Earthquake|p2a: Arsenic
|-supereffective|p2a: Arsenic
|-damage|p2a: Arsenic|0 fnt
|faint|p2a: Arsenic
|
|-weather|Sandstorm|[upkeep]
|
|switch|p2a: Jew Candle|Chandelure, M|324\/324
|-damage|p2a: Jew Candle|243\/324|[from] Stealth Rock
|turn|18
|
|switch|p1a: Crobat|Crobat, M|118\/371
|-damage|p1a: Crobat|26\/371|[from] Stealth Rock
|move|p2a: Jew Candle|Energy Ball|p1a: Crobat
|-resisted|p1a: Crobat
|-damage|p1a: Crobat|0 fnt
|faint|p1a: Crobat
|
|-weather|Sandstorm|[upkeep]
|-damage|p2a: Jew Candle|223\/324|[from] sandstorm
|
|switch|p1a: Lucario|Lucario, F|198\/281
|-damage|p1a: Lucario|190\/281|[from] Stealth Rock
|turn|19
|
|switch|p2a: Sunburnt|Krookodile, M|124\/381
|-damage|p2a: Sunburnt|101\/381|[from] Stealth Rock
|-ability|p2a: Sunburnt|Intimidate|[of] p1a: Lucario
|-unboost|p1a: Lucario|atk|1
|move|p1a: Lucario|Nasty Plot|p1a: Lucario
|-boost|p1a: Lucario|spa|2
|
|-weather|none
|-heal|p2a: Sunburnt|124\/381|[from] item: Leftovers
|turn|20
|
|move|p1a: Lucario|Aura Sphere|p2a: Sunburnt
|-supereffective|p2a: Sunburnt
|-damage|p2a: Sunburnt|0 fnt
|-damage|p1a: Lucario|162\/281|[from] item: Life Orb
|faint|p2a: Sunburnt
|
|
|switch|p2a: Jew Candle|Chandelure, M|223\/324
|-damage|p2a: Jew Candle|142\/324|[from] Stealth Rock
|turn|21
|
|move|p1a: Lucario|Shadow Ball|p2a: Jew Candle
|-supereffective|p2a: Jew Candle
|-damage|p2a: Jew Candle|0 fnt
|-damage|p1a: Lucario|134\/281|[from] item: Life Orb
|faint|p2a: Jew Candle
|
|
|switch|p2a: imma cheerleader|Hitmonlee, M|304\/304
|-damage|p2a: imma cheerleader|285\/304|[from] Stealth Rock
|turn|22
|
|move|p2a: imma cheerleader|Fake Out|p1a: Lucario
|-enditem|p2a: imma cheerleader|Normal Gem|[from] gem|[move] Fake Out
|-resisted|p1a: Lucario
|-damage|p1a: Lucario|89\/281
|cant|p1a: Lucario|flinch
|
|turn|23
|
|switch|p1a: Hippowdon|Hippowdon, M|220\/420
|-damage|p1a: Hippowdon|194\/420|[from] Stealth Rock
|-weather|Sandstorm
|move|p2a: imma cheerleader|Close Combat|p1a: Hippowdon
|-damage|p1a: Hippowdon|58\/420
|-damage|p2a: imma cheerleader|235\/304|[from] item: Rocky Helmet|[of] p1a: Hippowdon
|-unboost|p2a: imma cheerleader|def|1
|-unboost|p2a: imma cheerleader|spd|1
|
|-weather|Sandstorm|[upkeep]
|-damage|p2a: imma cheerleader|216\/304|[from] sandstorm
|turn|24
|
|move|p2a: imma cheerleader|Close Combat|p1a: Hippowdon
|-damage|p1a: Hippowdon|0 fnt
|-damage|p2a: imma cheerleader|166\/304|[from] item: Rocky Helmet|[of] p1a: Hippowdon
|-unboost|p2a: imma cheerleader|def|1
|-unboost|p2a: imma cheerleader|spd|1
|faint|p1a: Hippowdon
|
|-weather|Sandstorm|[upkeep]
|-damage|p2a: imma cheerleader|147\/304|[from] sandstorm
|
|switch|p1a: Krookodile|Krookodile, M|158\/332
|-damage|p1a: Krookodile|138\/332|[from] Stealth Rock
|turn|25
|
|move|p2a: imma cheerleader|Close Combat|p1a: Krookodile
|-crit|p1a: Krookodile
|-supereffective|p1a: Krookodile
|-damage|p1a: Krookodile|0 fnt
|-unboost|p2a: imma cheerleader|def|1
|-unboost|p2a: imma cheerleader|spd|1
|faint|p1a: Krookodile
|
|-weather|Sandstorm|[upkeep]
|-damage|p2a: imma cheerleader|128\/304|[from] sandstorm
|
|switch|p1a: Clawitzer|Clawitzer, F|245\/346
|-damage|p1a: Clawitzer|202\/346|[from] Stealth Rock
|turn|26
|
|move|p2a: imma cheerleader|Close Combat|p1a: Clawitzer
|-damage|p1a: Clawitzer|0 fnt
|-unboost|p2a: imma cheerleader|def|1
|-unboost|p2a: imma cheerleader|spd|1
|faint|p1a: Clawitzer
|
|-weather|Sandstorm|[upkeep]
|-damage|p2a: imma cheerleader|109\/304|[from] sandstorm
|
|switch|p1a: Lucario|Lucario, F|89\/281
|-damage|p1a: Lucario|81\/281|[from] Stealth Rock
|turn|27
|
|move|p2a: imma cheerleader|Close Combat|p1a: Lucario
|-supereffective|p1a: Lucario
|-damage|p1a: Lucario|0 fnt
|-unboost|p2a: imma cheerleader|def|1
|-unboost|p2a: imma cheerleader|spd|1
|faint|p1a: Lucario
|
|win|Meth Is fun
|raw|Ladder updating...
|raw|BellyDrumZohan's rating: 1349 &rarr; <strong>1327<\/strong><br \/>(-22 for losing)
|raw|Meth Is fun's rating: 1315 &rarr; <strong>1337<\/strong><br \/>(+22 for winning)
|chat|BellyDrumZohan|gg
|chat|Meth Is fun|gg
|leave|BellyDrumZohan
|player|p1