|join|CheckmateWeee
|join|BellyDrumZohan
|player|p1|CheckmateWeee|265
|player|p2|BellyDrumZohan|76
|gametype|singles
|gen|6
|tier|UU
|rated
|rule|Sleep Clause Mod: Limit one foe put to sleep
|rule|Species Clause: Limit one of each PokÃ©mon
|rule|OHKO Clause: OHKO moves are banned
|rule|Moody Clause: Moody is banned
|rule|Evasion Moves Clause: Evasion moves are banned
|rule|Endless Battle Clause: Forcing endless battles is banned
|rule|HP Percentage Mod: HP is shown in percentages
|clearpoke
|poke|p1|Sharpedo, F
|poke|p1|Machamp, M
|poke|p1|Reuniclus, M, shiny
|poke|p1|Froslass, F
|poke|p1|Swampert, F
|poke|p1|Spiritomb, M, shiny
|poke|p2|Swampert, M
|poke|p2|Kingdra, F
|poke|p2|Crobat, M
|poke|p2|Omastar, F
|poke|p2|Ludicolo, M
|poke|p2|Tornadus, M
|rule|Swagger Clause: Swagger is banned
|rule|Baton Pass Clause: Limit one PokÃ©mon knowing Baton Pass
|teampreview
|
|start
|switch|p1a: Froslass|Froslass, F|344\/344
|switch|p2a: Tornadus|Tornadus, M|301\/301
|turn|1
|
|move|p2a: Tornadus|Taunt|p1a: Froslass
|-start|p1a: Froslass|move: Taunt
|cant|p1a: Froslass|move: Taunt|Spikes
|
|turn|2
|
|move|p2a: Tornadus|Rain Dance|p2a: Tornadus
|-weather|RainDance
|move|p1a: Froslass|Icy Wind|p2a: Tornadus
|-supereffective|p2a: Tornadus
|-damage|p2a: Tornadus|161\/301
|-unboost|p2a: Tornadus|spe|1
|
|-weather|RainDance|[upkeep]
|turn|3
|
|move|p1a: Froslass|Icy Wind|p2a: Tornadus
|-crit|p2a: Tornadus
|-supereffective|p2a: Tornadus
|-damage|p2a: Tornadus|0 fnt
|faint|p2a: Tornadus
|
|-weather|RainDance|[upkeep]
|-end|p1a: Froslass|move: Taunt
|
|switch|p2a: Kingdra|Kingdra, F|297\/297
|turn|4
|
|move|p2a: Kingdra|Surf|p1a: Froslass
|-enditem|p1a: Froslass|Focus Sash
|-damage|p1a: Froslass|1\/344
|move|p1a: Froslass|Destiny Bond|p1a: Froslass
|-singlemove|p1a: Froslass|Destiny Bond
|
|-weather|RainDance|[upkeep]
|turn|5
|
|switch|p2a: Omastar|Omastar, F|281\/281
|move|p1a: Froslass|Icy Wind|p2a: Omastar
|-resisted|p2a: Omastar
|-damage|p2a: Omastar|243\/281
|-unboost|p2a: Omastar|spe|1
|
|-weather|RainDance|[upkeep]
|turn|6
|
|move|p1a: Froslass|Destiny Bond|p1a: Froslass
|-singlemove|p1a: Froslass|Destiny Bond
|move|p2a: Omastar|Stealth Rock|p1a: Froslass
|-sidestart|p1: CheckmateWeee|move: Stealth Rock
|
|-weather|RainDance|[upkeep]
|turn|7
|
|move|p1a: Froslass|Spikes|p2a: Omastar
|-sidestart|p2: BellyDrumZohan|Spikes
|move|p2a: Omastar|Scald|p1a: Froslass
|-damage|p1a: Froslass|0 fnt
|faint|p1a: Froslass
|
|-weather|RainDance|[upkeep]
|
|switch|p1a: Reuniclus|Reuniclus, M, shiny|409\/409
|turn|8
|
|switch|p2a: Swampert|Swampert, M|341\/341
|-damage|p2a: Swampert|299\/341|[from] Spikes
|move|p1a: Reuniclus|Trick Room|p1a: Reuniclus
|-fieldstart|move: Trick Room|[of] p1a: Reuniclus
|
|-weather|RainDance|[upkeep]
|turn|9
|
|detailschange|p2a: Swampert|Swampert-Mega, M
|-mega|p2a: Swampert|Swampert|Swampertite
|move|p1a: Reuniclus|Psyshock|p2a: Swampert
|-damage|p2a: Swampert|104\/341
|move|p2a: Swampert|Waterfall|p1a: Reuniclus
|-damage|p1a: Reuniclus|96\/409
|
|-weather|none
|turn|10
|
|switch|p2a: Omastar|Omastar, F|243\/281
|-damage|p2a: Omastar|208\/281|[from] Spikes
|move|p1a: Reuniclus|Psyshock|p2a: Omastar
|-damage|p2a: Omastar|44\/281
|
|turn|11
|
|move|p1a: Reuniclus|Psyshock|p2a: Omastar
|-damage|p2a: Omastar|0 fnt
|faint|p2a: Omastar
|
|
|switch|p2a: Kingdra|Kingdra, F|297\/297
|-damage|p2a: Kingdra|260\/297|[from] Spikes
|turn|12
|
|move|p1a: Reuniclus|Psyshock|p2a: Kingdra
|-damage|p2a: Kingdra|61\/297
|move|p2a: Kingdra|Surf|p1a: Reuniclus
|-damage|p1a: Reuniclus|0 fnt
|faint|p1a: Reuniclus
|
|-fieldend|move: Trick Room
|
|switch|p1a: Sharpedo|Sharpedo, F|281\/281
|-damage|p1a: Sharpedo|246\/281|[from] Stealth Rock
|turn|13
|
|switch|p2a: Crobat|Crobat, M|373\/373
|move|p1a: Sharpedo|Crunch|p2a: Crobat
|-damage|p2a: Crobat|198\/373
|
|-boost|p1a: Sharpedo|spe|1|[from] ability: Speed Boost
|turn|14
|
|move|p1a: Sharpedo|Protect|p1a: Sharpedo
|-singleturn|p1a: Sharpedo|Protect
|move|p2a: Crobat|Brave Bird|p1a: Sharpedo
|-activate|p1a: Sharpedo|Protect
|
|-boost|p1a: Sharpedo|spe|1|[from] ability: Speed Boost
|turn|15
|
|detailschange|p1a: Sharpedo|Sharpedo-Mega, F
|-mega|p1a: Sharpedo|Sharpedo|Sharpedonite
|move|p1a: Sharpedo|Crunch|p2a: Crobat
|-damage|p2a: Crobat|0 fnt
|faint|p2a: Crobat
|
|
|switch|p2a: Ludicolo|Ludicolo, M|301\/301
|-damage|p2a: Ludicolo|264\/301|[from] Spikes
|turn|16
|
|move|p1a: Sharpedo|Crunch|p2a: Ludicolo
|-damage|p2a: Ludicolo|0 fnt
|faint|p2a: Ludicolo
|
|c|âBellyDrumZohan|gg
|-message|BellyDrumZohan forfeited.
|
|win|CheckmateWeee
|raw|Ladder updating...
|leave|BellyDrumZohan
|player|p2