|join|Pleasure Kitten
|join|BellyDrumZohan
|player|p1|Pleasure Kitten|39
|player|p2|BellyDrumZohan|76
|gametype|singles
|gen|6
|tier|UU
|rated
|rule|Sleep Clause Mod: Limit one foe put to sleep
|rule|Species Clause: Limit one of each Pokemon
|rule|OHKO Clause: OHKO moves are banned
|rule|Moody Clause: Moody is banned
|rule|Evasion Moves Clause: Evasion moves are banned
|rule|Endless Battle Clause: Forcing endless battles is banned.
|rule|HP Percentage Mod: HP is reported as percentages
|clearpoke
|poke|p1|Entei, shiny
|poke|p1|Roserade, F
|poke|p1|Blastoise, M
|poke|p1|Krookodile, F
|poke|p1|Crobat, M
|poke|p1|Heracross, M
|poke|p2|Machamp, M
|poke|p2|Porygon2
|poke|p2|Swampert, F
|poke|p2|Scrafty, M
|poke|p2|Tropius, F
|poke|p2|Slowbro, M
|teampreview
|
|start
|switch|p1a: Roserade|Roserade, F|261\/261
|switch|p2a: Slowbro|Slowbro, M|394\/394
|turn|1
|
|switch|p2a: Porygon2|Porygon2|374\/374
|-ability|p2a: Porygon2|Natural Cure|[from] ability: Trace|[of] p1a: Roserade
|move|p1a: Roserade|Sleep Powder|p2a: Porygon2
|-status|p2a: Porygon2|slp
|
|turn|2
|
|switch|p2a: Slowbro|Slowbro, M|394\/394
|move|p1a: Roserade|Spikes|p2a: Slowbro
|-sidestart|p2: BellyDrumZohan|Spikes
|
|turn|3
|
|move|p1a: Roserade|Sleep Powder|p2a: Slowbro
|-status|p2a: Slowbro|slp
|cant|p2a: Slowbro|slp
|
|turn|4
|join|YMAS2
|
|switch|p2a: Porygon2|Porygon2|374\/374
|-damage|p2a: Porygon2|328\/374|[from] Spikes
|-ability|p2a: Porygon2|Natural Cure|[from] ability: Trace|[of] p1a: Roserade
|move|p1a: Roserade|Giga Drain|p2a: Porygon2
|-damage|p2a: Porygon2|249\/374
|-damage|p1a: Roserade|235\/261|[from] item: Life Orb
|
|turn|5
|
|switch|p1a: Blastoise|Blastoise, M|362\/362
|move|p2a: Porygon2|Trick Room|p2a: Porygon2
|-fieldstart|move: Trick Room|[of] p2a: Porygon2
|
|turn|6
|
|switch|p2a: Machamp|Machamp, M|384\/384
|-damage|p2a: Machamp|336\/384|[from] Spikes
|-formechange|p1a: Blastoise|Blastoise-Mega
|message|Blastoise has Mega Evolved into Mega Blastoise!
|move|p1a: Blastoise|Aura Sphere|p2a: Machamp
|-damage|p2a: Machamp|159\/384
|
|turn|7
|
|move|p2a: Machamp|Stone Edge|p1a: Blastoise
|-crit|p1a: Blastoise
|-damage|p1a: Blastoise|132\/362
|move|p1a: Blastoise|Water Pulse|p2a: Machamp
|-damage|p2a: Machamp|0 fnt
|faint|p2a: Machamp
|
|
|switch|p2a: Scrafty|Scrafty, M|334\/334
|-damage|p2a: Scrafty|293\/334|[from] Spikes
|turn|8
|
|move|p2a: Scrafty|Drain Punch|p1a: Blastoise
|-damage|p1a: Blastoise|32\/362
|-heal|p2a: Scrafty|334\/334|[from] drain|[of] p1a: Blastoise
|move|p1a: Blastoise|Water Pulse|p2a: Scrafty
|-damage|p2a: Scrafty|217\/334
|
|turn|9
|
|switch|p1a: Crobat|Crobat, M|373\/373
|move|p2a: Scrafty|Drain Punch|p1a: Crobat
|-resisted|p1a: Crobat
|-damage|p1a: Crobat|341\/373
|-heal|p2a: Scrafty|233\/334|[from] drain|[of] p1a: Crobat
|
|-heal|p1a: Crobat|364\/373|[from] item: Black Sludge
|-fieldend|move: Trick Room
|turn|10
|
|switch|p2a: Swampert|Swampert, F|404\/404
|-damage|p2a: Swampert|354\/404|[from] Spikes
|move|p1a: Crobat|Brave Bird|p2a: Swampert
|-damage|p2a: Swampert|245\/404
|-damage|p1a: Crobat|328\/373|[from] recoil|[of] p2a: Swampert
|
|-heal|p1a: Crobat|351\/373|[from] item: Black Sludge
|-heal|p2a: Swampert|270\/404|[from] item: Leftovers
|turn|11
|
|move|p1a: Crobat|Toxic|p2a: Swampert
|-status|p2a: Swampert|tox
|move|p2a: Swampert|Stealth Rock|p1a: Crobat
|-sidestart|p1: Pleasure Kitten|move: Stealth Rock
|
|-heal|p1a: Crobat|373\/373|[from] item: Black Sludge
|-heal|p2a: Swampert|295\/404 tox|[from] item: Leftovers
|-damage|p2a: Swampert|270\/404 tox|[from] psn
|turn|12
|
|switch|p1a: Blastoise|Blastoise, M|32\/362
|-formechange|p1a: Blastoise|Blastoise-Mega
|-damage|p1a: Blastoise|0 fnt|[from] Stealth Rock
|faint|p1a: Blastoise
|move|p2a: Swampert|Roar|p1: Blastoise|[notarget]
|-notarget
|
|-heal|p2a: Swampert|295\/404 tox|[from] item: Leftovers
|-damage|p2a: Swampert|245\/404 tox|[from] psn
|
|switch|p1a: Heracross|Heracross, M|302\/302
|-damage|p1a: Heracross|265\/302|[from] Stealth Rock
|turn|13
|
|move|p1a: Heracross|Megahorn|p2a: Swampert
|-damage|p2a: Swampert|89\/404 tox
|move|p2a: Swampert|Roar|p1a: Heracross
|drag|p1a: Roserade|Roserade, F|235\/261
|-damage|p1a: Roserade|203\/261|[from] Stealth Rock
|
|-heal|p2a: Swampert|114\/404 tox|[from] item: Leftovers
|-damage|p2a: Swampert|39\/404 tox|[from] psn
|turn|14
|
|move|p1a: Roserade|Giga Drain|p2a: Swampert
|-supereffective|p2a: Swampert
|-damage|p2a: Swampert|0 fnt
|-heal|p1a: Roserade|223\/261|[from] drain|[of] p2a: Swampert
|-damage|p1a: Roserade|197\/261|[from] item: Life Orb
|faint|p2a: Swampert
|
|
|switch|p2a: Porygon2|Porygon2|249\/374
|-damage|p2a: Porygon2|203\/374|[from] Spikes
|-ability|p2a: Porygon2|Natural Cure|[from] ability: Trace|[of] p1a: Roserade
|turn|15
|
|move|p1a: Roserade|Sludge Bomb|p2a: Porygon2
|-damage|p2a: Porygon2|106\/374
|-status|p2a: Porygon2|psn
|-damage|p1a: Roserade|171\/261|[from] item: Life Orb
|move|p2a: Porygon2|Recover|p2a: Porygon2
|-heal|p2a: Porygon2|293\/374 psn
|
|-damage|p2a: Porygon2|247\/374 psn|[from] psn
|turn|16
|
|switch|p1a: Heracross|Heracross, M|265\/302
|-damage|p1a: Heracross|228\/302|[from] Stealth Rock
|move|p2a: Porygon2|Trick Room|p2a: Porygon2
|-fieldstart|move: Trick Room|[of] p2a: Porygon2
|
|-damage|p2a: Porygon2|201\/374 psn|[from] psn
|turn|17
|
|move|p2a: Porygon2|Ice Beam|p1a: Heracross
|-damage|p1a: Heracross|148\/302
|move|p1a: Heracross|Knock Off|p2a: Porygon2
|-damage|p2a: Porygon2|124\/374 psn
|-enditem|p2a: Porygon2|Eviolite|[from] move: Knock Off|[of] p1a: Heracross
|
|-damage|p2a: Porygon2|78\/374 psn|[from] psn
|turn|18
|
|move|p2a: Porygon2|Recover|p2a: Porygon2
|-heal|p2a: Porygon2|265\/374 psn
|move|p1a: Heracross|Knock Off|p2a: Porygon2
|-damage|p2a: Porygon2|177\/374 psn
|
|-damage|p2a: Porygon2|131\/374 psn|[from] psn
|turn|19
|
|move|p2a: Porygon2|Recover|p2a: Porygon2
|-heal|p2a: Porygon2|318\/374 psn
|move|p1a: Heracross|Knock Off|p2a: Porygon2
|-damage|p2a: Porygon2|240\/374 psn
|
|-damage|p2a: Porygon2|194\/374 psn|[from] psn
|turn|20
|
|switch|p1a: Entei|Entei, shiny|372\/372
|-damage|p1a: Entei|279\/372|[from] Stealth Rock
|-ability|p1a: Entei|Pressure
|move|p2a: Porygon2|Recover|p2a: Porygon2
|-heal|p2a: Porygon2|374\/374 psn
|
|-damage|p2a: Porygon2|328\/374 psn|[from] psn
|-fieldend|move: Trick Room
|turn|21
|
|move|p1a: Entei|Sacred Fire|p2a: Porygon2
|-damage|p2a: Porygon2|40\/374 psn
|move|p2a: Porygon2|Trick Room|p2a: Porygon2
|-fieldstart|move: Trick Room|[of] p2a: Porygon2
|
|-damage|p2a: Porygon2|0 fnt|[from] psn
|faint|p2a: Porygon2
|
|switch|p2a: Scrafty|Scrafty, M|233\/334
|-damage|p2a: Scrafty|192\/334|[from] Spikes
|turn|22
|
|switch|p1a: Krookodile|Krookodile, F|394\/394
|-damage|p1a: Krookodile|370\/394|[from] Stealth Rock
|-ability|p1a: Krookodile|Intimidate|[of] p2a: Scrafty
|-unboost|p2a: Scrafty|atk|1
|move|p2a: Scrafty|Knock Off|p1a: Krookodile
|-crit|p1a: Krookodile
|-resisted|p1a: Krookodile
|-damage|p1a: Krookodile|273\/394
|-enditem|p1a: Krookodile|Leftovers|[from] move: Knock Off|[of] p2a: Scrafty
|
|turn|23
|
|move|p2a: Scrafty|Drain Punch|p1a: Krookodile
|-supereffective|p1a: Krookodile
|-damage|p1a: Krookodile|151\/394
|-heal|p2a: Scrafty|253\/334|[from] drain|[of] p1a: Krookodile
|move|p1a: Krookodile|Stealth Rock|p2a: Scrafty
|-sidestart|p2: BellyDrumZohan|move: Stealth Rock
|
|turn|24
|
|switch|p1a: Crobat|Crobat, M|373\/373
|-damage|p1a: Crobat|280\/373|[from] Stealth Rock
|move|p2a: Scrafty|Knock Off|p1a: Crobat
|-damage|p1a: Crobat|165\/373
|-enditem|p1a: Crobat|Black Sludge|[from] move: Knock Off|[of] p2a: Scrafty
|
|turn|25
|
|switch|p2a: Slowbro|Slowbro, M|394\/394 slp
|-damage|p2a: Slowbro|345\/394 slp|[from] Spikes
|-damage|p2a: Slowbro|296\/394 slp|[from] Stealth Rock
|move|p1a: Crobat|Roost|p1a: Crobat
|-heal|p1a: Crobat|352\/373
|
|-heal|p2a: Slowbro|320\/394 slp|[from] item: Leftovers
|-fieldend|move: Trick Room
|turn|26
|
|switch|p1a: Roserade|Roserade, F|171\/261
|-damage|p1a: Roserade|139\/261|[from] Stealth Rock
|-curestatus|p2a: Slowbro|slp
|move|p2a: Slowbro|Trick Room|p2a: Slowbro
|-fieldstart|move: Trick Room|[of] p2a: Slowbro
|
|-heal|p2a: Slowbro|344\/394|[from] item: Leftovers
|turn|27
|
|switch|p1a: Krookodile|Krookodile, F|151\/394
|-damage|p1a: Krookodile|127\/394|[from] Stealth Rock
|-ability|p1a: Krookodile|Intimidate|[of] p2a: Slowbro
|-unboost|p2a: Slowbro|atk|1
|move|p2a: Slowbro|Psychic|p1a: Krookodile
|-immune|p1a: Krookodile|[msg]
|
|-heal|p2a: Slowbro|368\/394|[from] item: Leftovers
|turn|28
|
|move|p2a: Slowbro|Scald|p1a: Krookodile
|-supereffective|p1a: Krookodile
|-damage|p1a: Krookodile|0 fnt
|faint|p1a: Krookodile
|
|-heal|p2a: Slowbro|392\/394|[from] item: Leftovers
|
|switch|p1a: Crobat|Crobat, M|352\/373
|-damage|p1a: Crobat|259\/373|[from] Stealth Rock
|turn|29
|
|move|p2a: Slowbro|Psychic|p1a: Crobat
|-supereffective|p1a: Crobat
|-damage|p1a: Crobat|11\/373
|move|p1a: Crobat|Roost|p1a: Crobat
|-heal|p1a: Crobat|198\/373
|
|-heal|p2a: Slowbro|394\/394|[from] item: Leftovers
|turn|30
|
|switch|p1a: Heracross|Heracross, M|148\/302
|-damage|p1a: Heracross|111\/302|[from] Stealth Rock
|move|p2a: Slowbro|Scald|p1a: Heracross
|-damage|p1a: Heracross|18\/302
|
|-fieldend|move: Trick Room
|turn|31
|
|move|p1a: Heracross|Megahorn|p2a: Slowbro|[miss]
|-miss|p1a: Heracross|p2a: Slowbro
|move|p2a: Slowbro|Trick Room|p2a: Slowbro
|-fieldstart|move: Trick Room|[of] p2a: Slowbro
|
|turn|32
|chat|Pleasure Kitten|.
|
|move|p2a: Slowbro|Psychic|p1a: Heracross
|-supereffective|p1a: Heracross
|-damage|p1a: Heracross|0 fnt
|faint|p1a: Heracross
|
|
|switch|p1a: Entei|Entei, shiny|279\/372
|-damage|p1a: Entei|186\/372|[from] Stealth Rock
|-ability|p1a: Entei|Pressure
|turn|33
|
|move|p1a: Entei|Extreme Speed|p2a: Slowbro
|-damage|p2a: Slowbro|296\/394
|move|p2a: Slowbro|Scald|p1a: Entei
|-crit|p1a: Entei
|-supereffective|p1a: Entei
|-damage|p1a: Entei|0 fnt
|faint|p1a: Entei
|
|-heal|p2a: Slowbro|320\/394|[from] item: Leftovers
|
|switch|p1a: Crobat|Crobat, M|198\/373
|-damage|p1a: Crobat|105\/373|[from] Stealth Rock
|turn|34
|chat|Pleasure Kitten|that is such bullshit
|
|move|p2a: Slowbro|Psychic|p1a: Crobat
|-supereffective|p1a: Crobat
|-damage|p1a: Crobat|0 fnt
|faint|p1a: Crobat
|
|-heal|p2a: Slowbro|344\/394|[from] item: Leftovers
|
|switch|p1a: Roserade|Roserade, F|139\/261
|-damage|p1a: Roserade|107\/261|[from] Stealth Rock
|turn|35
|
|move|p2a: Slowbro|Psychic|p1a: Roserade
|-supereffective|p1a: Roserade
|-damage|p1a: Roserade|0 fnt
|faint|p1a: Roserade
|
|win|BellyDrumZohan
|raw|Ladder updating...
|raw|Pleasure Kitten's rating: 1639 &rarr; <strong>1610<\/strong><br \/>(-29 for losing)
|raw|BellyDrumZohan's rating: 1472 &rarr; <strong>1501<\/strong><br \/>(+29 for winning)
|leave|Pleasure Kitten
|player|p1
|leave|YMAS2