|join|islamisdabomb
|join|BellyDrumZohan
|player|p1|islamisdabomb|275
|player|p2|BellyDrumZohan|76
|gametype|singles
|gen|6
|tier|UU
|rated
|rule|Sleep Clause Mod: Limit one foe put to sleep
|rule|Species Clause: Limit one of each PokÃ©mon
|rule|OHKO Clause: OHKO moves are banned
|rule|Moody Clause: Moody is banned
|rule|Evasion Moves Clause: Evasion moves are banned
|rule|Endless Battle Clause: Forcing endless battles is banned
|rule|HP Percentage Mod: HP is shown in percentages
|clearpoke
|poke|p1|Lucario, F
|poke|p1|Trevenant, M
|poke|p1|Swampert, M
|poke|p1|Flygon, M
|poke|p1|Rotom-Heat
|poke|p1|Starmie
|poke|p2|Swampert, F
|poke|p2|Kingdra, M
|poke|p2|Crobat, M
|poke|p2|Omastar, M
|poke|p2|Ludicolo, M
|poke|p2|Tornadus, M
|rule|Swagger Clause: Swagger is banned
|rule|Baton Pass Clause: Limit one PokÃ©mon knowing Baton Pass
|teampreview
|
|start
|switch|p1a: Trevenant|Trevenant, M|373\/373
|switch|p2a: Omastar|Omastar, M|281\/281
|turn|1
|
|move|p2a: Omastar|Stealth Rock|p1a: Trevenant
|-sidestart|p1: islamisdabomb|move: Stealth Rock
|move|p1a: Trevenant|Horn Leech|p2a: Omastar
|-supereffective|p2a: Omastar
|-enditem|p2a: Omastar|Focus Sash
|-damage|p2a: Omastar|1\/281
|
|turn|2
|
|move|p2a: Omastar|Stealth Rock|p1a: Trevenant
|-fail|p1a: Trevenant
|move|p1a: Trevenant|Shadow Claw|p2a: Omastar
|-damage|p2a: Omastar|0 fnt
|faint|p2a: Omastar
|
|c|âBellyDrumZohan|missclick :S
|
|switch|p2a: Tornadus|Tornadus, M|301\/301
|turn|3
|
|switch|p1a: Rotom-Heat|Rotom-Heat|303\/303
|-damage|p1a: Rotom-Heat|228\/303|[from] Stealth Rock
|move|p2a: Tornadus|Rain Dance|p2a: Tornadus
|-weather|RainDance
|
|-weather|RainDance|[upkeep]
|turn|4
|
|move|p2a: Tornadus|U-turn|p1a: Rotom-Heat
|-resisted|p1a: Rotom-Heat
|-damage|p1a: Rotom-Heat|201\/303
|
|switch|p2a: Ludicolo|Ludicolo, M|301\/301
|move|p1a: Rotom-Heat|Volt Switch|p2a: Ludicolo
|-damage|p2a: Ludicolo|214\/301
|
|switch|p1a: Trevenant|Trevenant, M|373\/373
|-damage|p1a: Trevenant|327\/373|[from] Stealth Rock
|
|-weather|RainDance|[upkeep]
|turn|5
|
|move|p2a: Ludicolo|Ice Beam|p1a: Trevenant
|-supereffective|p1a: Trevenant
|-damage|p1a: Trevenant|119\/373
|-damage|p2a: Ludicolo|184\/301|[from] item: Life Orb
|-enditem|p1a: Trevenant|Sitrus Berry|[eat]
|-heal|p1a: Trevenant|212\/373|[from] item: Sitrus Berry
|move|p1a: Trevenant|Horn Leech|p2a: Ludicolo
|-damage|p2a: Ludicolo|57\/301
|-heal|p1a: Trevenant|276\/373|[from] drain|[of] p2a: Ludicolo
|
|-weather|RainDance|[upkeep]
|-item|p1a: Trevenant|Sitrus Berry|[from] ability: Harvest
|turn|6
|
|switch|p2a: Crobat|Crobat, M|373\/373
|move|p1a: Trevenant|Shadow Claw|p2a: Crobat
|-damage|p2a: Crobat|274\/373
|
|-weather|RainDance|[upkeep]
|turn|7
|
|switch|p1a: Swampert|Swampert, M|403\/403
|-damage|p1a: Swampert|378\/403|[from] Stealth Rock
|move|p2a: Crobat|Brave Bird|p1a: Swampert
|-damage|p1a: Swampert|284\/403
|-damage|p2a: Crobat|243\/373|[from] recoil|[of] p1a: Swampert
|
|-weather|RainDance|[upkeep]
|-heal|p1a: Swampert|309\/403|[from] item: Leftovers
|turn|8
|
|move|p2a: Crobat|U-turn|p1a: Swampert
|-damage|p1a: Swampert|269\/403
|
|switch|p2a: Kingdra|Kingdra, M|297\/297
|move|p1a: Swampert|Scald|p2a: Kingdra
|-resisted|p2a: Kingdra
|-damage|p2a: Kingdra|264\/297
|-status|p2a: Kingdra|brn
|
|-weather|RainDance|[upkeep]
|-heal|p1a: Swampert|294\/403|[from] item: Leftovers
|-damage|p2a: Kingdra|227\/297 brn|[from] brn
|turn|9
|
|move|p2a: Kingdra|Hydro Pump|p1a: Swampert
|-damage|p1a: Swampert|0 fnt
|faint|p1a: Swampert
|
|-weather|RainDance|[upkeep]
|-damage|p2a: Kingdra|190\/297 brn|[from] brn
|
|switch|p1a: Trevenant|Trevenant, M|276\/373
|-damage|p1a: Trevenant|230\/373|[from] Stealth Rock
|turn|10
|
|move|p2a: Kingdra|Hydro Pump|p1a: Trevenant
|-resisted|p1a: Trevenant
|-damage|p1a: Trevenant|83\/373
|-enditem|p1a: Trevenant|Sitrus Berry|[eat]
|-heal|p1a: Trevenant|176\/373|[from] item: Sitrus Berry
|move|p1a: Trevenant|Horn Leech|p2a: Kingdra
|-damage|p2a: Kingdra|96\/297 brn
|-heal|p1a: Trevenant|223\/373|[from] drain|[of] p2a: Kingdra
|
|-weather|none
|-damage|p2a: Kingdra|59\/297 brn|[from] brn
|turn|11
|
|switch|p2a: Crobat|Crobat, M|243\/373
|move|p1a: Trevenant|Substitute|p1a: Trevenant
|-start|p1a: Trevenant|Substitute
|-damage|p1a: Trevenant|130\/373
|
|-item|p1a: Trevenant|Sitrus Berry|[from] ability: Harvest
|-enditem|p1a: Trevenant|Sitrus Berry|[eat]
|-heal|p1a: Trevenant|223\/373|[from] item: Sitrus Berry
|turn|12
|
|move|p2a: Crobat|Brave Bird|p1a: Trevenant
|-supereffective|p1a: Trevenant
|-damage|p1a: Trevenant|0 fnt
|-damage|p2a: Crobat|169\/373|[from] recoil|[of] p1a: Trevenant
|faint|p1a: Trevenant
|
|
|switch|p1a: Flygon|Flygon, M|301\/301
|-damage|p1a: Flygon|283\/301|[from] Stealth Rock
|turn|13
|
|move|p1a: Flygon|Dragon Claw|p2a: Crobat
|-damage|p2a: Crobat|33\/373
|move|p2a: Crobat|Rain Dance|p2a: Crobat
|-weather|RainDance
|
|-weather|RainDance|[upkeep]
|turn|14
|
|move|p1a: Flygon|Dragon Claw|p2a: Crobat
|-damage|p2a: Crobat|0 fnt
|faint|p2a: Crobat
|
|-weather|RainDance|[upkeep]
|
|switch|p2a: Swampert|Swampert, F|341\/341
|turn|15
|
|detailschange|p2a: Swampert|Swampert-Mega, F
|-mega|p2a: Swampert|Swampert|Swampertite
|move|p1a: Flygon|Dragon Claw|p2a: Swampert
|-damage|p2a: Swampert|227\/341
|move|p2a: Swampert|Power-Up Punch|p1a: Flygon
|-damage|p1a: Flygon|208\/301
|-boost|p2a: Swampert|atk|1
|
|-weather|RainDance|[upkeep]
|turn|16
|
|move|p1a: Flygon|Dragon Claw|p2a: Swampert
|-damage|p2a: Swampert|113\/341
|move|p2a: Swampert|Ice Punch|p1a: Flygon
|-supereffective|p1a: Flygon
|-damage|p1a: Flygon|0 fnt
|faint|p1a: Flygon
|
|-weather|RainDance|[upkeep]
|
|switch|p1a: Starmie|Starmie|261\/261
|-damage|p1a: Starmie|229\/261|[from] Stealth Rock
|turn|17
|
|move|p2a: Swampert|Earthquake|p1a: Starmie
|-damage|p1a: Starmie|0 fnt
|faint|p1a: Starmie
|
|-weather|RainDance|[upkeep]
|
|switch|p1a: Lucario|Lucario, F|281\/281
|-damage|p1a: Lucario|273\/281|[from] Stealth Rock
|turn|18
|
|move|p1a: Lucario|Vacuum Wave|p2a: Swampert
|-damage|p2a: Swampert|35\/341
|-damage|p1a: Lucario|245\/281|[from] item: Life Orb
|move|p2a: Swampert|Earthquake|p1a: Lucario
|-supereffective|p1a: Lucario
|-damage|p1a: Lucario|0 fnt
|faint|p1a: Lucario
|
|-weather|RainDance|[upkeep]
|c|âislamisdabomb|gg
|c|âBellyDrumZohan|gg
|-message|islamisdabomb forfeited.
|leave|islamisdabomb
|
|win|BellyDrumZohan
|raw|Ladder updating...
|raw|islamisdabomb's rating: 1286 &rarr; <strong>1263<\/strong><br \/>(-23 for losing)
|raw|BellyDrumZohan's rating: 1304 &rarr; <strong>1323<\/strong><br \/>(+19 for winning)
|player|p1