|join|MaryLa
|join|BellyDrumZohan
|player|p1|MaryLa|289
|player|p2|BellyDrumZohan|76
|gametype|singles
|gen|6
|tier|UU
|rated
|rule|Sleep Clause Mod: Limit one foe put to sleep
|rule|Species Clause: Limit one of each Pokemon
|rule|OHKO Clause: OHKO moves are banned
|rule|Moody Clause: Moody is banned
|rule|Swagger Clause: Swagger is banned
|rule|Evasion Moves Clause: Evasion moves are banned
|rule|Endless Battle Clause: Forcing endless battles is banned
|rule|HP Percentage Mod: HP is reported as percentages
|clearpoke
|poke|p1|Whimsicott, F
|poke|p1|Donphan, M
|poke|p1|Gourgeist-*, F, shiny
|poke|p1|Blissey, F
|poke|p1|Absol, F, shiny
|poke|p1|Rotom-Heat
|poke|p2|Trevenant, F
|poke|p2|Blissey, F
|poke|p2|Scrafty, M
|poke|p2|Starmie
|poke|p2|Infernape, M
|poke|p2|Galvantula, M
|rule|Baton Pass Clause: Limit 3 pokemon knowing Baton Pass
|teampreview
|
|start
|switch|p1a: Free Hugs!|Rotom-Heat|304\/304
|switch|p2a: Infernape|Infernape, M|293\/293
|turn|1
|
|move|p2a: Infernape|Fake Out|p1a: Free Hugs!
|-damage|p1a: Free Hugs!|267\/304
|cant|p1a: Free Hugs!|flinch
|
|turn|2
|
|move|p2a: Infernape|Stealth Rock|p1a: Free Hugs!
|-sidestart|p1: MaryLa|move: Stealth Rock
|move|p1a: Free Hugs!|Trick|p2a: Infernape
|-activate|p1a: Free Hugs!|move: Trick|[of] p2a: Infernape
|-item|p2a: Infernape|Choice Specs|[from] move: Trick
|-item|p1a: Free Hugs!|Focus Sash|[from] move: Trick
|
|turn|3
|
|move|p2a: Infernape|Overheat|p1a: Free Hugs!
|-resisted|p1a: Free Hugs!
|-damage|p1a: Free Hugs!|137\/304
|-unboost|p2a: Infernape|spa|2
|move|p1a: Free Hugs!|Trick|p2a: Infernape
|-activate|p1a: Free Hugs!|move: Trick|[of] p2a: Infernape
|-item|p2a: Infernape|Focus Sash|[from] move: Trick
|-item|p1a: Free Hugs!|Choice Specs|[from] move: Trick
|
|turn|4
|chat|MaryLa|...
|chat|MaryLa|didn't expect that.
|
|move|p2a: Infernape|Close Combat|p1a: Free Hugs!
|-damage|p1a: Free Hugs!|0 fnt
|-unboost|p2a: Infernape|def|1
|-unboost|p2a: Infernape|spd|1
|faint|p1a: Free Hugs!
|
|
|switch|p1a: Tire|Donphan, M|384\/384
|-damage|p1a: Tire|360\/384|[from] Stealth Rock
|turn|5
|
|switch|p2a: Scrafty|Scrafty, M|334\/334
|move|p1a: Tire|Knock Off|p2a: Scrafty
|-resisted|p2a: Scrafty
|-damage|p2a: Scrafty|315\/334
|-enditem|p2a: Scrafty|Leftovers|[from] move: Knock Off|[of] p1a: Tire
|
|-heal|p1a: Tire|384\/384|[from] item: Leftovers
|turn|6
|
|move|p2a: Scrafty|Bulk Up|p2a: Scrafty
|-boost|p2a: Scrafty|atk|1
|-boost|p2a: Scrafty|def|1
|move|p1a: Tire|Rapid Spin|p2a: Scrafty
|-damage|p2a: Scrafty|303\/334
|-sideend|p1: MaryLa|Stealth Rock|[from] move: Rapid Spin|[of] p1a: Tire
|
|turn|7
|
|switch|p1a: Navi|Whimsicott, F|261\/261
|move|p2a: Scrafty|Poison Jab|p1a: Navi
|-supereffective|p1a: Navi
|-damage|p1a: Navi|0 fnt
|faint|p1a: Navi
|
|
|switch|p1a: Celestia|Absol, F, shiny|271\/271
|turn|8
|
|detailschange|p1a: Celestia|Absol-Mega, F, shiny
|message|Absol has Mega Evolved into Mega Absol!
|move|p1a: Celestia|Superpower|p2a: Scrafty
|-supereffective|p2a: Scrafty
|-damage|p2a: Scrafty|107\/334
|-unboost|p1a: Celestia|atk|1
|-unboost|p1a: Celestia|def|1
|move|p2a: Scrafty|Drain Punch|p1a: Celestia
|-supereffective|p1a: Celestia
|-damage|p1a: Celestia|0 fnt
|-heal|p2a: Scrafty|243\/334|[from] drain|[of] p1a: Celestia
|faint|p1a: Celestia
|
|
|switch|p1a: Blair|Gourgeist-Super, F, shiny|374\/374
|turn|9
|
|move|p2a: Scrafty|Knock Off|p1a: Blair
|-supereffective|p1a: Blair
|-damage|p1a: Blair|162\/374
|-enditem|p1a: Blair|Leftovers|[from] move: Knock Off|[of] p2a: Scrafty
|move|p1a: Blair|Will-O-Wisp|p2a: Scrafty
|-status|p2a: Scrafty|brn
|
|-damage|p2a: Scrafty|202\/334 brn|[from] brn
|turn|10
|
|move|p2a: Scrafty|Bulk Up|p2a: Scrafty
|-boost|p2a: Scrafty|atk|1
|-boost|p2a: Scrafty|def|1
|move|p1a: Blair|Leech Seed|p2a: Scrafty
|-start|p2a: Scrafty|move: Leech Seed
|
|-activate|p2a: Scrafty|ability: Shed Skin
|-curestatus|p2a: Scrafty|brn
|-damage|p2a: Scrafty|161\/334|[from] Leech Seed|[of] p1a: Blair
|-heal|p1a: Blair|203\/374|[silent]
|turn|11
|
|move|p1a: Blair|Protect|p1a: Blair
|-singleturn|p1a: Blair|Protect
|move|p2a: Scrafty|Knock Off|p1a: Blair
|-activate|p1a: Blair|Protect
|
|-damage|p2a: Scrafty|120\/334|[from] Leech Seed|[of] p1a: Blair
|-heal|p1a: Blair|244\/374|[silent]
|turn|12
|
|move|p1a: Blair|Shadow Sneak|p2a: Scrafty
|-resisted|p2a: Scrafty
|-damage|p2a: Scrafty|110\/334
|move|p2a: Scrafty|Knock Off|p1a: Blair
|-supereffective|p1a: Blair
|-damage|p1a: Blair|70\/374
|
|-damage|p2a: Scrafty|69\/334|[from] Leech Seed|[of] p1a: Blair
|-heal|p1a: Blair|111\/374|[silent]
|turn|13
|
|switch|p2a: Infernape|Infernape, M|293\/293
|move|p1a: Blair|Will-O-Wisp|p2a: Infernape
|-fail|p2a: Infernape
|
|turn|14
|
|switch|p1a: Tire|Donphan, M|384\/384
|move|p2a: Infernape|Overheat|p1a: Tire
|-damage|p1a: Tire|125\/384
|-unboost|p2a: Infernape|spa|2
|
|-heal|p1a: Tire|149\/384|[from] item: Leftovers
|turn|15
|
|move|p2a: Infernape|Close Combat|p1a: Tire
|-damage|p1a: Tire|49\/384
|-unboost|p2a: Infernape|def|1
|-unboost|p2a: Infernape|spd|1
|move|p1a: Tire|Stealth Rock|p2a: Infernape
|-sidestart|p2: BellyDrumZohan|move: Stealth Rock
|
|-heal|p1a: Tire|73\/384|[from] item: Leftovers
|turn|16
|
|move|p2a: Infernape|Close Combat|p1a: Tire
|-damage|p1a: Tire|0 fnt
|-unboost|p2a: Infernape|def|1
|-unboost|p2a: Infernape|spd|1
|faint|p1a: Tire
|
|
|switch|p1a: Blair|Gourgeist-Super, F, shiny|111\/374
|-item|p2a: Infernape|Focus Sash|[from] ability: Frisk|[of] p1a: Blair|[identify]
|turn|17
|
|move|p2a: Infernape|Overheat|p1a: Blair
|-supereffective|p1a: Blair
|-damage|p1a: Blair|0 fnt
|-unboost|p2a: Infernape|spa|2
|faint|p1a: Blair
|
|
|switch|p1a: .#GoodWall|Blissey, F|672\/672
|turn|18
|
|move|p2a: Infernape|Close Combat|p1a: .#GoodWall
|-supereffective|p1a: .#GoodWall
|-damage|p1a: .#GoodWall|0 fnt
|-unboost|p2a: Infernape|def|1
|-unboost|p2a: Infernape|spd|1
|faint|p1a: .#GoodWall
|
|win|BellyDrumZohan
|raw|Ladder updating...
|raw|MaryLa's rating: 1408 &rarr; <strong>1382<\/strong><br \/>(-26 for losing)
|raw|BellyDrumZohan's rating: 1301 &rarr; <strong>1327<\/strong><br \/>(+26 for winning)
|chat|BellyDrumZohan|gg
|chat|MaryLa|gg...
|leave|MaryLa
|player|p1