|join|BellyDrumZohan
|join|powerofthecreed
|player|p1|BellyDrumZohan|76
|player|p2|powerofthecreed|101
|gametype|singles
|gen|6
|tier|UU
|rated
|rule|Sleep Clause Mod: Limit one foe put to sleep
|rule|Species Clause: Limit one of each PokÃ©mon
|rule|OHKO Clause: OHKO moves are banned
|rule|Moody Clause: Moody is banned
|rule|Evasion Moves Clause: Evasion moves are banned
|rule|Endless Battle Clause: Forcing endless battles is banned
|rule|HP Percentage Mod: HP is reported as percentages
|clearpoke
|poke|p1|Celebi
|poke|p1|Infernape, M
|poke|p1|Empoleon, F
|poke|p1|Kabutops, M
|poke|p1|Tornadus, M
|poke|p1|Chandelure, M
|poke|p2|Metagross
|poke|p2|Hydreigon, M
|poke|p2|Weezing, M
|poke|p2|Haxorus, F
|poke|p2|Golbat, M
|poke|p2|Galvantula, M
|rule|Swagger Clause: Swagger is banned
|rule|Baton Pass Clause: Limit one PokÃ©mon knowing Baton Pass
|teampreview
|
|start
|switch|p1a: Tornadus|Tornadus, M|299\/299
|switch|p2a: Galvantula|Galvantula, M|282\/282
|turn|1
|
|switch|p2a: Hydreigon|Hydreigon, M|388\/388
|move|p1a: Tornadus|Substitute|p1a: Tornadus
|-start|p1a: Tornadus|Substitute
|-damage|p1a: Tornadus|225\/299
|
|turn|2
|
|move|p1a: Tornadus|Superpower|p2a: Hydreigon
|-supereffective|p2a: Hydreigon
|-damage|p2a: Hydreigon|116\/388
|-unboost|p1a: Tornadus|atk|1
|-unboost|p1a: Tornadus|def|1
|move|p2a: Hydreigon|Dark Pulse|p1a: Tornadus
|-end|p1a: Tornadus|Substitute
|
|-heal|p2a: Hydreigon|140\/388|[from] item: Leftovers
|turn|3
|
|switch|p2a: Golbat|Golbat, M|354\/354
|move|p1a: Tornadus|Superpower|p2a: Golbat
|-resisted|p2a: Golbat
|-damage|p2a: Golbat|338\/354
|-unboost|p1a: Tornadus|atk|1
|-unboost|p1a: Tornadus|def|1
|
|turn|4
|
|switch|p1a: Empoleon|Empoleon, F|372\/372
|move|p2a: Golbat|Toxic|p1a: Empoleon
|-fail|p1a: Empoleon
|
|turn|5
|
|move|p2a: Golbat|Super Fang|p1a: Empoleon
|-damage|p1a: Empoleon|186\/372
|move|p1a: Empoleon|Scald|p2a: Golbat
|-damage|p2a: Golbat|260\/354
|
|-heal|p1a: Empoleon|209\/372|[from] item: Leftovers
|turn|6
|
|switch|p2a: Hydreigon|Hydreigon, M|140\/388
|move|p1a: Empoleon|Stealth Rock|p2a: Hydreigon
|-sidestart|p2: powerofthecreed|move: Stealth Rock
|
|-heal|p2a: Hydreigon|164\/388|[from] item: Leftovers
|-heal|p1a: Empoleon|232\/372|[from] item: Leftovers
|turn|7
|
|move|p2a: Hydreigon|Roost|p2a: Hydreigon
|-heal|p2a: Hydreigon|358\/388
|move|p1a: Empoleon|Scald|p2a: Hydreigon
|-resisted|p2a: Hydreigon
|-damage|p2a: Hydreigon|322\/388
|-status|p2a: Hydreigon|brn
|
|-heal|p2a: Hydreigon|346\/388 brn|[from] item: Leftovers
|-heal|p1a: Empoleon|255\/372|[from] item: Leftovers
|-damage|p2a: Hydreigon|298\/388 brn|[from] brn
|turn|8
|
|move|p2a: Hydreigon|Dark Pulse|p1a: Empoleon
|-damage|p1a: Empoleon|149\/372
|move|p1a: Empoleon|Roar|p2a: Hydreigon
|drag|p2a: Metagross|Metagross|364\/364
|-damage|p2a: Metagross|342\/364|[from] Stealth Rock
|
|-heal|p1a: Empoleon|172\/372|[from] item: Leftovers
|turn|9
|
|switch|p1a: Celebi|Celebi|404\/404
|move|p2a: Metagross|Zen Headbutt|p1a: Celebi|[miss]
|-miss|p2a: Metagross|p1a: Celebi
|
|turn|10
|
|switch|p2a: Hydreigon|Hydreigon, M|298\/388 brn
|-damage|p2a: Hydreigon|250\/388 brn|[from] Stealth Rock
|move|p1a: Celebi|Leech Seed|p2a: Hydreigon
|-start|p2a: Hydreigon|move: Leech Seed
|
|-heal|p2a: Hydreigon|274\/388 brn|[from] item: Leftovers
|-damage|p2a: Hydreigon|226\/388 brn|[from] Leech Seed|[of] p1a: Celebi
|-damage|p2a: Hydreigon|178\/388 brn|[from] brn
|turn|11
|
|switch|p1a: Empoleon|Empoleon, F|172\/372
|move|p2a: Hydreigon|Roost|p2a: Hydreigon
|-heal|p2a: Hydreigon|372\/388 brn
|
|-heal|p2a: Hydreigon|388\/388 brn|[from] item: Leftovers
|-heal|p1a: Empoleon|195\/372|[from] item: Leftovers
|-damage|p2a: Hydreigon|340\/388 brn|[from] Leech Seed|[of] p1a: Empoleon
|-heal|p1a: Empoleon|243\/372|[silent]
|-damage|p2a: Hydreigon|292\/388 brn|[from] brn
|turn|12
|
|move|p2a: Hydreigon|U-turn|p1a: Empoleon
|-resisted|p1a: Empoleon
|-damage|p1a: Empoleon|232\/372
|
|switch|p2a: Metagross|Metagross|342\/364
|-damage|p2a: Metagross|320\/364|[from] Stealth Rock
|move|p1a: Empoleon|Scald|p2a: Metagross
|-damage|p2a: Metagross|208\/364
|
|-heal|p1a: Empoleon|255\/372|[from] item: Leftovers
|turn|13
|
|move|p2a: Metagross|Brick Break|p1a: Empoleon
|-supereffective|p1a: Empoleon
|-damage|p1a: Empoleon|13\/372
|move|p1a: Empoleon|Scald|p2a: Metagross
|-damage|p2a: Metagross|30\/364
|
|-heal|p1a: Empoleon|36\/372|[from] item: Leftovers
|turn|14
|
|switch|p1a: Celebi|Celebi|404\/404
|move|p2a: Metagross|Brick Break|p1a: Celebi
|-resisted|p1a: Celebi
|-damage|p1a: Celebi|324\/404
|
|-heal|p1a: Celebi|349\/404|[from] item: Leftovers
|turn|15
|
|switch|p2a: Hydreigon|Hydreigon, M|292\/388 brn
|-damage|p2a: Hydreigon|244\/388 brn|[from] Stealth Rock
|move|p1a: Celebi|Leech Seed|p2a: Hydreigon
|-start|p2a: Hydreigon|move: Leech Seed
|
|-heal|p1a: Celebi|374\/404|[from] item: Leftovers
|-heal|p2a: Hydreigon|268\/388 brn|[from] item: Leftovers
|-damage|p2a: Hydreigon|220\/388 brn|[from] Leech Seed|[of] p1a: Celebi
|-heal|p1a: Celebi|404\/404|[silent]
|-damage|p2a: Hydreigon|172\/388 brn|[from] brn
|turn|16
|
|switch|p1a: Tornadus|Tornadus, M|225\/299
|move|p2a: Hydreigon|Dark Pulse|p1a: Tornadus
|-damage|p1a: Tornadus|87\/299
|-enditem|p1a: Tornadus|Sitrus Berry|[eat]
|-heal|p1a: Tornadus|161\/299|[from] item: Sitrus Berry
|
|-heal|p2a: Hydreigon|196\/388 brn|[from] item: Leftovers
|-damage|p2a: Hydreigon|148\/388 brn|[from] Leech Seed|[of] p1a: Tornadus
|-heal|p1a: Tornadus|209\/299|[silent]
|-damage|p2a: Hydreigon|100\/388 brn|[from] brn
|turn|17
|
|switch|p2a: Golbat|Golbat, M|260\/354
|-damage|p2a: Golbat|172\/354|[from] Stealth Rock
|move|p1a: Tornadus|Substitute|p1a: Tornadus
|-start|p1a: Tornadus|Substitute
|-damage|p1a: Tornadus|135\/299
|
|turn|18
|
|move|p1a: Tornadus|Knock Off|p2a: Golbat
|-damage|p2a: Golbat|95\/354
|-enditem|p2a: Golbat|Eviolite|[from] move: Knock Off|[of] p1a: Tornadus
|move|p2a: Golbat|Defog|p1a: Tornadus
|-sideend|p2: powerofthecreed|Stealth Rock|[from] move: Defog|[of] p2a: Golbat
|
|turn|19
|
|move|p1a: Tornadus|Acrobatics|p2a: Golbat
|-damage|p2a: Golbat|0 fnt
|faint|p2a: Golbat
|
|
|switch|p2a: Weezing|Weezing, M|334\/334
|turn|20
|
|move|p1a: Tornadus|Acrobatics|p2a: Weezing
|-damage|p2a: Weezing|216\/334
|move|p2a: Weezing|Sludge Wave|p1a: Tornadus
|-end|p1a: Tornadus|Substitute
|
|-heal|p2a: Weezing|236\/334|[from] item: Black Sludge
|turn|21
|
|switch|p1a: Empoleon|Empoleon, F|36\/372
|move|p2a: Weezing|Will-O-Wisp|p1a: Empoleon
|-status|p1a: Empoleon|brn
|
|-heal|p1a: Empoleon|59\/372 brn|[from] item: Leftovers
|-heal|p2a: Weezing|256\/334|[from] item: Black Sludge
|-damage|p1a: Empoleon|13\/372 brn|[from] brn
|turn|22
|
|move|p2a: Weezing|Sludge Wave|p1a: Empoleon
|-immune|p1a: Empoleon|[msg]
|move|p1a: Empoleon|Stealth Rock|p2a: Weezing
|-sidestart|p2: powerofthecreed|move: Stealth Rock
|
|-heal|p1a: Empoleon|36\/372 brn|[from] item: Leftovers
|-heal|p2a: Weezing|276\/334|[from] item: Black Sludge
|-damage|p1a: Empoleon|0 fnt|[from] brn
|faint|p1a: Empoleon
|
|switch|p1a: Infernape|Infernape, M|293\/293
|turn|23
|
|move|p1a: Infernape|Overheat|p2a: Weezing
|-damage|p2a: Weezing|0 fnt
|-unboost|p1a: Infernape|spa|2
|-damage|p1a: Infernape|264\/293|[from] item: Life Orb
|faint|p2a: Weezing
|
|
|switch|p2a: Haxorus|Haxorus, F|294\/294
|-damage|p2a: Haxorus|258\/294|[from] Stealth Rock
|-ability|p2a: Haxorus|Mold Breaker
|turn|24
|
|move|p1a: Infernape|Close Combat|p2a: Haxorus
|-damage|p2a: Haxorus|16\/294
|-unboost|p1a: Infernape|def|1
|-unboost|p1a: Infernape|spd|1
|-damage|p1a: Infernape|235\/293|[from] item: Life Orb
|move|p2a: Haxorus|Dragon Dance|p2a: Haxorus
|-boost|p2a: Haxorus|atk|1
|-boost|p2a: Haxorus|spe|1
|
|turn|25
|
|move|p1a: Infernape|Mach Punch|p2a: Haxorus
|-damage|p2a: Haxorus|0 fnt
|-damage|p1a: Infernape|206\/293|[from] item: Life Orb
|faint|p2a: Haxorus
|
|
|switch|p2a: Galvantula|Galvantula, M|282\/282
|-damage|p2a: Galvantula|212\/282|[from] Stealth Rock
|turn|26
|
|move|p2a: Galvantula|Thunder|p1a: Infernape
|-damage|p1a: Infernape|0 fnt
|-damage|p2a: Galvantula|184\/282|[from] item: Life Orb
|faint|p1a: Infernape
|
|
|switch|p1a: Chandelure|Chandelure, M|261\/261
|turn|27
|
|move|p1a: Chandelure|Fire Blast|p2a: Galvantula
|-supereffective|p2a: Galvantula
|-damage|p2a: Galvantula|0 fnt
|faint|p2a: Galvantula
|
|
|switch|p2a: Hydreigon|Hydreigon, M|100\/388 brn
|-damage|p2a: Hydreigon|52\/388 brn|[from] Stealth Rock
|turn|28
|
|move|p1a: Chandelure|Fire Blast|p2a: Hydreigon|[miss]
|-miss|p1a: Chandelure|p2a: Hydreigon
|move|p2a: Hydreigon|Roost|p2a: Hydreigon
|-heal|p2a: Hydreigon|246\/388 brn
|
|-heal|p2a: Hydreigon|270\/388 brn|[from] item: Leftovers
|-damage|p2a: Hydreigon|222\/388 brn|[from] brn
|turn|29
|
|switch|p1a: Celebi|Celebi|404\/404
|move|p2a: Hydreigon|Dark Pulse|p1a: Celebi
|-supereffective|p1a: Celebi
|-damage|p1a: Celebi|236\/404
|
|-heal|p1a: Celebi|261\/404|[from] item: Leftovers
|-heal|p2a: Hydreigon|246\/388 brn|[from] item: Leftovers
|-damage|p2a: Hydreigon|198\/388 brn|[from] brn
|turn|30
|
|move|p1a: Celebi|Leech Seed|p2a: Hydreigon
|-start|p2a: Hydreigon|move: Leech Seed
|move|p2a: Hydreigon|Dark Pulse|p1a: Celebi
|-supereffective|p1a: Celebi
|-damage|p1a: Celebi|87\/404
|
|-heal|p1a: Celebi|112\/404|[from] item: Leftovers
|-heal|p2a: Hydreigon|222\/388 brn|[from] item: Leftovers
|-damage|p2a: Hydreigon|174\/388 brn|[from] Leech Seed|[of] p1a: Celebi
|-heal|p1a: Celebi|160\/404|[silent]
|-damage|p2a: Hydreigon|126\/388 brn|[from] brn
|turn|31
|
|move|p1a: Celebi|Giga Drain|p2a: Hydreigon
|-resisted|p2a: Hydreigon
|-damage|p2a: Hydreigon|90\/388 brn
|-heal|p1a: Celebi|178\/404|[from] drain|[of] p2a: Hydreigon
|move|p2a: Hydreigon|U-turn|p1a: Celebi
|-supereffective|p1a: Celebi
|-damage|p1a: Celebi|78\/404
|
|switch|p2a: Metagross|Metagross|30\/364
|-damage|p2a: Metagross|8\/364|[from] Stealth Rock
|
|-heal|p1a: Celebi|103\/404|[from] item: Leftovers
|turn|32
|
|move|p1a: Celebi|Giga Drain|p2a: Metagross
|-resisted|p2a: Metagross
|-damage|p2a: Metagross|0 fnt
|-heal|p1a: Celebi|107\/404|[from] drain|[of] p2a: Metagross
|faint|p2a: Metagross
|
|-heal|p1a: Celebi|132\/404|[from] item: Leftovers
|
|switch|p2a: Hydreigon|Hydreigon, M|90\/388 brn
|-damage|p2a: Hydreigon|42\/388 brn|[from] Stealth Rock
|turn|33
|
|move|p1a: Celebi|Leech Seed|p2a: Hydreigon
|-start|p2a: Hydreigon|move: Leech Seed
|move|p2a: Hydreigon|Roost|p2a: Hydreigon
|-heal|p2a: Hydreigon|236\/388 brn
|
|-heal|p1a: Celebi|157\/404|[from] item: Leftovers
|-heal|p2a: Hydreigon|260\/388 brn|[from] item: Leftovers
|-damage|p2a: Hydreigon|212\/388 brn|[from] Leech Seed|[of] p1a: Celebi
|-heal|p1a: Celebi|205\/404|[silent]
|-damage|p2a: Hydreigon|164\/388 brn|[from] brn
|turn|34
|
|move|p1a: Celebi|Giga Drain|p2a: Hydreigon
|-resisted|p2a: Hydreigon
|-damage|p2a: Hydreigon|131\/388 brn
|-heal|p1a: Celebi|222\/404|[from] drain|[of] p2a: Hydreigon
|move|p2a: Hydreigon|Dark Pulse|p1a: Celebi
|-supereffective|p1a: Celebi
|-damage|p1a: Celebi|48\/404
|
|-heal|p1a: Celebi|73\/404|[from] item: Leftovers
|-heal|p2a: Hydreigon|155\/388 brn|[from] item: Leftovers
|-damage|p2a: Hydreigon|107\/388 brn|[from] Leech Seed|[of] p1a: Celebi
|-heal|p1a: Celebi|121\/404|[silent]
|-damage|p2a: Hydreigon|59\/388 brn|[from] brn
|turn|35
|
|switch|p1a: Tornadus|Tornadus, M|135\/299
|move|p2a: Hydreigon|Roost|p2a: Hydreigon
|-heal|p2a: Hydreigon|253\/388 brn
|
|-heal|p2a: Hydreigon|277\/388 brn|[from] item: Leftovers
|-damage|p2a: Hydreigon|229\/388 brn|[from] Leech Seed|[of] p1a: Tornadus
|-heal|p1a: Tornadus|183\/299|[silent]
|-damage|p2a: Hydreigon|181\/388 brn|[from] brn
|turn|36
|
|move|p1a: Tornadus|Superpower|p2a: Hydreigon
|-supereffective|p2a: Hydreigon
|-damage|p2a: Hydreigon|0 fnt
|-unboost|p1a: Tornadus|atk|1
|-unboost|p1a: Tornadus|def|1
|faint|p2a: Hydreigon
|
|win|BellyDrumZohan
|raw|Ladder updating...
|raw|BellyDrumZohan's rating: 1379 &rarr; <strong>1390<\/strong><br \/>(+11 for winning)
|raw|powerofthecreed's rating: 1222 &rarr; <strong>1207<\/strong><br \/>(-15 for losing)
|chat|BellyDrumZohan|gg
|leave|powerofthecreed
|player|p2