|join|Jeeroy Lenkinss
|join|BellyDrumZohan
|player|p1|Jeeroy Lenkinss|170
|player|p2|BellyDrumZohan|76
|gametype|singles
|gen|6
|tier|UU
|rated
|rule|Sleep Clause Mod: Limit one foe put to sleep
|rule|Species Clause: Limit one of each Pokemon
|rule|OHKO Clause: OHKO moves are banned
|rule|Moody Clause: Moody is banned
|rule|Evasion Moves Clause: Evasion moves are banned
|rule|Endless Battle Clause: Forcing endless battles is banned.
|rule|HP Percentage Mod: HP is reported as percentages
|clearpoke
|poke|p1|Blastoise, F
|poke|p1|Nidoqueen, F
|poke|p1|Darmanitan, F
|poke|p1|Smeargle, F, shiny
|poke|p1|Whimsicott, M
|poke|p1|Metagross
|poke|p2|Venomoth, M
|poke|p2|Celebi
|poke|p2|Forretress, F
|poke|p2|Quagsire, F
|poke|p2|Heracross, M
|poke|p2|Milotic, M
|teampreview
|
|start
|switch|p1a: Darmanitan|Darmanitan, F|351\/351
|switch|p2a: Forretress|Forretress, F|354\/354
|turn|1
|
|switch|p2a: Swagsire|Quagsire, F|394\/394
|move|p1a: Darmanitan|U-turn|p2a: Swagsire
|-damage|p2a: Swagsire|319\/394
|
|switch|p1a: Smeargle|Smeargle, F, shiny|314\/314
|
|-heal|p2a: Swagsire|343\/394|[from] item: Leftovers
|turn|2
|
|switch|p2a: Forretress|Forretress, F|354\/354
|move|p1a: Smeargle|Geomancy|p1a: Smeargle|[still]
|-prepare|p1a: Smeargle|Geomancy|p1a: Smeargle
|-enditem|p1a: Smeargle|Power Herb
|-anim|p1a: Smeargle|Geomancy|p1a: Smeargle
|-boost|p1a: Smeargle|spa|2
|-boost|p1a: Smeargle|spd|2
|-boost|p1a: Smeargle|spe|2
|
|turn|3
|
|move|p1a: Smeargle|Spore|p2a: Forretress
|-fail|p2a: Forretress
|move|p2a: Forretress|Stealth Rock|p1a: Smeargle
|-sidestart|p1: Jeeroy Lenkinss|move: Stealth Rock
|
|turn|4
|
|move|p1a: Smeargle|Baton Pass|p1a: Smeargle
|
|switch|p1a: Blastoise|Blastoise, F|362\/362
|-damage|p1a: Blastoise|317\/362|[from] Stealth Rock
|move|p2a: Forretress|Gyro Ball|p1a: Blastoise
|-resisted|p1a: Blastoise
|-damage|p1a: Blastoise|239\/362
|
|turn|5
|
|-formechange|p1a: Blastoise|Blastoise-Mega
|message|Blastoise has Mega Evolved into Mega Blastoise!
|move|p1a: Blastoise|Scald|p2a: Forretress
|-damage|p2a: Forretress|116\/354
|move|p2a: Forretress|Volt Switch|p1a: Blastoise
|-supereffective|p1a: Blastoise
|-damage|p1a: Blastoise|213\/362
|
|switch|p2a: Milotic|Milotic, M|394\/394
|
|turn|6
|
|move|p1a: Blastoise|Dark Pulse|p2a: Milotic
|-damage|p2a: Milotic|249\/394
|cant|p2a: Milotic|flinch
|
|-heal|p2a: Milotic|273\/394|[from] item: Leftovers
|turn|7
|
|move|p1a: Blastoise|Dark Pulse|p2a: Milotic
|-damage|p2a: Milotic|112\/394
|move|p2a: Milotic|Recover|p2a: Milotic
|-heal|p2a: Milotic|309\/394
|
|-heal|p2a: Milotic|333\/394|[from] item: Leftovers
|turn|8
|
|move|p1a: Blastoise|Scald|p2a: Milotic
|-resisted|p2a: Milotic
|-damage|p2a: Milotic|252\/394
|move|p2a: Milotic|Toxic|p1a: Blastoise
|-status|p1a: Blastoise|tox
|
|-heal|p2a: Milotic|276\/394|[from] item: Leftovers
|-damage|p1a: Blastoise|191\/362 tox|[from] psn
|turn|9
|
|move|p1a: Blastoise|Scald|p2a: Milotic
|-resisted|p2a: Milotic
|-damage|p2a: Milotic|199\/394
|-status|p2a: Milotic|brn
|move|p2a: Milotic|Recover|p2a: Milotic
|-heal|p2a: Milotic|394\/394 brn
|
|-damage|p1a: Blastoise|147\/362 tox|[from] psn
|-damage|p2a: Milotic|345\/394 brn|[from] brn
|turn|10
|
|move|p1a: Blastoise|Rapid Spin|p2a: Milotic
|-damage|p2a: Milotic|333\/394 brn
|-sideend|p1: Jeeroy Lenkinss|Stealth Rock|[from] move: Rapid Spin|[of] p1a: Blastoise
|move|p2a: Milotic|Recover|p2a: Milotic
|-heal|p2a: Milotic|394\/394 brn
|
|-damage|p1a: Blastoise|81\/362 tox|[from] psn
|-damage|p2a: Milotic|345\/394 brn|[from] brn
|turn|11
|
|move|p1a: Blastoise|Dark Pulse|p2a: Milotic
|-damage|p2a: Milotic|200\/394 brn
|move|p2a: Milotic|Recover|p2a: Milotic
|-heal|p2a: Milotic|394\/394 brn
|
|-damage|p1a: Blastoise|0 fnt|[from] psn
|-damage|p2a: Milotic|345\/394 brn|[from] brn
|faint|p1a: Blastoise
|
|switch|p1a: Whimsicott|Whimsicott, M|293\/293
|turn|12
|
|switch|p2a: Celebi|Celebi|341\/341
|move|p1a: Whimsicott|Encore|p2a: Celebi
|-fail|p2a: Celebi
|
|turn|13
|
|move|p2a: Celebi|Psychic|p1a: Whimsicott
|-crit|p1a: Whimsicott
|-damage|p1a: Whimsicott|0 fnt
|-damage|p2a: Celebi|307\/341|[from] item: Life Orb
|faint|p1a: Whimsicott
|
|
|switch|p1a: Darmanitan|Darmanitan, F|351\/351
|turn|14
|
|switch|p2a: Swagsire|Quagsire, F|343\/394
|move|p1a: Darmanitan|U-turn|p2a: Swagsire
|-damage|p2a: Swagsire|265\/394
|
|switch|p1a: Nidoqueen|Nidoqueen, F|321\/321
|
|-heal|p2a: Swagsire|289\/394|[from] item: Leftovers
|turn|15
|
|move|p1a: Nidoqueen|Sludge Bomb|p2a: Swagsire
|-resisted|p2a: Swagsire
|-damage|p2a: Swagsire|145\/394
|move|p2a: Swagsire|Earthquake|p1a: Nidoqueen
|-supereffective|p1a: Nidoqueen
|-damage|p1a: Nidoqueen|87\/321
|
|-heal|p2a: Swagsire|169\/394|[from] item: Leftovers
|turn|16
|
|move|p1a: Nidoqueen|Earth Power|p2a: Swagsire
|-damage|p2a: Swagsire|0 fnt
|faint|p2a: Swagsire
|
|
|switch|p2a: Venomoth|Venomoth, M|343\/343
|turn|17
|
|move|p2a: Venomoth|Sleep Powder|p1a: Nidoqueen
|-status|p1a: Nidoqueen|slp
|cant|p1a: Nidoqueen|slp
|
|turn|18
|
|switch|p1a: Darmanitan|Darmanitan, F|351\/351
|move|p2a: Venomoth|Quiver Dance|p2a: Venomoth
|-boost|p2a: Venomoth|spa|1
|-boost|p2a: Venomoth|spd|1
|-boost|p2a: Venomoth|spe|1
|
|turn|19
|
|move|p2a: Venomoth|Baton Pass|p2a: Venomoth
|
|switch|p2a: Milotic|Milotic, M|345\/394 brn
|move|p1a: Darmanitan|Flare Blitz|p2a: Milotic
|-resisted|p2a: Milotic
|-damage|p2a: Milotic|214\/394 brn
|-damage|p1a: Darmanitan|308\/351|[from] recoil|[of] p2a: Milotic
|
|-heal|p2a: Milotic|238\/394 brn|[from] item: Leftovers
|-damage|p2a: Milotic|189\/394 brn|[from] brn
|turn|20
|
|switch|p1a: Smeargle|Smeargle, F, shiny|314\/314
|move|p2a: Milotic|Recover|p2a: Milotic
|-heal|p2a: Milotic|386\/394 brn
|
|-heal|p2a: Milotic|394\/394 brn|[from] item: Leftovers
|-damage|p2a: Milotic|345\/394 brn|[from] brn
|turn|21
|
|move|p2a: Milotic|Surf|p1a: Smeargle
|-damage|p1a: Smeargle|14\/314
|move|p1a: Smeargle|Geomancy|p1a: Smeargle|[still]
|-prepare|p1a: Smeargle|Geomancy|p1a: Smeargle
|
|-heal|p2a: Milotic|369\/394 brn|[from] item: Leftovers
|-damage|p2a: Milotic|320\/394 brn|[from] brn
|turn|22
|
|move|p2a: Milotic|Surf|p1a: Smeargle
|-damage|p1a: Smeargle|0 fnt
|faint|p1a: Smeargle
|
|-heal|p2a: Milotic|344\/394 brn|[from] item: Leftovers
|-damage|p2a: Milotic|295\/394 brn|[from] brn
|
|switch|p1a: Metagross|Metagross|364\/364
|turn|23
|
|move|p2a: Milotic|Surf|p1a: Metagross
|-damage|p1a: Metagross|199\/364
|move|p1a: Metagross|Zen Headbutt|p2a: Milotic
|-damage|p2a: Milotic|163\/394 brn
|
|-heal|p2a: Milotic|187\/394 brn|[from] item: Leftovers
|-damage|p2a: Milotic|138\/394 brn|[from] brn
|turn|24
|
|move|p2a: Milotic|Recover|p2a: Milotic
|-heal|p2a: Milotic|335\/394 brn
|move|p1a: Metagross|Zen Headbutt|p2a: Milotic
|-damage|p2a: Milotic|211\/394 brn
|
|-heal|p2a: Milotic|235\/394 brn|[from] item: Leftovers
|-damage|p2a: Milotic|186\/394 brn|[from] brn
|turn|25
|
|move|p2a: Milotic|Surf|p1a: Metagross
|-damage|p1a: Metagross|40\/364
|move|p1a: Metagross|Meteor Mash|p2a: Milotic
|-resisted|p2a: Milotic
|-damage|p2a: Milotic|115\/394 brn
|
|-heal|p2a: Milotic|139\/394 brn|[from] item: Leftovers
|-damage|p2a: Milotic|90\/394 brn|[from] brn
|turn|26
|
|move|p1a: Metagross|Bullet Punch|p2a: Milotic
|-crit|p2a: Milotic
|-resisted|p2a: Milotic
|-damage|p2a: Milotic|42\/394 brn
|move|p2a: Milotic|Recover|p2a: Milotic
|-heal|p2a: Milotic|239\/394 brn
|
|-heal|p2a: Milotic|263\/394 brn|[from] item: Leftovers
|-damage|p2a: Milotic|214\/394 brn|[from] brn
|turn|27
|
|move|p2a: Milotic|Recover|p2a: Milotic
|-heal|p2a: Milotic|394\/394 brn
|move|p1a: Metagross|Zen Headbutt|p2a: Milotic
|-damage|p2a: Milotic|262\/394 brn
|
|-heal|p2a: Milotic|286\/394 brn|[from] item: Leftovers
|-damage|p2a: Milotic|237\/394 brn|[from] brn
|turn|28
|
|move|p2a: Milotic|Surf|p1a: Metagross
|-crit|p1a: Metagross
|-damage|p1a: Metagross|0 fnt
|faint|p1a: Metagross
|
|-heal|p2a: Milotic|261\/394 brn|[from] item: Leftovers
|-damage|p2a: Milotic|212\/394 brn|[from] brn
|
|switch|p1a: Darmanitan|Darmanitan, F|308\/351
|turn|29
|
|move|p1a: Darmanitan|Flare Blitz|p2a: Milotic
|-resisted|p2a: Milotic
|-damage|p2a: Milotic|81\/394 brn
|-damage|p1a: Darmanitan|265\/351|[from] recoil|[of] p2a: Milotic
|move|p2a: Milotic|Surf|p1a: Darmanitan
|-supereffective|p1a: Darmanitan
|-damage|p1a: Darmanitan|0 fnt
|faint|p1a: Darmanitan
|
|-heal|p2a: Milotic|105\/394 brn|[from] item: Leftovers
|-damage|p2a: Milotic|56\/394 brn|[from] brn
|
|switch|p1a: Nidoqueen|Nidoqueen, F|87\/321 slp
|turn|30
|
|move|p2a: Milotic|Ice Beam|p1a: Nidoqueen
|-supereffective|p1a: Nidoqueen
|-damage|p1a: Nidoqueen|0 fnt
|faint|p1a: Nidoqueen
|
|win|BellyDrumZohan
|raw|Ladder updating...
|raw|Jeeroy Lenkinss's rating: 1252 &rarr; <strong>1233<\/strong><br \/>(-19 for losing)
|raw|BellyDrumZohan's rating: 1343 &rarr; <strong>1358<\/strong><br \/>(+15 for winning)
|chat|BellyDrumZohan|gg
|leave|Jeeroy Lenkinss
|player|p1