|join|BellyDrumZohan
|join|Reddron
|player|p1|BellyDrumZohan|76
|player|p2|Reddron|101
|gametype|singles
|gen|6
|tier|UU
|rated
|rule|Sleep Clause Mod: Limit one foe put to sleep
|rule|Species Clause: Limit one of each PokÃ©mon
|rule|OHKO Clause: OHKO moves are banned
|rule|Moody Clause: Moody is banned
|rule|Evasion Moves Clause: Evasion moves are banned
|rule|Endless Battle Clause: Forcing endless battles is banned
|rule|HP Percentage Mod: HP is shown in percentages
|clearpoke
|poke|p1|Aerodactyl, M
|poke|p1|Jirachi
|poke|p1|Chandelure, M
|poke|p1|Empoleon, M
|poke|p1|Mienshao, M
|poke|p1|Roserade, F
|poke|p2|Azelf
|poke|p2|Honchkrow, M
|poke|p2|Jirachi
|poke|p2|Alomomola, F
|poke|p2|Scrafty, M
|poke|p2|Kyurem
|rule|Swagger Clause: Swagger is banned
|rule|Baton Pass Clause: Limit one PokÃ©mon knowing Baton Pass
|teampreview
|
|start
|switch|p1a: Aerodactyl|Aerodactyl, M|311\/311
|switch|p2a: Azelf|Azelf|292\/292
|turn|1
|
|detailschange|p1a: Aerodactyl|Aerodactyl-Mega, M
|-mega|p1a: Aerodactyl|Aerodactyl|Aerodactylite
|move|p1a: Aerodactyl|Taunt|p2a: Azelf
|-start|p2a: Azelf|move: Taunt
|move|p2a: Azelf|Psyshock|p1a: Aerodactyl
|-damage|p1a: Aerodactyl|146\/311
|
|turn|2
|
|move|p1a: Aerodactyl|Roost|p1a: Aerodactyl
|-heal|p1a: Aerodactyl|302\/311
|move|p2a: Azelf|Psyshock|p1a: Aerodactyl
|-damage|p1a: Aerodactyl|149\/311
|
|turn|3
|
|move|p1a: Aerodactyl|Roost|p1a: Aerodactyl
|-heal|p1a: Aerodactyl|305\/311
|move|p2a: Azelf|Psyshock|p1a: Aerodactyl
|-damage|p1a: Aerodactyl|155\/311
|
|-end|p2a: Azelf|move: Taunt
|turn|4
|
|switch|p1a: Jirachi|Jirachi|341\/341
|move|p2a: Azelf|Psyshock|p1a: Jirachi
|-resisted|p1a: Jirachi
|-damage|p1a: Jirachi|308\/341
|
|turn|5
|
|move|p1a: Jirachi|U-turn|p2a: Azelf
|-supereffective|p2a: Azelf
|-enditem|p2a: Azelf|Tanga Berry|[eat]
|-damage|p2a: Azelf|200\/292
|
|switch|p1a: Empoleon|Empoleon, M|371\/371
|move|p2a: Azelf|Stealth Rock|p1a: Empoleon
|-sidestart|p1: BellyDrumZohan|move: Stealth Rock
|
|turn|6
|
|move|p2a: Azelf|Taunt|p1a: Empoleon
|-start|p1a: Empoleon|move: Taunt
|move|p1a: Empoleon|Scald|p2a: Azelf
|-damage|p2a: Azelf|61\/292
|-status|p2a: Azelf|brn
|
|-damage|p2a: Azelf|25\/292 brn|[from] brn
|turn|7
|
|switch|p1a: Jirachi|Jirachi|308\/341
|-damage|p1a: Jirachi|287\/341|[from] Stealth Rock
|move|p2a: Azelf|Psyshock|p1a: Jirachi
|-resisted|p1a: Jirachi
|-damage|p1a: Jirachi|251\/341
|
|-damage|p2a: Azelf|0 fnt|[from] brn
|faint|p2a: Azelf
|
|switch|p2a: Alomomola|Alomomola, F|534\/534
|turn|8
|
|move|p1a: Jirachi|Trick|p2a: Alomomola
|-activate|p1a: Jirachi|move: Trick|[of] p2a: Alomomola
|-item|p2a: Alomomola|Choice Scarf|[from] move: Trick
|-item|p1a: Jirachi|Leftovers|[from] move: Trick
|move|p2a: Alomomola|Scald|p1a: Jirachi
|-damage|p1a: Jirachi|202\/341
|
|-heal|p1a: Jirachi|223\/341|[from] item: Leftovers
|turn|9
|
|move|p1a: Jirachi|U-turn|p2a: Alomomola
|-damage|p2a: Alomomola|473\/534
|
|switch|p1a: Roserade|Roserade, F|261\/261
|-damage|p1a: Roserade|229\/261|[from] Stealth Rock
|move|p2a: Alomomola|Scald|p1a: Roserade
|-resisted|p1a: Roserade
|-damage|p1a: Roserade|208\/261
|
|turn|10
|
|switch|p2a: Jirachi|Jirachi|342\/342
|move|p1a: Roserade|Sleep Powder|p2a: Jirachi
|-status|p2a: Jirachi|slp
|
|turn|11
|
|move|p1a: Roserade|Spikes|p2a: Jirachi
|-sidestart|p2: Reddron|Spikes
|cant|p2a: Jirachi|slp
|
|turn|12
|
|switch|p1a: Empoleon|Empoleon, M|371\/371
|-damage|p1a: Empoleon|348\/371|[from] Stealth Rock
|cant|p2a: Jirachi|slp
|
|-heal|p1a: Empoleon|371\/371|[from] item: Leftovers
|turn|13
|
|-curestatus|p2a: Jirachi|slp
|move|p2a: Jirachi|Fire Punch|p1a: Empoleon
|-damage|p1a: Empoleon|289\/371
|move|p1a: Empoleon|Scald|p2a: Jirachi
|-damage|p2a: Jirachi|263\/342
|
|-heal|p2a: Jirachi|284\/342|[from] item: Leftovers
|-heal|p1a: Empoleon|312\/371|[from] item: Leftovers
|turn|14
|
|move|p2a: Jirachi|Substitute|p2a: Jirachi
|-start|p2a: Jirachi|Substitute
|-damage|p2a: Jirachi|199\/342
|move|p1a: Empoleon|Stealth Rock|p2a: Jirachi
|-sidestart|p2: Reddron|move: Stealth Rock
|
|-heal|p2a: Jirachi|220\/342|[from] item: Leftovers
|-heal|p1a: Empoleon|335\/371|[from] item: Leftovers
|turn|15
|
|move|p2a: Jirachi|Fire Punch|p1a: Empoleon
|-crit|p1a: Empoleon
|-damage|p1a: Empoleon|219\/371
|-status|p1a: Empoleon|brn
|move|p1a: Empoleon|Roar|p2a: Jirachi
|drag|p2a: Scrafty|Scrafty, M|272\/272
|-damage|p2a: Scrafty|255\/272|[from] Stealth Rock
|-damage|p2a: Scrafty|221\/272|[from] Spikes
|
|-heal|p2a: Scrafty|238\/272|[from] item: Leftovers
|-heal|p1a: Empoleon|242\/371 brn|[from] item: Leftovers
|-damage|p1a: Empoleon|196\/371 brn|[from] brn
|turn|16
|
|switch|p1a: Mienshao|Mienshao, M|271\/271
|-damage|p1a: Mienshao|255\/271|[from] Stealth Rock
|move|p2a: Scrafty|Knock Off|p1a: Mienshao
|-resisted|p1a: Mienshao
|-damage|p1a: Mienshao|135\/271
|-enditem|p1a: Mienshao|Life Orb|[from] move: Knock Off|[of] p2a: Scrafty
|
|-heal|p2a: Scrafty|255\/272|[from] item: Leftovers
|turn|17
|
|switch|p2a: Alomomola|Alomomola, F|534\/534
|-damage|p2a: Alomomola|468\/534|[from] Stealth Rock
|-damage|p2a: Alomomola|402\/534|[from] Spikes
|move|p1a: Mienshao|High Jump Kick|p2a: Alomomola
|-damage|p2a: Alomomola|164\/534
|
|turn|18
|
|move|p1a: Mienshao|U-turn|p2a: Alomomola
|-damage|p2a: Alomomola|98\/534
|
|switch|p1a: Roserade|Roserade, F|208\/261
|-damage|p1a: Roserade|176\/261|[from] Stealth Rock
|move|p2a: Alomomola|Scald|p1a: Roserade
|-resisted|p1a: Roserade
|-damage|p1a: Roserade|152\/261
|
|turn|19
|
|move|p1a: Roserade|Spikes|p2a: Alomomola
|-sidestart|p2: Reddron|Spikes
|move|p2a: Alomomola|Scald|p1a: Roserade
|-resisted|p1a: Roserade
|-damage|p1a: Roserade|128\/261
|
|turn|20
|
|move|p1a: Roserade|Spikes|p2a: Alomomola
|-sidestart|p2: Reddron|Spikes
|move|p2a: Alomomola|Scald|p1a: Roserade
|-resisted|p1a: Roserade
|-damage|p1a: Roserade|104\/261
|
|turn|21
|
|move|p1a: Roserade|Giga Drain|p2a: Alomomola
|-supereffective|p2a: Alomomola
|-damage|p2a: Alomomola|0 fnt
|-heal|p1a: Roserade|153\/261|[from] drain|[of] p2a: Alomomola
|-damage|p1a: Roserade|127\/261|[from] item: Life Orb
|faint|p2a: Alomomola
|
|
|switch|p2a: Honchkrow|Honchkrow, M|404\/404
|-damage|p2a: Honchkrow|303\/404|[from] Stealth Rock
|turn|22
|
|switch|p1a: Jirachi|Jirachi|223\/341
|-damage|p1a: Jirachi|202\/341|[from] Stealth Rock
|move|p2a: Honchkrow|Brave Bird|p1a: Jirachi
|-resisted|p1a: Jirachi
|-damage|p1a: Jirachi|80\/341
|-damage|p2a: Honchkrow|263\/404|[from] recoil|[of] p1a: Jirachi
|
|-heal|p1a: Jirachi|101\/341|[from] item: Leftovers
|turn|23
|
|switch|p2a: Kyurem|Kyurem|392\/392
|-damage|p2a: Kyurem|294\/392|[from] Stealth Rock
|-damage|p2a: Kyurem|196\/392|[from] Spikes
|-ability|p2a: Kyurem|Pressure
|move|p1a: Jirachi|Healing Wish|p1a: Jirachi
|faint|p1a: Jirachi
|
|
|switch|p1a: Aerodactyl|Aerodactyl-Mega, M|155\/311
|-heal|p1a: Aerodactyl|311\/311|[from] move: Healing Wish
|-damage|p1a: Aerodactyl|234\/311|[from] Stealth Rock
|turn|24
|
|move|p1a: Aerodactyl|Stone Edge|p2a: Kyurem
|-crit|p2a: Kyurem
|-supereffective|p2a: Kyurem
|-damage|p2a: Kyurem|0 fnt
|faint|p2a: Kyurem
|
|
|switch|p2a: Honchkrow|Honchkrow, M|263\/404
|-damage|p2a: Honchkrow|162\/404|[from] Stealth Rock
|turn|25
|
|move|p2a: Honchkrow|Sucker Punch|p1a: Aerodactyl
|-damage|p1a: Aerodactyl|63\/311
|move|p1a: Aerodactyl|Aerial Ace|p2a: Honchkrow
|-damage|p2a: Honchkrow|0 fnt
|faint|p2a: Honchkrow
|
|-message|Reddron forfeited.
|leave|Reddron
|
|win|BellyDrumZohan
|raw|Ladder updating...
|player|p2
|raw|BellyDrumZohan's rating: 1464 &rarr; <strong>1475<\/strong><br \/>(+11 for winning)
|raw|Reddron's rating: 1306 &rarr; <strong>1294<\/strong><br \/>(-12 for losing)