|join|abrandt135
|join|Foop
|player|p1|abrandt135|170
|player|p2|Foop|242
|gametype|singles
|gen|6
|tier|OU
|rated
|clearpoke
|poke|p1|Lopunny, F, shiny
|poke|p1|Talonflame, M
|poke|p1|Bisharp, M
|poke|p1|Clefable, F
|poke|p1|Skarmory, M
|poke|p1|Rotom-Wash
|poke|p2|Landorus-Therian, M
|poke|p2|Garchomp, F
|poke|p2|Gardevoir, M
|poke|p2|Metagross
|poke|p2|Keldeo
|poke|p2|Thundurus, M
|rule|Swagger Clause: Swagger is banned
|rule|Baton Pass Clause: Limit one PokÃ©mon knowing Baton Pass
|rule|Sleep Clause Mod: Limit one foe put to sleep
|rule|Species Clause: Limit one of each PokÃ©mon
|rule|OHKO Clause: OHKO moves are banned
|rule|Moody Clause: Moody is banned
|rule|Evasion Moves Clause: Evasion moves are banned
|rule|Endless Battle Clause: Forcing endless battles is banned
|rule|HP Percentage Mod: HP is shown in percentages
|teampreview
|
|start
|switch|p1a: Lopunny|Lopunny, F, shiny|271\/271
|switch|p2a: Garchomp|Garchomp, F|357\/357
|turn|1
|
|switch|p2a: Landorus-Therian|Landorus-Therian, M|340\/340
|-ability|p2a: Landorus-Therian|Intimidate|[of] p1a: Lopunny
|-unboost|p1a: Lopunny|atk|1
|detailschange|p1a: Lopunny|Lopunny-Mega, F, shiny
|-mega|p1a: Lopunny|Lopunny|Lopunnite
|move|p1a: Lopunny|Toxic|p2a: Landorus-Therian
|-status|p2a: Landorus-Therian|tox
|
|-damage|p2a: Landorus-Therian|319\/340 tox|[from] psn
|turn|2
|
|switch|p1a: Skarmory|Skarmory, M|334\/334
|move|p2a: Landorus-Therian|U-turn|p1a: Skarmory
|-resisted|p1a: Skarmory
|-damage|p1a: Skarmory|321\/334
|
|switch|p2a: Thundurus|Thundurus, M|299\/299
|
|-heal|p1a: Skarmory|334\/334|[from] item: Leftovers
|turn|3
|
|switch|p1a: Rotom-Wash|Rotom-Wash|304\/304
|move|p2a: Thundurus|Thunder Wave|p1a: Rotom-Wash
|-fail|p1a: Rotom-Wash
|
|turn|4
|
|move|p2a: Thundurus|Thunderbolt|p1a: Rotom-Wash
|-damage|p1a: Rotom-Wash|160\/304
|-damage|p2a: Thundurus|270\/299|[from] item: Life Orb
|move|p1a: Rotom-Wash|Will-O-Wisp|p2a: Thundurus
|-status|p2a: Thundurus|brn
|
|-heal|p1a: Rotom-Wash|179\/304|[from] item: Leftovers
|-damage|p2a: Thundurus|233\/299 brn|[from] brn
|turn|5
|
|switch|p2a: Garchomp|Garchomp, F|357\/357
|move|p1a: Rotom-Wash|Volt Switch|p2a: Garchomp
|-immune|p2a: Garchomp|[msg]
|
|-heal|p1a: Rotom-Wash|198\/304|[from] item: Leftovers
|turn|6
|
|move|p2a: Garchomp|Stealth Rock|p1a: Rotom-Wash
|-sidestart|p1: abrandt135|move: Stealth Rock
|move|p1a: Rotom-Wash|Will-O-Wisp|p2a: Garchomp|[miss]
|-miss|p1a: Rotom-Wash|p2a: Garchomp
|
|-heal|p1a: Rotom-Wash|217\/304|[from] item: Leftovers
|turn|7
|
|switch|p2a: Thundurus|Thundurus, M|233\/299 brn
|move|p1a: Rotom-Wash|Will-O-Wisp|p2a: Thundurus|[miss]
|-miss|p1a: Rotom-Wash|p2a: Thundurus
|
|-heal|p1a: Rotom-Wash|236\/304|[from] item: Leftovers
|-damage|p2a: Thundurus|196\/299 brn|[from] brn
|turn|8
|
|move|p2a: Thundurus|Thunderbolt|p1a: Rotom-Wash
|-damage|p1a: Rotom-Wash|106\/304
|-damage|p2a: Thundurus|167\/299 brn|[from] item: Life Orb
|move|p1a: Rotom-Wash|Volt Switch|p2a: Thundurus
|-damage|p2a: Thundurus|70\/299 brn
|
|switch|p1a: Clefable|Clefable, F|394\/394
|
|-damage|p2a: Thundurus|33\/299 brn|[from] brn
|turn|9
|
|switch|p1a: Rotom-Wash|Rotom-Wash|106\/304
|-damage|p1a: Rotom-Wash|68\/304|[from] Stealth Rock
|move|p2a: Thundurus|Thunder Wave|p1a: Rotom-Wash
|-fail|p1a: Rotom-Wash
|
|-heal|p1a: Rotom-Wash|87\/304|[from] item: Leftovers
|-damage|p2a: Thundurus|0 fnt|[from] brn
|faint|p2a: Thundurus
|
|switch|p2a: Keldeo|Keldeo|323\/323
|turn|10
|
|move|p2a: Keldeo|Secret Sword|p1a: Rotom-Wash
|-damage|p1a: Rotom-Wash|0 fnt
|-damage|p2a: Keldeo|291\/323|[from] item: Life Orb
|faint|p1a: Rotom-Wash
|
|
|switch|p1a: Lopunny|Lopunny-Mega, F, shiny|271\/271
|-damage|p1a: Lopunny|255\/271|[from] Stealth Rock
|turn|11
|
|move|p1a: Lopunny|Fake Out|p2a: Keldeo
|-damage|p2a: Keldeo|210\/323
|cant|p2a: Keldeo|flinch
|
|turn|12
|
|switch|p1a: Clefable|Clefable, F|394\/394
|move|p2a: Keldeo|Secret Sword|p1a: Clefable
|-resisted|p1a: Clefable
|-damage|p1a: Clefable|261\/394
|-damage|p2a: Keldeo|178\/323|[from] item: Life Orb
|
|-heal|p1a: Clefable|285\/394|[from] item: Leftovers
|turn|13
|
|move|p2a: Keldeo|Scald|p1a: Clefable
|-damage|p1a: Clefable|145\/394
|-damage|p2a: Keldeo|146\/323|[from] item: Life Orb
|move|p1a: Clefable|Soft-Boiled|p1a: Clefable
|-heal|p1a: Clefable|342\/394
|
|-heal|p1a: Clefable|366\/394|[from] item: Leftovers
|turn|14
|
|move|p2a: Keldeo|Hydro Pump|p1a: Clefable|[miss]
|-miss|p2a: Keldeo|p1a: Clefable
|move|p1a: Clefable|Toxic|p2a: Keldeo
|-status|p2a: Keldeo|tox
|
|-heal|p1a: Clefable|390\/394|[from] item: Leftovers
|-damage|p2a: Keldeo|126\/323 tox|[from] psn
|turn|15
|
|switch|p2a: Metagross|Metagross|301\/301
|move|p1a: Clefable|Soft-Boiled|p1a: Clefable
|-heal|p1a: Clefable|394\/394
|
|turn|16
|
|switch|p2a: Gardevoir|Gardevoir, M|277\/277
|-ability|p2a: Gardevoir|Magic Guard|[from] ability: Trace|[of] p1a: Clefable
|switch|p1a: Skarmory|Skarmory, M|334\/334
|-damage|p1a: Skarmory|293\/334|[from] Stealth Rock
|
|-heal|p1a: Skarmory|313\/334|[from] item: Leftovers
|turn|17
|
|switch|p1a: Clefable|Clefable, F|394\/394
|move|p2a: Gardevoir|Taunt|p1a: Clefable
|-start|p1a: Clefable|move: Taunt
|
|turn|18
|
|move|p2a: Gardevoir|Psyshock|p1a: Clefable
|-damage|p1a: Clefable|144\/394
|move|p1a: Clefable|Moonblast|p2a: Gardevoir
|-damage|p2a: Gardevoir|187\/277
|
|-heal|p1a: Clefable|168\/394|[from] item: Leftovers
|turn|19
|
|move|p2a: Gardevoir|Psyshock|p1a: Clefable
|-damage|p1a: Clefable|0 fnt
|faint|p1a: Clefable
|
|
|switch|p1a: Bisharp|Bisharp, M|271\/271
|-damage|p1a: Bisharp|255\/271|[from] Stealth Rock
|turn|20
|
|move|p1a: Bisharp|Knock Off|p2a: Gardevoir
|-damage|p2a: Gardevoir|0 fnt
|-enditem|p2a: Gardevoir|Life Orb|[from] move: Knock Off|[of] p1a: Bisharp
|faint|p2a: Gardevoir
|
|
|switch|p2a: Keldeo|Keldeo|126\/323 tox
|turn|21
|
|move|p1a: Bisharp|Knock Off|p2a: Keldeo
|-resisted|p2a: Keldeo
|-damage|p2a: Keldeo|17\/323 tox
|-boost|p2a: Keldeo|atk|1|[from] ability: Justified
|-enditem|p2a: Keldeo|Life Orb|[from] move: Knock Off|[of] p1a: Bisharp
|move|p2a: Keldeo|Secret Sword|p1a: Bisharp
|-supereffective|p1a: Bisharp
|-damage|p1a: Bisharp|0 fnt
|faint|p1a: Bisharp
|
|-damage|p2a: Keldeo|0 fnt|[from] psn
|faint|p2a: Keldeo
|
|switch|p2a: Garchomp|Garchomp, F|357\/357
|switch|p1a: Skarmory|Skarmory, M|313\/334
|-damage|p1a: Skarmory|272\/334|[from] Stealth Rock
|turn|22
|
|move|p2a: Garchomp|Fire Blast|p1a: Skarmory
|-supereffective|p1a: Skarmory
|-damage|p1a: Skarmory|76\/334
|move|p1a: Skarmory|Defog|p2a: Garchomp
|-unboost|p2a: Garchomp|evasion|1
|-sideend|p1: abrandt135|Stealth Rock|[from] move: Defog|[of] p1a: Skarmory
|
|-heal|p1a: Skarmory|96\/334|[from] item: Leftovers
|turn|23
|
|move|p2a: Garchomp|Fire Blast|p1a: Skarmory|[miss]
|-miss|p2a: Garchomp|p1a: Skarmory
|move|p1a: Skarmory|Roost|p1a: Skarmory
|-heal|p1a: Skarmory|263\/334
|
|-heal|p1a: Skarmory|283\/334|[from] item: Leftovers
|turn|24
|
|switch|p1a: Talonflame|Talonflame, M|359\/359
|move|p2a: Garchomp|Fire Blast|p1a: Talonflame|[miss]
|-miss|p2a: Garchomp|p1a: Talonflame
|
|turn|25
|
|move|p2a: Garchomp|Stealth Rock|p1a: Talonflame
|-sidestart|p1: abrandt135|move: Stealth Rock
|move|p1a: Talonflame|Swords Dance|p1a: Talonflame
|-boost|p1a: Talonflame|atk|2
|
|turn|26
|
|move|p2a: Garchomp|Dragon Claw|p1a: Talonflame
|-damage|p1a: Talonflame|179\/359
|move|p1a: Talonflame|Swords Dance|p1a: Talonflame
|-boost|p1a: Talonflame|atk|2
|
|-heal|p1a: Talonflame|201\/359|[from] item: Leftovers
|turn|27
|
|move|p1a: Talonflame|Brave Bird|p2a: Garchomp
|-enditem|p2a: Garchomp|Focus Sash
|-damage|p2a: Garchomp|1\/357
|-damage|p1a: Talonflame|157\/359|[from] ability: Rough Skin|[of] p2a: Garchomp
|-damage|p1a: Talonflame|40\/359|[from] recoil|[of] p2a: Garchomp
|move|p2a: Garchomp|Dragon Claw|p1a: Talonflame
|-damage|p1a: Talonflame|0 fnt
|faint|p1a: Talonflame
|
|
|switch|p1a: Lopunny|Lopunny-Mega, F, shiny|255\/271
|-damage|p1a: Lopunny|239\/271|[from] Stealth Rock
|turn|28
|
|switch|p2a: Landorus-Therian|Landorus-Therian, M|319\/340 tox
|-ability|p2a: Landorus-Therian|Intimidate|[of] p1a: Lopunny
|-unboost|p1a: Lopunny|atk|1
|move|p1a: Lopunny|Fake Out|p2a: Landorus-Therian
|-damage|p2a: Landorus-Therian|268\/340 tox
|
|-damage|p2a: Landorus-Therian|247\/340 tox|[from] psn
|turn|29
|
|switch|p1a: Skarmory|Skarmory, M|283\/334
|-damage|p1a: Skarmory|242\/334|[from] Stealth Rock
|move|p2a: Landorus-Therian|Earthquake|p1a: Skarmory
|-immune|p1a: Skarmory|[msg]
|
|-heal|p1a: Skarmory|262\/334|[from] item: Leftovers
|-damage|p2a: Landorus-Therian|205\/340 tox|[from] psn
|turn|30
|
|switch|p2a: Metagross|Metagross|301\/301
|move|p1a: Skarmory|Stealth Rock|p2a: Metagross
|-sidestart|p2: Foop|move: Stealth Rock
|
|-heal|p1a: Skarmory|282\/334|[from] item: Leftovers
|turn|31
|
|detailschange|p2a: Metagross|Metagross-Mega
|-mega|p2a: Metagross|Metagross|Metagrossite
|move|p2a: Metagross|Hammer Arm|p1a: Skarmory
|-damage|p1a: Skarmory|184\/334
|-unboost|p2a: Metagross|spe|1
|move|p1a: Skarmory|Brave Bird|p2a: Metagross
|-resisted|p2a: Metagross
|-damage|p2a: Metagross|257\/301
|-damage|p1a: Skarmory|169\/334|[from] recoil|[of] p2a: Metagross
|
|-heal|p1a: Skarmory|189\/334|[from] item: Leftovers
|turn|32
|
|move|p2a: Metagross|Hammer Arm|p1a: Skarmory
|-damage|p1a: Skarmory|84\/334
|-unboost|p2a: Metagross|spe|1
|move|p1a: Skarmory|Roost|p1a: Skarmory
|-heal|p1a: Skarmory|251\/334
|
|-heal|p1a: Skarmory|271\/334|[from] item: Leftovers
|turn|33
|
|move|p1a: Skarmory|Brave Bird|p2a: Metagross
|-resisted|p2a: Metagross
|-damage|p2a: Metagross|217\/301
|-damage|p1a: Skarmory|258\/334|[from] recoil|[of] p2a: Metagross
|move|p2a: Metagross|Hammer Arm|p1a: Skarmory
|-damage|p1a: Skarmory|166\/334
|-unboost|p2a: Metagross|spe|1
|
|-heal|p1a: Skarmory|186\/334|[from] item: Leftovers
|turn|34
|
|move|p1a: Skarmory|Brave Bird|p2a: Metagross
|-resisted|p2a: Metagross
|-damage|p2a: Metagross|173\/301
|-damage|p1a: Skarmory|171\/334|[from] recoil|[of] p2a: Metagross
|move|p2a: Metagross|Meteor Mash|p1a: Skarmory|[miss]
|-miss|p2a: Metagross|p1a: Skarmory
|
|-heal|p1a: Skarmory|191\/334|[from] item: Leftovers
|turn|35
|
|move|p1a: Skarmory|Brave Bird|p2a: Metagross
|-resisted|p2a: Metagross
|-damage|p2a: Metagross|134\/301
|-damage|p1a: Skarmory|178\/334|[from] recoil|[of] p2a: Metagross
|move|p2a: Metagross|Meteor Mash|p1a: Skarmory
|-resisted|p1a: Skarmory
|-damage|p1a: Skarmory|115\/334
|
|-heal|p1a: Skarmory|135\/334|[from] item: Leftovers
|turn|36
|
|move|p1a: Skarmory|Roost|p1a: Skarmory
|-heal|p1a: Skarmory|302\/334
|move|p2a: Metagross|Hammer Arm|p1a: Skarmory
|-supereffective|p1a: Skarmory
|-damage|p1a: Skarmory|112\/334
|-unboost|p2a: Metagross|spe|1
|
|-heal|p1a: Skarmory|132\/334|[from] item: Leftovers
|turn|37
|
|move|p1a: Skarmory|Brave Bird|p2a: Metagross
|-resisted|p2a: Metagross
|-damage|p2a: Metagross|90\/301
|-damage|p1a: Skarmory|117\/334|[from] recoil|[of] p2a: Metagross
|move|p2a: Metagross|Meteor Mash|p1a: Skarmory
|-resisted|p1a: Skarmory
|-damage|p1a: Skarmory|50\/334
|
|-heal|p1a: Skarmory|70\/334|[from] item: Leftovers
|turn|38
|
|move|p1a: Skarmory|Brave Bird|p2a: Metagross
|-resisted|p2a: Metagross
|-damage|p2a: Metagross|45\/301
|-damage|p1a: Skarmory|55\/334|[from] recoil|[of] p2a: Metagross
|move|p2a: Metagross|Hammer Arm|p1a: Skarmory
|-damage|p1a: Skarmory|0 fnt
|-unboost|p2a: Metagross|spe|1
|faint|p1a: Skarmory
|
|
|switch|p1a: Lopunny|Lopunny-Mega, F, shiny|239\/271
|-damage|p1a: Lopunny|223\/271|[from] Stealth Rock
|turn|39
|
|switch|p2a: Garchomp|Garchomp, F|1\/357
|-damage|p2a: Garchomp|0 fnt|[from] Stealth Rock
|faint|p2a: Garchomp
|move|p1a: Lopunny|Fake Out|p2: Garchomp|[notarget]
|-notarget
|
|
|switch|p2a: Landorus-Therian|Landorus-Therian, M|205\/340 tox
|-damage|p2a: Landorus-Therian|163\/340 tox|[from] Stealth Rock
|-ability|p2a: Landorus-Therian|Intimidate|[of] p1a: Lopunny
|-unboost|p1a: Lopunny|atk|1
|turn|40
|
|move|p2a: Landorus-Therian|U-turn|p1a: Lopunny
|-resisted|p1a: Lopunny
|-damage|p1a: Lopunny|174\/271
|
|switch|p2a: Metagross|Metagross-Mega|45\/301
|-damage|p2a: Metagross|27\/301|[from] Stealth Rock
|move|p1a: Lopunny|Return|p2a: Metagross
|-resisted|p2a: Metagross
|-damage|p2a: Metagross|0 fnt
|faint|p2a: Metagross
|
|
|switch|p2a: Landorus-Therian|Landorus-Therian, M|163\/340 tox
|-damage|p2a: Landorus-Therian|121\/340 tox|[from] Stealth Rock
|-ability|p2a: Landorus-Therian|Intimidate|[of] p1a: Lopunny
|-unboost|p1a: Lopunny|atk|1
|turn|41
|
|move|p2a: Landorus-Therian|Earthquake|p1a: Lopunny
|-damage|p1a: Lopunny|0 fnt
|faint|p1a: Lopunny
|
|win|Foop
|raw|Ladder updating...
|raw|abrandt135's rating: 1430 &rarr; <strong>1406<\/strong><br \/>(-24 for losing)
|raw|Foop's rating: 1362 &rarr; <strong>1386<\/strong><br \/>(+24 for winning)
|leave|abrandt135