|join|Foop
|join|Big Brandon Carter
|player|p1|Foop|242
|player|p2|Big Brandon Carter|163
|gametype|singles
|gen|6
|tier|OU
|rated
|clearpoke
|poke|p1|Landorus-Therian, M
|poke|p1|Garchomp, F
|poke|p1|Gardevoir, F
|poke|p1|Metagross
|poke|p1|Keldeo
|poke|p1|Thundurus, M
|poke|p2|Charizard, F
|poke|p2|Latios, M
|poke|p2|Bisharp, M
|poke|p2|Thundurus, M
|poke|p2|Keldeo
|poke|p2|Hippowdon, F
|rule|Swagger Clause: Swagger is banned
|rule|Baton Pass Clause: Limit one PokÃ©mon knowing Baton Pass
|rule|Sleep Clause Mod: Limit one foe put to sleep
|rule|Species Clause: Limit one of each PokÃ©mon
|rule|OHKO Clause: OHKO moves are banned
|rule|Moody Clause: Moody is banned
|rule|Evasion Moves Clause: Evasion moves are banned
|rule|Endless Battle Clause: Forcing endless battles is banned
|rule|HP Percentage Mod: HP is shown in percentages
|teampreview
|
|start
|switch|p1a: Garchomp|Garchomp, F|357\/357
|switch|p2a: Keldeo|Keldeo|323\/323
|turn|1
|
|move|p2a: Keldeo|Hydro Pump|p1a: Garchomp
|-enditem|p1a: Garchomp|Focus Sash
|-damage|p1a: Garchomp|1\/357
|move|p1a: Garchomp|Stealth Rock|p2a: Keldeo
|-sidestart|p2: Big Brandon Carter|move: Stealth Rock
|
|turn|2
|
|move|p2a: Keldeo|Hydro Pump|p1a: Garchomp
|-damage|p1a: Garchomp|0 fnt
|faint|p1a: Garchomp
|
|
|switch|p1a: Gardevoir|Gardevoir, F|277\/277
|-ability|p1a: Gardevoir|Justified|[from] ability: Trace|[of] p2a: Keldeo
|turn|3
|
|move|p2a: Keldeo|Hydro Pump|p1a: Gardevoir
|-damage|p1a: Gardevoir|18\/277
|move|p1a: Gardevoir|Moonblast|p2a: Keldeo
|-supereffective|p2a: Keldeo
|-damage|p2a: Keldeo|0 fnt
|-damage|p1a: Gardevoir|0 fnt|[from] item: Life Orb
|faint|p2a: Keldeo
|faint|p1a: Gardevoir
|
|c|âBig Brandon Carter|hi scarf gardevoir.
|c|âBig Brandon Carter|or not.
|
|switch|p2a: Bisharp|Bisharp, M|271\/271
|switch|p1a: Metagross|Metagross|301\/301
|-damage|p2a: Bisharp|255\/271|[from] Stealth Rock
|turn|4
|
|detailschange|p1a: Metagross|Metagross-Mega
|-mega|p1a: Metagross|Metagross|Metagrossite
|move|p1a: Metagross|Hammer Arm|p2a: Bisharp
|-supereffective|p2a: Bisharp
|-damage|p2a: Bisharp|0 fnt
|-unboost|p1a: Metagross|spe|1
|faint|p2a: Bisharp
|
|
|switch|p2a: Latios|Latios, M|301\/301
|-damage|p2a: Latios|264\/301|[from] Stealth Rock
|turn|5
|
|move|p2a: Latios|Defog|p1a: Metagross
|-unboost|p1a: Metagross|evasion|1
|-sideend|p2: Big Brandon Carter|Stealth Rock|[from] move: Defog|[of] p2a: Latios
|move|p1a: Metagross|Meteor Mash|p2a: Latios
|-damage|p2a: Latios|0 fnt
|faint|p2a: Latios
|
|
|switch|p2a: Charizard|Charizard, F|298\/298
|turn|6
|
|detailschange|p2a: Charizard|Charizard-Mega-Y, F
|-mega|p2a: Charizard|Charizard|Charizardite Y
|-weather|SunnyDay
|move|p2a: Charizard|Fire Blast|p1a: Metagross
|-supereffective|p1a: Metagross
|-damage|p1a: Metagross|0 fnt
|faint|p1a: Metagross
|
|-weather|SunnyDay|[upkeep]
|
|switch|p1a: Thundurus|Thundurus, M|299\/299
|turn|7
|c|âBig Brandon Carter|50-50
|c|âBig Brandon Carter|u going keldeo or no
|
|switch|p2a: Hippowdon|Hippowdon, F|420\/420
|-weather|Sandstorm
|move|p1a: Thundurus|Thunderbolt|p2a: Hippowdon
|-immune|p2a: Hippowdon|[msg]
|
|-weather|Sandstorm|[upkeep]
|-damage|p1a: Thundurus|281\/299|[from] sandstorm
|turn|8
|
|switch|p1a: Keldeo|Keldeo|323\/323
|switch|p2a: Thundurus|Thundurus, M|300\/300
|
|-weather|Sandstorm|[upkeep]
|-damage|p2a: Thundurus|282\/300|[from] sandstorm
|-damage|p1a: Keldeo|303\/323|[from] sandstorm
|-heal|p1a: Keldeo|323\/323|[from] item: Leftovers
|turn|9
|c|âBig Brandon Carter|50-50
|c|âBig Brandon Carter|hahahahaha
|c|âBig Brandon Carter|just a lord.
|
|move|p2a: Thundurus|Hidden Power|p1a: Keldeo
|-resisted|p1a: Keldeo
|-damage|p1a: Keldeo|276\/323
|-damage|p2a: Thundurus|252\/300|[from] item: Life Orb
|move|p1a: Keldeo|Scald|p2a: Thundurus
|-damage|p2a: Thundurus|86\/300
|
|-weather|Sandstorm|[upkeep]
|-damage|p2a: Thundurus|68\/300|[from] sandstorm
|-damage|p1a: Keldeo|256\/323|[from] sandstorm
|-heal|p1a: Keldeo|276\/323|[from] item: Leftovers
|turn|10
|c|âBig Brandon Carter|FUCK
|
|switch|p1a: Landorus-Therian|Landorus-Therian, M|340\/340
|-ability|p1a: Landorus-Therian|Intimidate|[of] p2a: Thundurus
|-unboost|p2a: Thundurus|atk|1
|move|p2a: Thundurus|Hidden Power|p1a: Landorus-Therian
|-supereffective|p1a: Landorus-Therian
|-damage|p1a: Landorus-Therian|0 fnt
|-damage|p2a: Thundurus|38\/300|[from] item: Life Orb
|faint|p1a: Landorus-Therian
|
|-weather|Sandstorm|[upkeep]
|-damage|p2a: Thundurus|20\/300|[from] sandstorm
|
|switch|p1a: Thundurus|Thundurus, M|281\/299
|turn|11
|
|switch|p2a: Hippowdon|Hippowdon, F|420\/420
|move|p1a: Thundurus|Hidden Power|p2a: Hippowdon
|-supereffective|p2a: Hippowdon
|-damage|p2a: Hippowdon|212\/420
|-damage|p1a: Thundurus|252\/299|[from] item: Life Orb
|
|-weather|none
|-heal|p2a: Hippowdon|238\/420|[from] item: Leftovers
|turn|12
|
|switch|p1a: Keldeo|Keldeo|276\/323
|move|p2a: Hippowdon|Slack Off|p2a: Hippowdon
|-heal|p2a: Hippowdon|420\/420
|
|-heal|p1a: Keldeo|296\/323|[from] item: Leftovers
|turn|13
|
|switch|p1a: Thundurus|Thundurus, M|252\/299
|switch|p2a: Thundurus|Thundurus, M|20\/300
|
|turn|14
|
|move|p2a: Thundurus|Thunderbolt|p1a: Thundurus
|-damage|p1a: Thundurus|2\/299
|-damage|p2a: Thundurus|0 fnt|[from] item: Life Orb
|faint|p2a: Thundurus
|move|p1a: Thundurus|Hidden Power|p2: Thundurus|[notarget]
|-notarget
|
|
|switch|p2a: Hippowdon|Hippowdon, F|420\/420
|-weather|Sandstorm
|turn|15
|
|move|p1a: Thundurus|Hidden Power|p2a: Hippowdon
|-supereffective|p2a: Hippowdon
|-damage|p2a: Hippowdon|228\/420
|-damage|p1a: Thundurus|0 fnt|[from] item: Life Orb
|faint|p1a: Thundurus
|move|p2a: Hippowdon|Stealth Rock|p1: Thundurus
|-sidestart|p1: Foop|move: Stealth Rock
|
|-weather|Sandstorm|[upkeep]
|-heal|p2a: Hippowdon|254\/420|[from] item: Leftovers
|
|switch|p1a: Keldeo|Keldeo|296\/323
|-damage|p1a: Keldeo|276\/323|[from] Stealth Rock
|turn|16
|
|move|p1a: Keldeo|Calm Mind|p1a: Keldeo
|-boost|p1a: Keldeo|spa|1
|-boost|p1a: Keldeo|spd|1
|move|p2a: Hippowdon|Earthquake|p1a: Keldeo
|-damage|p1a: Keldeo|128\/323
|
|-weather|Sandstorm|[upkeep]
|-damage|p1a: Keldeo|108\/323|[from] sandstorm
|-heal|p1a: Keldeo|128\/323|[from] item: Leftovers
|-heal|p2a: Hippowdon|280\/420|[from] item: Leftovers
|turn|17
|
|move|p1a: Keldeo|Scald|p2a: Hippowdon
|-supereffective|p2a: Hippowdon
|-damage|p2a: Hippowdon|0 fnt
|faint|p2a: Hippowdon
|
|-weather|Sandstorm|[upkeep]
|-damage|p1a: Keldeo|108\/323|[from] sandstorm
|-heal|p1a: Keldeo|128\/323|[from] item: Leftovers
|
|switch|p2a: Charizard|Charizard-Mega-Y, F|298\/298
|-weather|SunnyDay
|turn|18
|
|move|p1a: Keldeo|Scald|p2a: Charizard
|-supereffective|p2a: Charizard
|-damage|p2a: Charizard|106\/298
|move|p2a: Charizard|Solar Beam|p1a: Keldeo|[still]
|-prepare|p2a: Charizard|Solar Beam|p1a: Keldeo
|-anim|p2a: Charizard|Solar Beam|p1a: Keldeo
|-supereffective|p1a: Keldeo
|-damage|p1a: Keldeo|0 fnt
|faint|p1a: Keldeo
|
|win|Big Brandon Carter
|raw|Ladder updating...
|raw|Foop's rating: 1626 &rarr; <strong>1606<\/strong><br \/>(-20 for losing)
|raw|Big Brandon Carter's rating: 1636 &rarr; <strong>1655<\/strong><br \/>(+19 for winning)
|leave|Foop
|c|âBig Brandon Carter|sorry bud
|c|âBig Brandon Carter|u got popped
|player|p1