|join|subzeromkx
|join|Foop
|player|p1|subzeromkx|20
|player|p2|Foop|242
|gametype|singles
|gen|6
|tier|OU
|rated
|clearpoke
|poke|p1|Celebi
|poke|p1|Gardevoir, F
|poke|p1|Bisharp, F
|poke|p1|Azumarill, M
|poke|p1|Latias, F
|poke|p1|Garchomp, F
|poke|p2|Landorus-Therian, M
|poke|p2|Garchomp, M
|poke|p2|Gardevoir, M
|poke|p2|Metagross
|poke|p2|Keldeo
|poke|p2|Thundurus, M
|rule|Swagger Clause: Swagger is banned
|rule|Baton Pass Clause: Limit one PokÃ©mon knowing Baton Pass
|rule|Sleep Clause Mod: Limit one foe put to sleep
|rule|Species Clause: Limit one of each PokÃ©mon
|rule|OHKO Clause: OHKO moves are banned
|rule|Moody Clause: Moody is banned
|rule|Evasion Moves Clause: Evasion moves are banned
|rule|Endless Battle Clause: Forcing endless battles is banned
|rule|HP Percentage Mod: HP is shown in percentages
|teampreview
|
|start
|switch|p1a: Gardevoir|Gardevoir, F|314\/314
|switch|p2a: Landorus-Therian|Landorus-Therian, M|340\/340
|-ability|p2a: Landorus-Therian|Intimidate|[of] p1a: Gardevoir
|-unboost|p1a: Gardevoir|atk|1
|-ability|p1a: Gardevoir|Intimidate|[from] ability: Trace|[of] p2a: Landorus-Therian
|-ability|p1a: Gardevoir|Intimidate|[of] p2a: Landorus-Therian
|-unboost|p2a: Landorus-Therian|atk|1
|turn|1
|
|detailschange|p1a: Gardevoir|Gardevoir-Mega, F
|-mega|p1a: Gardevoir|Gardevoir|Gardevoirite
|move|p2a: Landorus-Therian|U-turn|p1a: Gardevoir
|-damage|p1a: Gardevoir|226\/314
|
|switch|p2a: Garchomp|Garchomp, M|357\/357
|move|p1a: Gardevoir|Hyper Voice|p2a: Garchomp
|-supereffective|p2a: Garchomp
|-enditem|p2a: Garchomp|Focus Sash
|-damage|p2a: Garchomp|1\/357
|
|turn|2
|
|move|p2a: Garchomp|Stealth Rock|p1a: Gardevoir
|-sidestart|p1: subzeromkx|move: Stealth Rock
|move|p1a: Gardevoir|Hyper Voice|p2a: Garchomp
|-crit|p2a: Garchomp
|-supereffective|p2a: Garchomp
|-damage|p2a: Garchomp|0 fnt
|faint|p2a: Garchomp
|
|
|switch|p2a: Metagross|Metagross|301\/301
|turn|3
|
|switch|p1a: Kisame|Garchomp, F|420\/420
|-damage|p1a: Kisame|394\/420|[from] Stealth Rock
|detailschange|p2a: Metagross|Metagross-Mega
|-mega|p2a: Metagross|Metagross|Metagrossite
|move|p2a: Metagross|Meteor Mash|p1a: Kisame
|-damage|p1a: Kisame|220\/420
|-damage|p2a: Metagross|264\/301|[from] ability: Rough Skin|[of] p1a: Kisame
|-damage|p2a: Metagross|214\/301|[from] item: Rocky Helmet|[of] p1a: Kisame
|-boost|p2a: Metagross|atk|1
|
|turn|4
|
|move|p2a: Metagross|Meteor Mash|p1a: Kisame
|-damage|p1a: Kisame|0 fnt
|-damage|p2a: Metagross|177\/301|[from] ability: Rough Skin|[of] p1a: Kisame
|-damage|p2a: Metagross|127\/301|[from] item: Rocky Helmet|[of] p1a: Kisame
|faint|p1a: Kisame
|
|
|switch|p1a: Bisharp|Bisharp, F|272\/272
|-damage|p1a: Bisharp|255\/272|[from] Stealth Rock
|turn|5
|
|switch|p2a: Keldeo|Keldeo|323\/323
|move|p1a: Bisharp|Sucker Punch|p2a: Keldeo
|-fail|p2a: Keldeo
|
|turn|6
|
|switch|p2a: Gardevoir|Gardevoir, M|277\/277
|-ability|p2a: Gardevoir|Defiant|[from] ability: Trace|[of] p1a: Bisharp
|switch|p1a: Celebi|Celebi|403\/403
|-damage|p1a: Celebi|353\/403|[from] Stealth Rock
|
|-heal|p1a: Celebi|378\/403|[from] item: Leftovers
|turn|7
|
|move|p2a: Gardevoir|Taunt|p1a: Celebi
|-start|p1a: Celebi|move: Taunt
|cant|p1a: Celebi|move: Taunt|Thunder Wave
|
|-heal|p1a: Celebi|403\/403|[from] item: Leftovers
|turn|8
|
|move|p2a: Gardevoir|Moonblast|p1a: Celebi
|-damage|p1a: Celebi|212\/403
|-damage|p2a: Gardevoir|250\/277|[from] item: Life Orb
|move|p1a: Celebi|Giga Drain|p2a: Gardevoir
|-damage|p2a: Gardevoir|169\/277
|-heal|p1a: Celebi|253\/403|[from] drain|[of] p2a: Gardevoir
|
|-heal|p1a: Celebi|278\/403|[from] item: Leftovers
|turn|9
|
|move|p2a: Gardevoir|Moonblast|p1a: Celebi
|-damage|p1a: Celebi|79\/403
|-damage|p2a: Gardevoir|142\/277|[from] item: Life Orb
|move|p1a: Celebi|Giga Drain|p2a: Gardevoir
|-damage|p2a: Gardevoir|66\/277
|-heal|p1a: Celebi|117\/403|[from] drain|[of] p2a: Gardevoir
|
|-heal|p1a: Celebi|142\/403|[from] item: Leftovers
|-end|p1a: Celebi|move: Taunt
|turn|10
|
|move|p2a: Gardevoir|Moonblast|p1a: Celebi
|-damage|p1a: Celebi|0 fnt
|-damage|p2a: Gardevoir|39\/277|[from] item: Life Orb
|faint|p1a: Celebi
|
|
|switch|p1a: Bisharp|Bisharp, F|255\/272
|-damage|p1a: Bisharp|238\/272|[from] Stealth Rock
|turn|11
|
|move|p1a: Bisharp|Sucker Punch|p2a: Gardevoir
|-damage|p2a: Gardevoir|0 fnt
|-damage|p1a: Bisharp|211\/272|[from] item: Life Orb
|faint|p2a: Gardevoir
|
|
|switch|p2a: Keldeo|Keldeo|323\/323
|turn|12
|
|switch|p1a: Latias|Latias, F|319\/319
|-damage|p1a: Latias|280\/319|[from] Stealth Rock
|move|p2a: Keldeo|Scald|p1a: Latias
|-resisted|p1a: Latias
|-damage|p1a: Latias|226\/319
|
|turn|13
|
|switch|p2a: Landorus-Therian|Landorus-Therian, M|340\/340
|-ability|p2a: Landorus-Therian|Intimidate|[of] p1a: Latias
|-unboost|p1a: Latias|atk|1
|move|p1a: Latias|Draco Meteor|p2a: Landorus-Therian
|-damage|p2a: Landorus-Therian|50\/340
|-unboost|p1a: Latias|spa|2
|-damage|p1a: Latias|195\/319|[from] item: Life Orb
|
|turn|14
|
|switch|p1a: Gardevoir|Gardevoir-Mega, F|226\/314
|-damage|p1a: Gardevoir|187\/314|[from] Stealth Rock
|move|p2a: Landorus-Therian|U-turn|p1a: Gardevoir
|-damage|p1a: Gardevoir|50\/314
|
|switch|p2a: Thundurus|Thundurus, M|299\/299
|
|turn|15
|
|move|p2a: Thundurus|Thunderbolt|p1a: Gardevoir
|-damage|p1a: Gardevoir|0 fnt
|-damage|p2a: Thundurus|270\/299|[from] item: Life Orb
|faint|p1a: Gardevoir
|
|
|switch|p1a: Bisharp|Bisharp, F|211\/272
|-damage|p1a: Bisharp|194\/272|[from] Stealth Rock
|turn|16
|
|switch|p2a: Keldeo|Keldeo|323\/323
|move|p1a: Bisharp|Swords Dance|p1a: Bisharp
|-boost|p1a: Bisharp|atk|2
|
|turn|17
|
|switch|p1a: Azumarill|Azumarill, M|363\/363
|-damage|p1a: Azumarill|318\/363|[from] Stealth Rock
|move|p2a: Keldeo|Substitute|p2a: Keldeo
|-start|p2a: Keldeo|Substitute
|-damage|p2a: Keldeo|243\/323
|
|-heal|p2a: Keldeo|263\/323|[from] item: Leftovers
|turn|18
|
|move|p2a: Keldeo|Scald|p1a: Azumarill
|-resisted|p1a: Azumarill
|-damage|p1a: Azumarill|240\/363
|move|p1a: Azumarill|Waterfall|p2a: Keldeo
|-resisted|p2a: Keldeo
|-end|p2a: Keldeo|Substitute
|
|-heal|p2a: Keldeo|283\/323|[from] item: Leftovers
|turn|19
|
|switch|p2a: Landorus-Therian|Landorus-Therian, M|50\/340
|-ability|p2a: Landorus-Therian|Intimidate|[of] p1a: Azumarill
|-unboost|p1a: Azumarill|atk|1
|move|p1a: Azumarill|Waterfall|p2a: Landorus-Therian
|-supereffective|p2a: Landorus-Therian
|-damage|p2a: Landorus-Therian|0 fnt
|faint|p2a: Landorus-Therian
|
|
|switch|p2a: Thundurus|Thundurus, M|270\/299
|turn|20
|
|switch|p1a: Latias|Latias, F|195\/319
|-damage|p1a: Latias|156\/319|[from] Stealth Rock
|move|p2a: Thundurus|Thunderbolt|p1a: Latias
|-resisted|p1a: Latias
|-damage|p1a: Latias|72\/319
|-status|p1a: Latias|par
|-damage|p2a: Thundurus|241\/299|[from] item: Life Orb
|
|turn|21
|
|switch|p2a: Metagross|Metagross-Mega|127\/301
|move|p1a: Latias|Draco Meteor|p2a: Metagross|[miss]
|-miss|p1a: Latias|p2a: Metagross
|
|turn|22
|-message|subzeromkx forfeited.
|leave|subzeromkx
|
|win|Foop
|raw|Ladder updating...
|player|p1
|raw|subzeromkx's rating: 1673 &rarr; <strong>1649<\/strong><br \/>(-24 for losing)
|raw|Foop's rating: 1604 &rarr; <strong>1628<\/strong><br \/>(+24 for winning)
|leave|Foop
|player|p2
|join|Foop