|join|Foop
|join|El Lechero Boricua
|player|p1|Foop|170
|player|p2|El Lechero Boricua|261
|gametype|singles
|tier|OU (current)
|rated
|rule|Evasion Abilities Clause: Evasion abilities are banned
|clearpoke
|poke|p1|Tyranitar, M
|poke|p1|Landorus, M
|poke|p1|Garchomp, F
|poke|p1|Jirachi
|poke|p1|Keldeo
|poke|p1|Celebi
|poke|p2|Smeargle, M
|poke|p2|Togekiss, F
|poke|p2|Conkeldurr, M
|poke|p2|Reuniclus, F, shiny
|poke|p2|Machamp, F
|poke|p2|Salamence, M, shiny
|rule|Sleep Clause Mod: Limit one foe put to sleep
|rule|Species Clause: Limit one of each Pokemon
|rule|OHKO Clause: OHKO moves are banned
|rule|Moody Clause: Moody is banned
|rule|Evasion Moves Clause: Evasion moves are banned
|rule|HP Percentage Mod: HP is reported as percentages
|teampreview
|callback|decision
|
|start
|switch|p1a: Chani|Jirachi|373\/373
|switch|p2a: Smeargle|Smeargle, M|314\/314
|turn|1
|callback|decision
|
|move|p1a: Chani|U-turn|p2a: Smeargle
|-damage|p2a: Smeargle|141\/314
|callback|decision
|
|switch|p1a: Dionysus|Celebi|404\/404
|move|p2a: Smeargle|Spore|p1a: Dionysus
|-status|p1a: Dionysus|slp
|
|turn|2
|callback|decision
|
|switch|p1a: Chani|Jirachi|373\/373
|move|p2a: Smeargle|Shell Smash|p2a: Smeargle
|-boost|p2a: Smeargle|atk|2
|-boost|p2a: Smeargle|spa|2
|-boost|p2a: Smeargle|spe|2
|-unboost|p2a: Smeargle|def|1
|-unboost|p2a: Smeargle|spd|1
|
|turn|3
|callback|decision
|
|move|p2a: Smeargle|Baton Pass|p2a: Smeargle
|callback|decision
|
|switch|p2a: Togekiss|Togekiss, F|311\/311
|-enditem|p2a: Togekiss|White Herb
|-restoreboost|p2a: Togekiss|[silent]
|move|p1a: Chani|Iron Head|p2a: Togekiss
|-damage|p2a: Togekiss|190\/311
|
|turn|4
|callback|decision
|
|switch|p1a: Meshugah|Tyranitar, M|386\/386
|-weather|Sandstorm|[from] ability: Sand Stream|[of] p1a: Meshugah
|move|p2a: Togekiss|Flamethrower|p1a: Meshugah
|-resisted|p1a: Meshugah
|-damage|p1a: Meshugah|311\/386
|
|-weather|Sandstorm|[upkeep]
|-damage|p2a: Togekiss|171\/311|[from] sandstorm
|turn|5
|callback|decision
|
|move|p2a: Togekiss|Aura Sphere|p1a: Meshugah
|-supereffective|p1a: Meshugah
|-damage|p1a: Meshugah|0 fnt
|faint|p1a: Meshugah
|
|-weather|Sandstorm|[upkeep]
|-damage|p2a: Togekiss|152\/311|[from] sandstorm
|callback|decision
|
|switch|p1a: Chani|Jirachi|373\/373
|turn|6
|callback|decision
|
|move|p1a: Chani|Ice Punch|p2a: Togekiss
|-supereffective|p2a: Togekiss
|-damage|p2a: Togekiss|18\/311
|move|p2a: Togekiss|Flamethrower|p1a: Chani
|-supereffective|p1a: Chani
|-damage|p1a: Chani|0 fnt
|faint|p1a: Chani
|
|-weather|Sandstorm|[upkeep]
|-damage|p2a: Togekiss|0 fnt|[from] sandstorm
|faint|p2a: Togekiss
|callback|decision
|
|switch|p1a: Dakuwaqa|Garchomp, F|358\/358
|switch|p2a: Smeargle|Smeargle, M|141\/314
|turn|7
|callback|decision
|
|move|p1a: Dakuwaqa|Earthquake|p2a: Smeargle
|-damage|p2a: Smeargle|0 fnt
|faint|p2a: Smeargle
|
|-weather|Sandstorm|[upkeep]
|callback|decision
|
|switch|p2a: Salamence|Salamence, M, shiny|331\/331
|turn|8
|callback|decision
|
|move|p2a: Salamence|Outrage|p1a: Dakuwaqa
|-supereffective|p1a: Dakuwaqa
|-enditem|p1a: Dakuwaqa|Focus Sash
|-damage|p1a: Dakuwaqa|1\/358
|-damage|p2a: Salamence|290\/331|[from] ability: Rough Skin|[of] p1a: Dakuwaqa
|move|p1a: Dakuwaqa|Outrage|p2a: Salamence
|-supereffective|p2a: Salamence
|-damage|p2a: Salamence|0 fnt
|faint|p2a: Salamence
|
|-weather|Sandstorm|[upkeep]
|callback|decision
|
|switch|p2a: Conkeldurr|Conkeldurr, M|413\/413
|turn|9
|callback|decision
|
|move|p2a: Conkeldurr|Mach Punch|p1a: Dakuwaqa
|-damage|p1a: Dakuwaqa|0 fnt
|-damage|p2a: Conkeldurr|362\/413|[from] ability: Rough Skin|[of] p1a: Dakuwaqa
|faint|p1a: Dakuwaqa
|
|-weather|Sandstorm|[upkeep]
|-damage|p2a: Conkeldurr|337\/413|[from] sandstorm
|-activate|p2a: Conkeldurr|item: Flame Orb
|-status|p2a: Conkeldurr|brn
|callback|decision
|
|switch|p1a: Landorus|Landorus, M|333\/333
|turn|10
|callback|decision
|
|move|p1a: Landorus|Psychic|p2a: Conkeldurr
|-supereffective|p2a: Conkeldurr
|-damage|p2a: Conkeldurr|0 fnt
|faint|p2a: Conkeldurr
|
|-weather|Sandstorm|[upkeep]
|callback|decision
|
|switch|p2a: Machamp|Machamp, F|384\/384
|turn|11
|callback|decision
|
|move|p1a: Landorus|Psychic|p2a: Machamp
|-supereffective|p2a: Machamp
|-damage|p2a: Machamp|0 fnt
|faint|p2a: Machamp
|
|-weather|Sandstorm|[upkeep]
|callback|decision
|
|switch|p2a: Reuniclus|Reuniclus, F, shiny|423\/423
|turn|12
|callback|decision
|
|move|p1a: Landorus|Earth Power|p2a: Reuniclus
|-damage|p2a: Reuniclus|167\/423
|move|p2a: Reuniclus|Calm Mind|p2a: Reuniclus
|-boost|p2a: Reuniclus|spa|1
|-boost|p2a: Reuniclus|spd|1
|
|-weather|Sandstorm|[upkeep]
|-heal|p2a: Reuniclus|193\/423|[from] item: Leftovers
|turn|13
|callback|decision
|
|move|p1a: Landorus|Earth Power|p2a: Reuniclus
|-damage|p2a: Reuniclus|7\/423
|move|p2a: Reuniclus|Recover|p2a: Reuniclus
|-heal|p2a: Reuniclus|219\/423
|
|-weather|Sandstorm|[upkeep]
|-heal|p2a: Reuniclus|245\/423|[from] item: Leftovers
|turn|14
|callback|decision
|
|switch|p1a: Dionysus|Celebi|404\/404
|move|p2a: Reuniclus|Recover|p2a: Reuniclus
|-heal|p2a: Reuniclus|423\/423
|
|-weather|Sandstorm|[upkeep]
|-damage|p1a: Dionysus|379\/404|[from] sandstorm
|-heal|p1a: Dionysus|404\/404|[from] item: Leftovers
|turn|15
|callback|decision
|
|move|p1a: Dionysus|Nasty Plot|p1a: Dionysus
|-boost|p1a: Dionysus|spa|2
|move|p2a: Reuniclus|Calm Mind|p2a: Reuniclus
|-boost|p2a: Reuniclus|spa|1
|-boost|p2a: Reuniclus|spd|1
|
|-weather|Sandstorm|[upkeep]
|-damage|p1a: Dionysus|379\/404|[from] sandstorm
|-heal|p1a: Dionysus|404\/404|[from] item: Leftovers
|turn|16
|callback|decision
|
|move|p1a: Dionysus|Nasty Plot|p1a: Dionysus
|-boost|p1a: Dionysus|spa|2
|move|p2a: Reuniclus|Psyshock|p1a: Dionysus
|-resisted|p1a: Dionysus
|-damage|p1a: Dionysus|287\/404
|
|-weather|Sandstorm|[upkeep]
|-damage|p1a: Dionysus|262\/404|[from] sandstorm
|-heal|p1a: Dionysus|287\/404|[from] item: Leftovers
|turn|17
|callback|decision
|
|move|p1a: Dionysus|Baton Pass|p1a: Dionysus
|callback|decision
|
|switch|p1a: Landorus|Landorus, M|333\/333
|move|p2a: Reuniclus|Calm Mind|p2a: Reuniclus
|-boost|p2a: Reuniclus|spa|1
|-boost|p2a: Reuniclus|spd|1
|
|-weather|Sandstorm|[upkeep]
|turn|18
|callback|decision
|
|move|p1a: Landorus|Earth Power|p2a: Reuniclus
|-damage|p2a: Reuniclus|83\/423
|move|p2a: Reuniclus|Psyshock|p1a: Landorus
|-crit|p1a: Landorus
|-damage|p1a: Landorus|0 fnt
|faint|p1a: Landorus
|
|-weather|Sandstorm|[upkeep]
|-heal|p2a: Reuniclus|109\/423|[from] item: Leftovers
|callback|decision
|
|switch|p1a: d'Artagnan|Keldeo|324\/324
|turn|19
|callback|decision
|
|move|p1a: d'Artagnan|Hydro Pump|p2a: Reuniclus
|-damage|p2a: Reuniclus|22\/423
|move|p2a: Reuniclus|Psyshock|p1a: d'Artagnan
|-supereffective|p1a: d'Artagnan
|-damage|p1a: d'Artagnan|0 fnt
|faint|p1a: d'Artagnan
|
|-weather|Sandstorm|[upkeep]
|-heal|p2a: Reuniclus|48\/423|[from] item: Leftovers
|callback|decision
|
|switch|p1a: Dionysus|Celebi|287\/404
|turn|20
|callback|decision
|
|move|p1a: Dionysus|Nasty Plot|p1a: Dionysus
|-boost|p1a: Dionysus|spa|2
|move|p2a: Reuniclus|Recover|p2a: Reuniclus
|-heal|p2a: Reuniclus|260\/423
|
|-weather|Sandstorm|[upkeep]
|-damage|p1a: Dionysus|262\/404|[from] sandstorm
|-heal|p1a: Dionysus|287\/404|[from] item: Leftovers
|-heal|p2a: Reuniclus|286\/423|[from] item: Leftovers
|turn|21
|callback|decision
|
|move|p1a: Dionysus|Nasty Plot|p1a: Dionysus
|-boost|p1a: Dionysus|spa|2
|move|p2a: Reuniclus|Calm Mind|p2a: Reuniclus
|-boost|p2a: Reuniclus|spa|1
|-boost|p2a: Reuniclus|spd|1
|
|-weather|Sandstorm|[upkeep]
|-damage|p1a: Dionysus|262\/404|[from] sandstorm
|-heal|p1a: Dionysus|287\/404|[from] item: Leftovers
|-heal|p2a: Reuniclus|312\/423|[from] item: Leftovers
|turn|22
|callback|decision
|
|move|p1a: Dionysus|Psychic|p2a: Reuniclus
|-resisted|p2a: Reuniclus
|-damage|p2a: Reuniclus|261\/423
|move|p2a: Reuniclus|Calm Mind|p2a: Reuniclus
|-boost|p2a: Reuniclus|spa|1
|-boost|p2a: Reuniclus|spd|1
|
|-weather|Sandstorm|[upkeep]
|-damage|p1a: Dionysus|262\/404|[from] sandstorm
|-heal|p1a: Dionysus|287\/404|[from] item: Leftovers
|-heal|p2a: Reuniclus|287\/423|[from] item: Leftovers
|turn|23
|callback|decision
|-message|Foop forfeited.
|
|win|El Lechero Boricua
|raw|Ladder updating...
|leave|Foop
|player|p1
|raw|Foop's rating: 2015 &rarr; <strong>2008<\/strong><br \/>(-7 for losing)
|raw|El Lechero Boricua's rating: 1735 &rarr; <strong>1755<\/strong><br \/>(+20 for winning)