|join|Foop
|join|iKhanic
|player|p1|Foop|170
|player|p2|iKhanic|1
|gametype|singles
|tier|OU (current)
|rated
|rule|Evasion Abilities Clause: Evasion abilities are banned
|clearpoke
|poke|p1|Tyranitar, M
|poke|p1|Landorus, M
|poke|p1|Garchomp, F
|poke|p1|Jirachi
|poke|p1|Keldeo
|poke|p1|Latias, F
|poke|p2|Ninetales, M
|poke|p2|Charizard, M
|poke|p2|Espeon, M
|poke|p2|Venusaur, M
|poke|p2|Salamence, F
|poke|p2|Chandelure, F
|rule|Sleep Clause Mod: Limit one foe put to sleep
|rule|Species Clause: Limit one of each Pokemon
|rule|OHKO Clause: OHKO moves are banned
|rule|Moody Clause: Moody is banned
|rule|Evasion Moves Clause: Evasion moves are banned
|rule|HP Percentage Mod: HP is reported as percentages
|teampreview
|callback|decision
|
|start
|switch|p1a: Dakuwaqa|Garchomp, F|358\/358
|switch|p2a: Espeon|Espeon, M|272\/272
|-item|p2a: Espeon|Air Balloon
|turn|1
|callback|decision
|
|switch|p2a: Venusaur|Venusaur, M|301\/301
|switch|p1a: Meshugah|Tyranitar, M|386\/386
|-weather|Sandstorm|[from] ability: Sand Stream|[of] p1a: Meshugah
|
|-weather|Sandstorm|[upkeep]
|-damage|p2a: Venusaur|283\/301|[from] sandstorm
|-heal|p2a: Venusaur|301\/301|[from] item: Black Sludge
|turn|2
|callback|decision
|
|move|p2a: Venusaur|Growth|p2a: Venusaur
|-boost|p2a: Venusaur|atk|1
|-boost|p2a: Venusaur|spa|1
|move|p1a: Meshugah|Crunch|p2a: Venusaur
|-damage|p2a: Venusaur|0 fnt
|faint|p2a: Venusaur
|
|-weather|Sandstorm|[upkeep]
|callback|decision
|
|switch|p2a: Rocky|Charizard, M|297\/297
|turn|3
|callback|decision
|
|move|p2a: Rocky|Focus Blast|p1a: Meshugah
|-supereffective|p1a: Meshugah
|-damage|p1a: Meshugah|0 fnt
|faint|p1a: Meshugah
|
|-weather|Sandstorm|[upkeep]
|-damage|p2a: Rocky|279\/297|[from] sandstorm
|callback|decision
|
|switch|p1a: Dionysus|Latias, F|364\/364
|turn|4
|callback|decision
|
|switch|p2a: Ninetales|Ninetales, M|343\/343
|-weather|SunnyDay|[from] ability: Drought|[of] p2a: Ninetales
|move|p1a: Dionysus|Psyshock|p2a: Ninetales
|-damage|p2a: Ninetales|178\/343
|-damage|p1a: Dionysus|328\/364|[from] item: Life Orb
|
|-weather|SunnyDay|[upkeep]
|-heal|p2a: Ninetales|199\/343|[from] item: Leftovers
|turn|5
|callback|decision
|
|move|p1a: Dionysus|Psyshock|p2a: Ninetales
|-damage|p2a: Ninetales|12\/343
|-damage|p1a: Dionysus|292\/364|[from] item: Life Orb
|move|p2a: Ninetales|Will-O-Wisp|p1a: Dionysus
|-status|p1a: Dionysus|brn
|
|-weather|SunnyDay|[upkeep]
|-heal|p2a: Ninetales|33\/343|[from] item: Leftovers
|-damage|p1a: Dionysus|247\/364 brn|[from] brn
|turn|6
|callback|decision
|
|switch|p2a: Chandelure|Chandelure, F|261\/261
|move|p1a: Dionysus|Hidden Power|p2a: Chandelure
|-start|p2a: Chandelure|ability: Flash Fire
|
|-weather|SunnyDay|[upkeep]
|-damage|p1a: Dionysus|202\/364 brn|[from] brn
|turn|7
|callback|decision
|
|move|p2a: Chandelure|Fire Blast|p1a: Dionysus
|-resisted|p1a: Dionysus
|-damage|p1a: Dionysus|0 fnt
|faint|p1a: Dionysus
|
|-weather|SunnyDay|[upkeep]
|callback|decision
|
|switch|p1a: Dakuwaqa|Garchomp, F|358\/358
|turn|8
|callback|decision
|
|move|p2a: Chandelure|Fire Blast|p1a: Dakuwaqa
|-resisted|p1a: Dakuwaqa
|-enditem|p1a: Dakuwaqa|Focus Sash
|-damage|p1a: Dakuwaqa|1\/358
|-status|p1a: Dakuwaqa|brn
|move|p1a: Dakuwaqa|Earthquake|p2a: Chandelure
|-supereffective|p2a: Chandelure
|-damage|p2a: Chandelure|81\/261
|
|-weather|SunnyDay|[upkeep]
|-damage|p1a: Dakuwaqa|0 fnt|[from] brn
|faint|p1a: Dakuwaqa
|callback|decision
|
|switch|p1a: Chani|Jirachi|341\/341
|turn|9
|callback|decision
|
|move|p1a: Chani|ThunderPunch|p2a: Chandelure
|-damage|p2a: Chandelure|2\/261
|move|p2a: Chandelure|Fire Blast|p1a: Chani
|-supereffective|p1a: Chani
|-damage|p1a: Chani|0 fnt
|faint|p1a: Chani
|
|-weather|SunnyDay|[upkeep]
|callback|decision
|
|switch|p1a: d'Artagnan|Keldeo|324\/324
|turn|10
|callback|decision
|
|move|p2a: Chandelure|Fire Blast|p1a: d'Artagnan
|-resisted|p1a: d'Artagnan
|-damage|p1a: d'Artagnan|7\/324
|move|p1a: d'Artagnan|Hydro Pump|p2a: Chandelure
|-supereffective|p2a: Chandelure
|-damage|p2a: Chandelure|0 fnt
|faint|p2a: Chandelure
|
|-weather|SunnyDay|[upkeep]
|-heal|p1a: d'Artagnan|27\/324|[from] item: Leftovers
|callback|decision
|
|switch|p2a: Espeon|Espeon, M|272\/272
|-item|p2a: Espeon|Air Balloon
|turn|11
|callback|decision
|
|move|p2a: Espeon|Calm Mind|p2a: Espeon
|-boost|p2a: Espeon|spa|1
|-boost|p2a: Espeon|spd|1
|move|p1a: d'Artagnan|Secret Sword|p2a: Espeon
|-resisted|p2a: Espeon
|-damage|p2a: Espeon|165\/272
|-enditem|p2a: Espeon|Air Balloon
|
|-weather|SunnyDay|[upkeep]
|-heal|p1a: d'Artagnan|47\/324|[from] item: Leftovers
|turn|12
|callback|decision
|
|move|p2a: Espeon|Stored Power|p1a: d'Artagnan
|-supereffective|p1a: d'Artagnan
|-damage|p1a: d'Artagnan|0 fnt
|faint|p1a: d'Artagnan
|
|-weather|SunnyDay|[upkeep]
|callback|decision
|
|switch|p1a: Landorus|Landorus, M|333\/333
|turn|13
|callback|decision
|
|switch|p2a: Rocky|Charizard, M|279\/297
|move|p1a: Landorus|Rock Polish|p1a: Landorus
|-boost|p1a: Landorus|spe|2
|
|-weather|SunnyDay|[upkeep]
|-damage|p2a: Rocky|242\/297|[from] ability: Solar Power
|turn|14
|callback|decision
|
|move|p1a: Landorus|Psychic|p2a: Rocky
|-damage|p2a: Rocky|48\/297
|move|p2a: Rocky|Fire Blast|p1a: Landorus
|-damage|p1a: Landorus|0 fnt
|faint|p1a: Landorus
|
|win|iKhanic
|raw|Ladder updating...
|raw|Foop's rating: 2057 &rarr; <strong>2050<\/strong><br \/>(-7 for losing)
|raw|iKhanic's rating: 1623 &rarr; <strong>1654<\/strong><br \/>(+31 for winning)
|leave|Foop
|player|p1