|join|Foop
|join|Starcrunch
|player|p1|Foop|170
|player|p2|Starcrunch|290
|gametype|singles
|tier|OU (current)
|rated
|rule|Evasion Abilities Clause: Evasion abilities are banned
|clearpoke
|poke|p1|Tyranitar, M
|poke|p1|Landorus, M
|poke|p1|Garchomp, M
|poke|p1|Jirachi
|poke|p1|Keldeo
|poke|p1|Latias, F
|poke|p2|Forretress, M
|poke|p2|Politoed, M
|poke|p2|Rotom-Wash
|poke|p2|Jolteon, F
|poke|p2|Scizor, M
|poke|p2|Mienshao, F
|rule|Sleep Clause Mod: Limit one foe put to sleep
|rule|Species Clause: Limit one of each Pokemon
|rule|OHKO Clause: OHKO moves are banned
|rule|Moody Clause: Moody is banned
|rule|Evasion Moves Clause: Evasion moves are banned
|rule|HP Percentage Mod: HP is reported as percentages
|teampreview
|callback|decision
|chat|Starcrunch|gl
|
|start
|switch|p1a: Dakuwaqa|Garchomp, M|358\/358
|switch|p2a: AmpÃ¨re|Rotom-Wash|304\/304
|turn|1
|callback|decision
|
|switch|p1a: Dionysus|Latias, F|364\/364
|move|p2a: AmpÃ¨re|Trick|p1a: Dionysus
|-activate|p2a: AmpÃ¨re|move: Trick|[of] p1a: Dionysus
|-item|p1a: Dionysus|Choice Specs|[from] move: Trick
|-item|p2a: AmpÃ¨re|Leftovers|[from] move: Trick
|
|turn|2
|callback|decision
|
|switch|p1a: Dakuwaqa|Garchomp, M|358\/358
|move|p2a: AmpÃ¨re|Volt Switch|p1a: Dakuwaqa
|-immune|p1a: Dakuwaqa|[msg]
|
|turn|3
|callback|decision
|
|move|p1a: Dakuwaqa|Stealth Rock|p2a: AmpÃ¨re
|-sidestart|p2: Starcrunch|move: Stealth Rock
|move|p2a: AmpÃ¨re|Trick|p1a: Dakuwaqa
|-activate|p2a: AmpÃ¨re|move: Trick|[of] p1a: Dakuwaqa
|-item|p1a: Dakuwaqa|Leftovers|[from] move: Trick
|-item|p2a: AmpÃ¨re|Focus Sash|[from] move: Trick
|
|turn|4
|callback|decision
|
|move|p1a: Dakuwaqa|Outrage|p2a: AmpÃ¨re
|-damage|p2a: AmpÃ¨re|108\/304
|move|p2a: AmpÃ¨re|Hydro Pump|p1a: Dakuwaqa
|-damage|p1a: Dakuwaqa|114\/358
|
|-heal|p1a: Dakuwaqa|136\/358|[from] item: Leftovers
|turn|5
|callback|decision
|
|switch|p2a: Centripetal Force|Forretress, M|354\/354
|-damage|p2a: Centripetal Force|310\/354|[from] Stealth Rock
|move|p1a: Dakuwaqa|Outrage|p2a: Centripetal Force
|-resisted|p2a: Centripetal Force
|-damage|p2a: Centripetal Force|250\/354
|
|-heal|p1a: Dakuwaqa|158\/358|[from] item: Leftovers
|-heal|p2a: Centripetal Force|272\/354|[from] item: Leftovers
|turn|6
|callback|decision
|
|move|p1a: Dakuwaqa|Outrage|p2a: Centripetal Force
|-resisted|p2a: Centripetal Force
|-damage|p2a: Centripetal Force|217\/354
|move|p2a: Centripetal Force|Rapid Spin|p1a: Dakuwaqa
|-damage|p1a: Dakuwaqa|143\/358
|-damage|p2a: Centripetal Force|173\/354|[from] ability: Rough Skin|[of] p1a: Dakuwaqa
|-sideend|p2: Starcrunch|Stealth Rock|[from] move: Rapid Spin|[of] p2a: Centripetal Force
|
|-end|p1a: Dakuwaqa|rampage
|-start|p1a: Dakuwaqa|confusion
|-heal|p1a: Dakuwaqa|165\/358|[from] item: Leftovers
|-heal|p2a: Centripetal Force|195\/354|[from] item: Leftovers
|turn|7
|callback|decision
|
|switch|p2a: AmpÃ¨re|Rotom-Wash|108\/304
|-activate|p1a: Dakuwaqa|confusion
|move|p1a: Dakuwaqa|Stealth Rock|p2a: AmpÃ¨re
|-sidestart|p2: Starcrunch|move: Stealth Rock
|
|-heal|p1a: Dakuwaqa|187\/358|[from] item: Leftovers
|turn|8
|callback|decision
|
|switch|p1a: d'Artagnan|Keldeo|324\/324
|move|p2a: AmpÃ¨re|Hydro Pump|p1a: d'Artagnan
|-resisted|p1a: d'Artagnan
|-damage|p1a: d'Artagnan|215\/324
|
|-heal|p1a: d'Artagnan|235\/324|[from] item: Leftovers
|turn|9
|callback|decision
|
|move|p1a: d'Artagnan|Secret Sword|p2a: AmpÃ¨re
|-damage|p2a: AmpÃ¨re|0 fnt
|faint|p2a: AmpÃ¨re
|
|-heal|p1a: d'Artagnan|255\/324|[from] item: Leftovers
|callback|decision
|
|switch|p2a: Vajra|Jolteon, F|272\/272
|-damage|p2a: Vajra|238\/272|[from] Stealth Rock
|turn|10
|callback|decision
|
|switch|p1a: Meshugah|Tyranitar, M|386\/386
|-weather|Sandstorm|[from] ability: Sand Stream|[of] p1a: Meshugah
|move|p2a: Vajra|Volt Switch|p1a: Meshugah
|-damage|p1a: Meshugah|317\/386
|callback|decision
|
|switch|p2a: Shao Tse|Mienshao, F|271\/271
|-damage|p2a: Shao Tse|255\/271|[from] Stealth Rock
|
|-weather|Sandstorm|[upkeep]
|-damage|p2a: Shao Tse|239\/271|[from] sandstorm
|turn|11
|callback|decision
|
|move|p2a: Shao Tse|U-turn|p1a: Meshugah
|-supereffective|p1a: Meshugah
|-damage|p1a: Meshugah|106\/386
|-damage|p2a: Shao Tse|212\/271|[from] item: Life Orb
|callback|decision
|
|switch|p2a: Centripetal Force|Forretress, M|195\/354
|-damage|p2a: Centripetal Force|151\/354|[from] Stealth Rock
|move|p1a: Meshugah|Stone Edge|p2a: Centripetal Force
|-damage|p2a: Centripetal Force|0 fnt
|faint|p2a: Centripetal Force
|
|-weather|Sandstorm|[upkeep]
|callback|decision
|
|switch|p2a: Jockz|Politoed, M|322\/322
|-damage|p2a: Jockz|282\/322|[from] Stealth Rock
|-weather|RainDance|[from] ability: Drizzle|[of] p2a: Jockz
|turn|12
|callback|decision
|
|move|p2a: Jockz|Hydro Pump|p1a: Meshugah
|-supereffective|p1a: Meshugah
|-damage|p1a: Meshugah|0 fnt
|faint|p1a: Meshugah
|
|-weather|RainDance|[upkeep]
|callback|decision
|
|switch|p1a: Chani|Jirachi|373\/373
|turn|13
|callback|decision
|chat|Starcrunch|lol
|chat|Starcrunch|her name
|chat|Starcrunch|that's awesome
|
|move|p1a: Chani|U-turn|p2a: Jockz
|-damage|p2a: Jockz|186\/322
|callback|decision
|
|switch|p1a: Dionysus|Latias, F|364\/364
|move|p2a: Jockz|Hydro Pump|p1a: Dionysus
|-resisted|p1a: Dionysus
|-damage|p1a: Dionysus|252\/364
|
|-weather|RainDance|[upkeep]
|turn|14
|callback|decision
|
|switch|p2a: Shinkansen|Scizor, M|340\/340
|-damage|p2a: Shinkansen|298\/340|[from] Stealth Rock
|switch|p1a: d'Artagnan|Keldeo|255\/324
|
|-weather|RainDance|[upkeep]
|-heal|p1a: d'Artagnan|275\/324|[from] item: Leftovers
|turn|15
|callback|decision
|
|move|p1a: d'Artagnan|Hydro Pump|p2a: Shinkansen
|-damage|p2a: Shinkansen|0 fnt
|faint|p2a: Shinkansen
|
|-weather|RainDance|[upkeep]
|-heal|p1a: d'Artagnan|295\/324|[from] item: Leftovers
|callback|decision
|
|switch|p2a: Vajra|Jolteon, F|238\/272
|-damage|p2a: Vajra|204\/272|[from] Stealth Rock
|turn|16
|callback|decision
|
|switch|p1a: Landorus|Landorus, M|333\/333
|move|p2a: Vajra|Hidden Power|p1a: Landorus
|-supereffective|p1a: Landorus
|-damage|p1a: Landorus|0 fnt
|faint|p1a: Landorus
|
|-weather|RainDance|[upkeep]
|callback|decision
|
|switch|p1a: Chani|Jirachi|373\/373
|turn|17
|callback|decision
|
|move|p1a: Chani|U-turn|p2a: Vajra
|-damage|p2a: Vajra|87\/272
|callback|decision
|
|switch|p1a: Dakuwaqa|Garchomp, M|187\/358
|move|p2a: Vajra|Thunder|p1a: Dakuwaqa
|-immune|p1a: Dakuwaqa|[msg]
|
|-weather|RainDance|[upkeep]
|-heal|p1a: Dakuwaqa|209\/358|[from] item: Leftovers
|turn|18
|callback|decision
|
|switch|p1a: Chani|Jirachi|373\/373
|move|p2a: Vajra|Thunder|p1a: Chani
|-crit|p1a: Chani
|-damage|p1a: Chani|0 fnt
|faint|p1a: Chani
|
|-weather|RainDance|[upkeep]
|callback|decision
|chat|Starcrunch|I'm sorry
|
|switch|p1a: Dionysus|Latias, F|252\/364
|turn|19
|callback|decision
|
|move|p2a: Vajra|Volt Switch|p1a: Dionysus
|-resisted|p1a: Dionysus
|-damage|p1a: Dionysus|211\/364
|callback|decision
|
|switch|p2a: Shao Tse|Mienshao, F|271\/271
|-damage|p2a: Shao Tse|255\/271|[from] Stealth Rock
|move|p1a: Dionysus|Dragon Pulse|p2a: Shao Tse
|-damage|p2a: Shao Tse|0 fnt
|faint|p2a: Shao Tse
|
|-weather|RainDance|[upkeep]
|callback|decision
|
|switch|p2a: Jockz|Politoed, M|186\/322
|-damage|p2a: Jockz|146\/322|[from] Stealth Rock
|turn|20
|callback|decision
|
|switch|p1a: Dakuwaqa|Garchomp, M|209\/358
|move|p2a: Jockz|Ice Beam|p1a: Dakuwaqa
|-crit|p1a: Dakuwaqa
|-supereffective|p1a: Dakuwaqa
|-damage|p1a: Dakuwaqa|0 fnt
|faint|p1a: Dakuwaqa
|
|-weather|RainDance|[upkeep]
|callback|decision
|
|switch|p1a: d'Artagnan|Keldeo|295\/324
|turn|21
|callback|decision
|
|move|p2a: Jockz|Ice Beam|p1a: d'Artagnan
|-resisted|p1a: d'Artagnan
|-damage|p1a: d'Artagnan|246\/324
|move|p1a: d'Artagnan|Secret Sword|p2a: Jockz
|-damage|p2a: Jockz|0 fnt
|faint|p2a: Jockz
|
|-weather|RainDance|[upkeep]
|-heal|p1a: d'Artagnan|266\/324|[from] item: Leftovers
|callback|decision
|
|switch|p2a: Vajra|Jolteon, F|87\/272
|-damage|p2a: Vajra|53\/272|[from] Stealth Rock
|turn|22
|callback|decision
|
|move|p2a: Vajra|Thunder|p1a: d'Artagnan
|-supereffective|p1a: d'Artagnan
|-damage|p1a: d'Artagnan|0 fnt
|faint|p1a: d'Artagnan
|
|-weather|RainDance|[upkeep]
|callback|decision
|
|switch|p1a: Dionysus|Latias, F|211\/364
|turn|23
|callback|decision
|
|move|p2a: Vajra|Shadow Ball|p1a: Dionysus
|-supereffective|p1a: Dionysus
|-damage|p1a: Dionysus|51\/364
|move|p1a: Dionysus|Dragon Pulse|p2a: Vajra
|-damage|p2a: Vajra|0 fnt
|faint|p2a: Vajra
|
|win|Foop
|raw|Ladder updating...
|raw|Foop's rating: 2019 &rarr; <strong>2021<\/strong><br \/>(+2 for winning)
|raw|Starcrunch's rating: 1776 &rarr; <strong>1775<\/strong><br \/>(-1 for losing)
|chat|Starcrunch|gg
|leave|Starcrunch
|player|p2