|join|Foop
|join|steveychrist
|player|p1|Foop|265
|player|p2|steveychrist|170
|gametype|singles
|tier|OU (current)
|rated
|rule|Evasion Abilities Clause: Evasion abilities are banned
|clearpoke
|poke|p1|Tyranitar, F
|poke|p1|Landorus, M
|poke|p1|Garchomp, F
|poke|p1|Jirachi
|poke|p1|Keldeo
|poke|p1|Latios, M
|poke|p2|Tyranitar, M
|poke|p2|Magnezone
|poke|p2|Kyurem-Black
|poke|p2|Alakazam, M
|poke|p2|Jellicent, M
|poke|p2|Landorus-Therian, M
|rule|Sleep Clause Mod: Limit one foe put to sleep
|rule|Species Clause: Limit one of each Pokemon
|rule|OHKO Clause: OHKO moves are banned
|rule|Moody Clause: Moody is banned
|rule|Evasion Moves Clause: Evasion moves are banned
|rule|HP Percentage Mod: HP is reported as percentages
|teampreview
|callback|decision
|
|start
|switch|p1a: Dakuwaqa|Garchomp, F|358\/358
|switch|p2a: Alakazam|Alakazam, M|252\/252
|turn|1
|callback|decision
|
|move|p2a: Alakazam|Hidden Power|p1a: Dakuwaqa
|-supereffective|p1a: Dakuwaqa
|-enditem|p1a: Dakuwaqa|Focus Sash
|-damage|p1a: Dakuwaqa|1\/358
|move|p1a: Dakuwaqa|Stealth Rock|p2a: Alakazam
|-sidestart|p2: steveychrist|move: Stealth Rock
|
|turn|2
|callback|decision
|
|switch|p1a: Chani|Jirachi|373\/373
|move|p2a: Alakazam|Signal Beam|p1a: Chani
|-damage|p1a: Chani|276\/373
|
|turn|3
|callback|decision
|
|switch|p2a: Magnezone|Magnezone|324\/324
|-damage|p2a: Magnezone|304\/324|[from] Stealth Rock
|move|p1a: Chani|U-turn|p2a: Magnezone
|-resisted|p2a: Magnezone
|-damage|p2a: Magnezone|268\/324
|callback|decision
|
|switch|p1a: Dakuwaqa|Garchomp, F|1\/358
|
|turn|4
|callback|decision
|
|switch|p2a: Landorus-Therian|Landorus-Therian, M|369\/369
|-damage|p2a: Landorus-Therian|323\/369|[from] Stealth Rock
|-ability|p2a: Landorus-Therian|Intimidate|[of] p1a: Dakuwaqa
|-unboost|p1a: Dakuwaqa|atk|1
|move|p1a: Dakuwaqa|Outrage|p2a: Landorus-Therian
|-damage|p2a: Landorus-Therian|209\/369
|
|-heal|p2a: Landorus-Therian|232\/369|[from] item: Leftovers
|turn|5
|callback|decision
|
|move|p1a: Dakuwaqa|Outrage|p2a: Landorus-Therian
|-damage|p2a: Landorus-Therian|112\/369
|move|p2a: Landorus-Therian|Stealth Rock|p1a: Dakuwaqa
|-sidestart|p1: Foop|move: Stealth Rock
|
|-heal|p2a: Landorus-Therian|135\/369|[from] item: Leftovers
|turn|6
|callback|decision
|
|move|p1a: Dakuwaqa|Outrage|p2a: Landorus-Therian
|-damage|p2a: Landorus-Therian|3\/369
|move|p2a: Landorus-Therian|Earthquake|p1a: Dakuwaqa
|-damage|p1a: Dakuwaqa|0 fnt
|faint|p1a: Dakuwaqa
|
|-heal|p2a: Landorus-Therian|26\/369|[from] item: Leftovers
|callback|decision
|
|switch|p1a: Landorus|Landorus, M|320\/320
|-damage|p1a: Landorus|280\/320|[from] Stealth Rock
|turn|7
|callback|decision
|
|move|p1a: Landorus|Substitute|p1a: Landorus
|-start|p1a: Landorus|Substitute
|-damage|p1a: Landorus|200\/320
|move|p2a: Landorus-Therian|Hidden Power|p1a: Landorus
|-supereffective|p1a: Landorus
|-end|p1a: Landorus|Substitute
|
|-heal|p2a: Landorus-Therian|49\/369|[from] item: Leftovers
|turn|8
|callback|decision
|
|move|p1a: Landorus|Psychic|p2a: Landorus-Therian
|-crit|p2a: Landorus-Therian
|-damage|p2a: Landorus-Therian|0 fnt
|faint|p2a: Landorus-Therian
|
|callback|decision
|
|switch|p2a: Alakazam|Alakazam, M|252\/252
|turn|9
|callback|decision
|
|switch|p1a: Chani|Jirachi|276\/373
|-damage|p1a: Chani|253\/373|[from] Stealth Rock
|move|p2a: Alakazam|Signal Beam|p1a: Chani
|-damage|p1a: Chani|158\/373
|
|turn|10
|callback|decision
|
|switch|p2a: Magnezone|Magnezone|268\/324
|-damage|p2a: Magnezone|248\/324|[from] Stealth Rock
|move|p1a: Chani|U-turn|p2a: Magnezone
|-resisted|p2a: Magnezone
|-damage|p2a: Magnezone|214\/324
|callback|decision
|
|switch|p1a: d'Artagnan|Keldeo|324\/324
|-damage|p1a: d'Artagnan|304\/324|[from] Stealth Rock
|
|-heal|p1a: d'Artagnan|324\/324|[from] item: Leftovers
|turn|11
|callback|decision
|
|move|p1a: d'Artagnan|Secret Sword|p2a: Magnezone
|-supereffective|p2a: Magnezone
|-damage|p2a: Magnezone|0 fnt
|faint|p2a: Magnezone
|
|callback|decision
|
|switch|p2a: Jellicent|Jellicent, M|404\/404
|-damage|p2a: Jellicent|354\/404|[from] Stealth Rock
|turn|12
|callback|decision
|
|move|p1a: d'Artagnan|Calm Mind|p1a: d'Artagnan
|-boost|p1a: d'Artagnan|spa|1
|-boost|p1a: d'Artagnan|spd|1
|move|p2a: Jellicent|Will-O-Wisp|p1a: d'Artagnan|[miss]
|-miss|p2a: Jellicent|p1a: d'Artagnan
|
|-heal|p2a: Jellicent|379\/404|[from] item: Leftovers
|turn|13
|callback|decision
|
|move|p1a: d'Artagnan|Calm Mind|p1a: d'Artagnan
|-boost|p1a: d'Artagnan|spa|1
|-boost|p1a: d'Artagnan|spd|1
|move|p2a: Jellicent|Will-O-Wisp|p1a: d'Artagnan
|-status|p1a: d'Artagnan|brn
|
|-heal|p2a: Jellicent|404\/404|[from] item: Leftovers
|-damage|p1a: d'Artagnan|284\/324 brn|[from] brn
|turn|14
|callback|decision
|
|switch|p1a: Meshugah|Tyranitar, F|386\/386
|-damage|p1a: Meshugah|338\/386|[from] Stealth Rock
|-weather|Sandstorm|[from] ability: Sand Stream|[of] p1a: Meshugah
|move|p2a: Jellicent|Taunt|p1a: Meshugah
|-start|p1a: Meshugah|move: Taunt
|
|-weather|Sandstorm|[upkeep]
|-damage|p2a: Jellicent|379\/404|[from] sandstorm
|-heal|p2a: Jellicent|404\/404|[from] item: Leftovers
|turn|15
|callback|decision
|
|move|p1a: Meshugah|Crunch|p2a: Jellicent
|-crit|p2a: Jellicent
|-supereffective|p2a: Jellicent
|-damage|p2a: Jellicent|0 fnt
|faint|p2a: Jellicent
|
|-weather|Sandstorm|[upkeep]
|callback|decision
|
|switch|p2a: Kyurem-Black|Kyurem-Black|391\/391
|-damage|p2a: Kyurem-Black|294\/391|[from] Stealth Rock
|-ability|p2a: Kyurem-Black|Teravolt
|turn|16
|callback|decision
|
|move|p2a: Kyurem-Black|Dragon Claw|p1a: Meshugah
|-damage|p1a: Meshugah|58\/386
|move|p1a: Meshugah|Crunch|p2a: Kyurem-Black
|-damage|p2a: Kyurem-Black|72\/391
|-unboost|p2a: Kyurem-Black|def|1
|
|-weather|Sandstorm|[upkeep]
|-damage|p2a: Kyurem-Black|48\/391|[from] sandstorm
|turn|17
|callback|decision
|
|move|p2a: Kyurem-Black|Dragon Claw|p1a: Meshugah
|-crit|p1a: Meshugah
|-damage|p1a: Meshugah|0 fnt
|faint|p1a: Meshugah
|
|-weather|Sandstorm|[upkeep]
|-damage|p2a: Kyurem-Black|24\/391|[from] sandstorm
|callback|decision
|
|switch|p1a: Chani|Jirachi|158\/373
|-damage|p1a: Chani|135\/373|[from] Stealth Rock
|turn|18
|callback|decision
|chat|steveychrist|gg
|
|move|p1a: Chani|Iron Head|p2a: Kyurem-Black
|-supereffective|p2a: Kyurem-Black
|-damage|p2a: Kyurem-Black|0 fnt
|faint|p2a: Kyurem-Black
|
|-weather|Sandstorm|[upkeep]
|callback|decision
|
|switch|p2a: Tyranitar|Tyranitar, M|386\/386
|-damage|p2a: Tyranitar|338\/386|[from] Stealth Rock
|turn|19
|callback|decision
|
|move|p1a: Chani|Iron Head|p2a: Tyranitar
|-supereffective|p2a: Tyranitar
|-damage|p2a: Tyranitar|92\/386
|cant|p2a: Tyranitar|flinch
|
|-weather|Sandstorm|[upkeep]
|turn|20
|callback|decision
|
|move|p1a: Chani|Iron Head|p2a: Tyranitar
|-supereffective|p2a: Tyranitar
|-damage|p2a: Tyranitar|0 fnt
|faint|p2a: Tyranitar
|
|-weather|Sandstorm|[upkeep]
|callback|decision
|
|switch|p2a: Alakazam|Alakazam, M|252\/252
|turn|21
|callback|decision
|
|switch|p1a: d'Artagnan|Keldeo|284\/324 brn
|-damage|p1a: d'Artagnan|264\/324 brn|[from] Stealth Rock
|move|p2a: Alakazam|Focus Blast|p1a: d'Artagnan
|-damage|p1a: d'Artagnan|91\/324 brn
|
|-weather|Sandstorm|[upkeep]
|-damage|p1a: d'Artagnan|71\/324 brn|[from] sandstorm
|-heal|p1a: d'Artagnan|91\/324 brn|[from] item: Leftovers
|-damage|p1a: d'Artagnan|51\/324 brn|[from] brn
|turn|22
|callback|decision
|
|move|p1a: d'Artagnan|Hidden Power|p2a: Alakazam
|-damage|p2a: Alakazam|162\/252
|move|p2a: Alakazam|Psyshock|p1a: d'Artagnan
|-crit|p1a: d'Artagnan
|-supereffective|p1a: d'Artagnan
|-damage|p1a: d'Artagnan|0 fnt
|faint|p1a: d'Artagnan
|
|-weather|Sandstorm|[upkeep]
|callback|decision
|
|switch|p1a: Chani|Jirachi|135\/373
|-damage|p1a: Chani|112\/373|[from] Stealth Rock
|turn|23
|callback|decision
|
|move|p1a: Chani|Iron Head|p2a: Alakazam
|-damage|p2a: Alakazam|0 fnt
|faint|p2a: Alakazam
|
|win|Foop
|raw|Ladder updating...
|raw|Foop's rating: 1990 &rarr; <strong>1993<\/strong><br \/>(+3 for winning)
|raw|steveychrist's rating: 1623 &rarr; <strong>1614<\/strong><br \/>(-9 for losing)
|leave|steveychrist
|player|p2