|join|Foop
|join|Wafflez#YOLO
|player|p1|Foop|170
|player|p2|Wafflez#YOLO|274
|gametype|singles
|tier|OU (current)
|rated
|rule|Evasion Abilities Clause: Evasion abilities are banned
|clearpoke
|poke|p1|Tyranitar, F
|poke|p1|Landorus, M
|poke|p1|Garchomp, M
|poke|p1|Jirachi
|poke|p1|Keldeo
|poke|p1|Latias, F
|poke|p2|Politoed, M, shiny
|poke|p2|Tentacruel, F
|poke|p2|Bronzong, shiny
|poke|p2|Ferrothorn, M
|poke|p2|Mamoswine, M
|poke|p2|Keldeo
|rule|Sleep Clause Mod: Limit one foe put to sleep
|rule|Species Clause: Limit one of each Pokemon
|rule|OHKO Clause: OHKO moves are banned
|rule|Moody Clause: Moody is banned
|rule|Evasion Moves Clause: Evasion moves are banned
|rule|HP Percentage Mod: HP is reported as percentages
|teampreview
|callback|decision
|
|start
|switch|p1a: Dakuwaqa|Garchomp, M|358\/358
|switch|p2a: Steve|Keldeo|323\/323
|turn|1
|callback|decision
|
|move|p2a: Steve|Icy Wind|p1a: Dakuwaqa
|-supereffective|p1a: Dakuwaqa
|-enditem|p1a: Dakuwaqa|Focus Sash
|-damage|p1a: Dakuwaqa|1\/358
|-unboost|p1a: Dakuwaqa|spe|1
|move|p1a: Dakuwaqa|Earthquake|p2a: Steve
|-damage|p2a: Steve|113\/323
|
|turn|2
|callback|decision
|
|switch|p1a: Meshugah|Tyranitar, F|386\/386
|-weather|Sandstorm|[from] ability: Sand Stream|[of] p1a: Meshugah
|move|p2a: Steve|Icy Wind|p1a: Meshugah
|-damage|p1a: Meshugah|338\/386
|-unboost|p1a: Meshugah|spe|1
|
|-weather|Sandstorm|[upkeep]
|-damage|p2a: Steve|93\/323|[from] sandstorm
|turn|3
|callback|decision
|
|switch|p1a: Dionysus|Latias, F|333\/333
|move|p2a: Steve|Secret Sword|p1a: Dionysus
|-crit|p1a: Dionysus
|-resisted|p1a: Dionysus
|-damage|p1a: Dionysus|175\/333
|
|-weather|Sandstorm|[upkeep]
|-damage|p1a: Dionysus|155\/333|[from] sandstorm
|-damage|p2a: Steve|73\/323|[from] sandstorm
|turn|4
|callback|decision
|
|switch|p2a: Liberty|Bronzong, shiny|326\/326
|move|p1a: Dionysus|Psyshock|p2a: Liberty
|-resisted|p2a: Liberty
|-damage|p2a: Liberty|304\/326
|-damage|p1a: Dionysus|122\/333|[from] item: Life Orb
|
|-weather|Sandstorm|[upkeep]
|-damage|p1a: Dionysus|102\/333|[from] sandstorm
|-heal|p2a: Liberty|324\/326|[from] item: Leftovers
|turn|5
|callback|decision
|
|move|p1a: Dionysus|Hidden Power|p2a: Liberty
|-supereffective|p2a: Liberty
|-damage|p2a: Liberty|168\/326
|-damage|p1a: Dionysus|69\/333|[from] item: Life Orb
|move|p2a: Liberty|Stealth Rock|p1a: Dionysus
|-sidestart|p1: Foop|move: Stealth Rock
|
|-weather|Sandstorm|[upkeep]
|-damage|p1a: Dionysus|49\/333|[from] sandstorm
|-heal|p2a: Liberty|188\/326|[from] item: Leftovers
|turn|6
|callback|decision
|
|move|p1a: Dionysus|Recover|p1a: Dionysus
|-heal|p1a: Dionysus|216\/333
|move|p2a: Liberty|Gyro Ball|p1a: Dionysus
|-damage|p1a: Dionysus|54\/333
|
|-weather|Sandstorm|[upkeep]
|-damage|p1a: Dionysus|34\/333|[from] sandstorm
|-heal|p2a: Liberty|208\/326|[from] item: Leftovers
|turn|7
|callback|decision
|
|move|p1a: Dionysus|Hidden Power|p2a: Liberty
|-supereffective|p2a: Liberty
|-damage|p2a: Liberty|55\/326
|-damage|p1a: Dionysus|1\/333|[from] item: Life Orb
|move|p2a: Liberty|Gyro Ball|p1a: Dionysus
|-damage|p1a: Dionysus|0 fnt
|faint|p1a: Dionysus
|
|-weather|Sandstorm|[upkeep]
|-heal|p2a: Liberty|75\/326|[from] item: Leftovers
|callback|decision
|
|switch|p1a: d'Artagnan|Keldeo|324\/324
|-damage|p1a: d'Artagnan|304\/324|[from] Stealth Rock
|turn|8
|callback|decision
|
|switch|p2a: Acrueltent|Tentacruel, F|364\/364
|move|p1a: d'Artagnan|Secret Sword|p2a: Acrueltent
|-resisted|p2a: Acrueltent
|-damage|p2a: Acrueltent|290\/364
|
|-weather|Sandstorm|[upkeep]
|-damage|p1a: d'Artagnan|284\/324|[from] sandstorm
|-damage|p2a: Acrueltent|268\/364|[from] sandstorm
|-heal|p1a: d'Artagnan|304\/324|[from] item: Leftovers
|-heal|p2a: Acrueltent|290\/364|[from] item: Black Sludge
|turn|9
|callback|decision
|
|move|p1a: d'Artagnan|Substitute|p1a: d'Artagnan
|-start|p1a: d'Artagnan|Substitute
|-damage|p1a: d'Artagnan|223\/324
|move|p2a: Acrueltent|Scald|p1a: d'Artagnan
|-resisted|p1a: d'Artagnan
|-activate|p1a: d'Artagnan|Substitute|[damage]
|
|-weather|Sandstorm|[upkeep]
|-damage|p1a: d'Artagnan|203\/324|[from] sandstorm
|-damage|p2a: Acrueltent|268\/364|[from] sandstorm
|-heal|p1a: d'Artagnan|223\/324|[from] item: Leftovers
|-heal|p2a: Acrueltent|290\/364|[from] item: Black Sludge
|turn|10
|callback|decision
|
|switch|p2a: 1 Pube Alone|Politoed, M, shiny|384\/384
|-weather|RainDance|[from] ability: Drizzle|[of] p2a: 1 Pube Alone
|move|p1a: d'Artagnan|Calm Mind|p1a: d'Artagnan
|-boost|p1a: d'Artagnan|spa|1
|-boost|p1a: d'Artagnan|spd|1
|
|-weather|RainDance|[upkeep]
|-heal|p1a: d'Artagnan|243\/324|[from] item: Leftovers
|turn|11
|callback|decision
|
|move|p1a: d'Artagnan|Secret Sword|p2a: 1 Pube Alone
|-damage|p2a: 1 Pube Alone|192\/384
|move|p2a: 1 Pube Alone|Perish Song|p2a: 1 Pube Alone
|-fieldactivate|move: Perish Song
|
|-start|p1a: d'Artagnan|perish3
|-start|p2a: 1 Pube Alone|perish3
|-weather|RainDance|[upkeep]
|-heal|p1a: d'Artagnan|263\/324|[from] item: Leftovers
|-heal|p2a: 1 Pube Alone|216\/384|[from] item: Leftovers
|turn|12
|callback|decision
|
|move|p2a: 1 Pube Alone|Protect|p2a: 1 Pube Alone
|-singleturn|p2a: 1 Pube Alone|Protect
|move|p1a: d'Artagnan|Calm Mind|p1a: d'Artagnan
|-boost|p1a: d'Artagnan|spa|1
|-boost|p1a: d'Artagnan|spd|1
|
|-start|p1a: d'Artagnan|perish2
|-start|p2a: 1 Pube Alone|perish2
|-weather|RainDance|[upkeep]
|-heal|p1a: d'Artagnan|283\/324|[from] item: Leftovers
|-heal|p2a: 1 Pube Alone|240\/384|[from] item: Leftovers
|turn|13
|callback|decision
|
|switch|p2a: Liberty|Bronzong, shiny|75\/326
|move|p1a: d'Artagnan|Hydro Pump|p2a: Liberty
|-crit|p2a: Liberty
|-damage|p2a: Liberty|0 fnt
|faint|p2a: Liberty
|
|-start|p1a: d'Artagnan|perish1
|-weather|RainDance|[upkeep]
|-heal|p1a: d'Artagnan|303\/324|[from] item: Leftovers
|callback|decision
|
|switch|p2a: 1 Pube Alone|Politoed, M, shiny|240\/384
|turn|14
|callback|decision
|
|switch|p1a: Meshugah|Tyranitar, F|338\/386
|-damage|p1a: Meshugah|290\/386|[from] Stealth Rock
|-weather|Sandstorm|[from] ability: Sand Stream|[of] p1a: Meshugah
|switch|p2a: Scorpio|Mamoswine, M|362\/362
|
|-weather|Sandstorm|[upkeep]
|turn|15
|callback|decision
|
|switch|p1a: Dakuwaqa|Garchomp, M|1\/358
|-damage|p1a: Dakuwaqa|0 fnt|[from] Stealth Rock
|faint|p1a: Dakuwaqa
|move|p2a: Scorpio|Earthquake|p1: Dakuwaqa|[notarget]
|-notarget
|
|-weather|Sandstorm|[upkeep]
|callback|decision
|
|switch|p1a: Chani|Jirachi|341\/341
|-damage|p1a: Chani|320\/341|[from] Stealth Rock
|turn|16
|callback|decision
|
|move|p1a: Chani|U-turn|p2a: Scorpio
|-damage|p2a: Scorpio|283\/362
|callback|decision
|
|switch|p1a: Meshugah|Tyranitar, F|290\/386
|-damage|p1a: Meshugah|242\/386|[from] Stealth Rock
|move|p2a: Scorpio|Earthquake|p1a: Meshugah
|-supereffective|p1a: Meshugah
|-damage|p1a: Meshugah|0 fnt
|-damage|p2a: Scorpio|247\/362|[from] item: Life Orb
|faint|p1a: Meshugah
|
|-weather|Sandstorm|[upkeep]
|callback|decision
|chat|Wafflez#YOLO|were u banded by any chance?
|
|switch|p1a: d'Artagnan|Keldeo|303\/324
|-damage|p1a: d'Artagnan|283\/324|[from] Stealth Rock
|turn|17
|callback|decision
|
|switch|p2a: 1 Pube Alone|Politoed, M, shiny|240\/384
|-weather|RainDance|[from] ability: Drizzle|[of] p2a: 1 Pube Alone
|move|p1a: d'Artagnan|Secret Sword|p2a: 1 Pube Alone
|-damage|p2a: 1 Pube Alone|105\/384
|
|-weather|RainDance|[upkeep]
|-heal|p1a: d'Artagnan|303\/324|[from] item: Leftovers
|-heal|p2a: 1 Pube Alone|129\/384|[from] item: Leftovers
|turn|18
|callback|decision
|
|move|p2a: 1 Pube Alone|Protect|p2a: 1 Pube Alone
|-singleturn|p2a: 1 Pube Alone|Protect
|move|p1a: d'Artagnan|Calm Mind|p1a: d'Artagnan
|-boost|p1a: d'Artagnan|spa|1
|-boost|p1a: d'Artagnan|spd|1
|
|-weather|RainDance|[upkeep]
|-heal|p1a: d'Artagnan|323\/324|[from] item: Leftovers
|-heal|p2a: 1 Pube Alone|153\/384|[from] item: Leftovers
|turn|19
|callback|decision
|
|move|p1a: d'Artagnan|Secret Sword|p2a: 1 Pube Alone
|-damage|p2a: 1 Pube Alone|0 fnt
|faint|p2a: 1 Pube Alone
|
|-weather|RainDance|[upkeep]
|-heal|p1a: d'Artagnan|324\/324|[from] item: Leftovers
|callback|decision
|
|switch|p2a: Steve|Keldeo|73\/323
|turn|20
|callback|decision
|
|move|p1a: d'Artagnan|Secret Sword|p2a: Steve
|-damage|p2a: Steve|0 fnt
|faint|p2a: Steve
|
|-weather|RainDance|[upkeep]
|callback|decision
|chat|Wafflez#YOLO|ahhh speed tie gg
|
|switch|p2a: Lawnmower|Ferrothorn, M|352\/352
|turn|21
|callback|decision
|
|move|p1a: d'Artagnan|Substitute|p1a: d'Artagnan
|-start|p1a: d'Artagnan|Substitute
|-damage|p1a: d'Artagnan|243\/324
|move|p2a: Lawnmower|Power Whip|p1a: d'Artagnan
|-supereffective|p1a: d'Artagnan
|-end|p1a: d'Artagnan|Substitute
|
|-weather|RainDance|[upkeep]
|-heal|p1a: d'Artagnan|263\/324|[from] item: Leftovers
|turn|22
|callback|decision
|
|switch|p1a: Landorus|Landorus, M|333\/333
|-damage|p1a: Landorus|292\/333|[from] Stealth Rock
|move|p2a: Lawnmower|Power Whip|p1a: Landorus
|-damage|p1a: Landorus|157\/333
|
|-weather|RainDance|[upkeep]
|turn|23
|callback|decision
|
|move|p1a: Landorus|Earth Power|p2a: Lawnmower
|-damage|p2a: Lawnmower|175\/352
|move|p2a: Lawnmower|Gyro Ball|p1a: Landorus
|-damage|p1a: Landorus|0 fnt
|faint|p1a: Landorus
|
|-weather|RainDance|[upkeep]
|-heal|p2a: Lawnmower|197\/352|[from] item: Leftovers
|callback|decision
|
|switch|p1a: d'Artagnan|Keldeo|263\/324
|-damage|p1a: d'Artagnan|243\/324|[from] Stealth Rock
|turn|24
|callback|decision
|
|move|p1a: d'Artagnan|Secret Sword|p2a: Lawnmower
|-supereffective|p2a: Lawnmower
|-damage|p2a: Lawnmower|0 fnt
|faint|p2a: Lawnmower
|
|-weather|RainDance|[upkeep]
|-heal|p1a: d'Artagnan|263\/324|[from] item: Leftovers
|callback|decision
|chat|Wafflez#YOLO|gg that was also a bad play on my part, shoulda sacked tentacruel
|-message|Wafflez#YOLO forfeited.
|
|win|Foop
|raw|Ladder updating...
|raw|Foop's rating: 2054 &rarr; <strong>2056<\/strong><br \/>(+2 for winning)
|raw|Wafflez#YOLO's rating: 1759 &rarr; <strong>1758<\/strong><br \/>(-1 for losing)
|leave|Wafflez#YOLO
|player|p2