|join|Smatrangone
|join|VirginiaTech
|player|p1|Smatrangone|101
|player|p2|VirginiaTech|162
|gametype|singles
|gen|6
|tier|UU
|rated
|rule|Sleep Clause Mod: Limit one foe put to sleep
|rule|Species Clause: Limit one of each PokÃ©mon
|rule|OHKO Clause: OHKO moves are banned
|rule|Moody Clause: Moody is banned
|rule|Evasion Moves Clause: Evasion moves are banned
|rule|Endless Battle Clause: Forcing endless battles is banned
|rule|HP Percentage Mod: HP is shown in percentages
|clearpoke
|poke|p1|Nidoking, M, shiny
|poke|p1|Serperior, F
|poke|p1|Forretress, M
|poke|p1|Blissey, F, shiny
|poke|p1|Raikou
|poke|p1|Infernape, M
|poke|p2|Sharpedo, F, shiny
|poke|p2|Cinccino, F, shiny
|poke|p2|Bronzong, shiny
|poke|p2|Virizion, shiny
|poke|p2|Drapion, F, shiny
|poke|p2|Jolteon, F, shiny
|rule|Swagger Clause: Swagger is banned
|rule|Baton Pass Clause: Limit one PokÃ©mon knowing Baton Pass
|teampreview
|
|start
|switch|p1a: Forretress|Forretress, M|354\/354
|switch|p2a: Prison Booty|Drapion, F, shiny|282\/282
|turn|1
|
|move|p2a: Prison Booty|Knock Off|p1a: Forretress
|-damage|p1a: Forretress|264\/354
|-enditem|p1a: Forretress|Leftovers|[from] move: Knock Off|[of] p2a: Prison Booty
|move|p1a: Forretress|Volt Switch|p2a: Prison Booty
|-damage|p2a: Prison Booty|248\/282
|
|switch|p1a: Nidoking|Nidoking, M, shiny|303\/303
|
|turn|2
|
|switch|p2a: Bell Lookin Ass|Bronzong, shiny|275\/275
|move|p1a: Nidoking|Earth Power|p2a: Bell Lookin Ass
|-immune|p2a: Bell Lookin Ass|[msg]
|
|turn|3
|
|move|p1a: Nidoking|Fire Blast|p2a: Bell Lookin Ass
|-supereffective|p2a: Bell Lookin Ass
|-damage|p2a: Bell Lookin Ass|0 fnt
|faint|p2a: Bell Lookin Ass
|
|
|switch|p2a: Abyss|Sharpedo, F, shiny|282\/282
|turn|4
|
|switch|p1a: Forretress|Forretress, M|264\/354
|detailschange|p2a: Abyss|Sharpedo-Mega, F, shiny
|-mega|p2a: Abyss|Sharpedo|Sharpedonite
|move|p2a: Abyss|Waterfall|p1a: Forretress
|-damage|p1a: Forretress|170\/354
|
|turn|5
|
|move|p2a: Abyss|Ice Fang|p1a: Forretress
|-resisted|p1a: Forretress
|-damage|p1a: Forretress|125\/354
|cant|p1a: Forretress|flinch
|
|turn|6
|
|move|p2a: Abyss|Waterfall|p1a: Forretress
|-damage|p1a: Forretress|22\/354
|move|p1a: Forretress|Stealth Rock|p2a: Abyss
|-sidestart|p2: VirginiaTech|move: Stealth Rock
|
|turn|7
|
|move|p2a: Abyss|Waterfall|p1a: Forretress
|-damage|p1a: Forretress|0 fnt
|faint|p1a: Forretress
|
|
|switch|p1a: Serperior|Serperior, F|292\/292
|turn|8
|
|switch|p2a: Prison Booty|Drapion, F, shiny|248\/282
|-damage|p2a: Prison Booty|213\/282|[from] Stealth Rock
|move|p1a: Serperior|Leaf Storm|p2a: Prison Booty
|-resisted|p2a: Prison Booty
|-damage|p2a: Prison Booty|131\/282
|-boost|p1a: Serperior|spa|2
|
|turn|9
|
|move|p1a: Serperior|Dragon Pulse|p2a: Prison Booty
|-damage|p2a: Prison Booty|2\/282
|move|p2a: Prison Booty|Toxic Spikes|p1a: Serperior
|-sidestart|p1: Smatrangone|move: Toxic Spikes
|
|turn|10
|
|move|p1a: Serperior|Leaf Storm|p2a: Prison Booty
|-resisted|p2a: Prison Booty
|-damage|p2a: Prison Booty|0 fnt
|-boost|p1a: Serperior|spa|2
|faint|p2a: Prison Booty
|
|
|switch|p2a: Bubblegum|Virizion, shiny|324\/324
|-damage|p2a: Bubblegum|304\/324|[from] Stealth Rock
|turn|11
|
|move|p1a: Serperior|Dragon Pulse|p2a: Bubblegum
|-damage|p2a: Bubblegum|182\/324
|move|p2a: Bubblegum|X-Scissor|p1a: Serperior
|-supereffective|p1a: Serperior
|-damage|p1a: Serperior|128\/292
|
|-heal|p1a: Serperior|146\/292|[from] item: Leftovers
|turn|12
|
|move|p1a: Serperior|Giga Drain|p2a: Bubblegum
|-resisted|p2a: Bubblegum
|-damage|p2a: Bubblegum|110\/324
|-heal|p1a: Serperior|182\/292|[from] drain|[of] p2a: Bubblegum
|move|p2a: Bubblegum|X-Scissor|p1a: Serperior
|-supereffective|p1a: Serperior
|-damage|p1a: Serperior|32\/292
|
|-heal|p1a: Serperior|50\/292|[from] item: Leftovers
|turn|13
|
|move|p1a: Serperior|Dragon Pulse|p2a: Bubblegum
|-damage|p2a: Bubblegum|0 fnt
|faint|p2a: Bubblegum
|
|-heal|p1a: Serperior|68\/292|[from] item: Leftovers
|
|switch|p2a: Yung Turk|Cinccino, F, shiny|292\/292
|-damage|p2a: Yung Turk|256\/292|[from] Stealth Rock
|turn|14
|
|move|p2a: Yung Turk|Toxic|p1a: Serperior|[miss]
|-miss|p2a: Yung Turk|p1a: Serperior
|move|p1a: Serperior|Giga Drain|p2a: Yung Turk
|-damage|p2a: Yung Turk|0 fnt
|-heal|p1a: Serperior|196\/292|[from] drain|[of] p2a: Yung Turk
|faint|p2a: Yung Turk
|
|-heal|p1a: Serperior|214\/292|[from] item: Leftovers
|c|âSmatrangone|why toxic??
|
|switch|p2a: Martian|Jolteon, F, shiny|272\/272
|-damage|p2a: Martian|238\/272|[from] Stealth Rock
|-item|p2a: Martian|Air Balloon
|turn|15
|c|âVirginiaTech|it was either toxic, rock blast, or bullet seed
|
|move|p2a: Martian|Hidden Power|p1a: Serperior
|-supereffective|p1a: Serperior
|-damage|p1a: Serperior|68\/292
|move|p1a: Serperior|Giga Drain|p2a: Martian
|-damage|p2a: Martian|0 fnt
|-heal|p1a: Serperior|187\/292|[from] drain|[of] p2a: Martian
|-enditem|p2a: Martian|Air Balloon
|faint|p2a: Martian
|
|-heal|p1a: Serperior|205\/292|[from] item: Leftovers
|
|switch|p2a: Abyss|Sharpedo-Mega, F, shiny|282\/282
|-damage|p2a: Abyss|247\/282|[from] Stealth Rock
|turn|16
|c|âSmatrangone|rock blast just to shot
|
|move|p1a: Serperior|Giga Drain|p2a: Abyss
|-supereffective|p2a: Abyss
|-damage|p2a: Abyss|0 fnt
|-heal|p1a: Serperior|292\/292|[from] drain|[of] p2a: Abyss
|faint|p2a: Abyss
|
|win|Smatrangone
|raw|Ladder updating...
|raw|Smatrangone's rating: 1202 &rarr; <strong>1224<\/strong><br \/>(+22 for winning)
|raw|VirginiaTech's rating: 1165 &rarr; <strong>1143<\/strong><br \/>(-22 for losing)
|leave|VirginiaTech
|player|p2