|join|Nano Shinonome
|join|tuRkles
|player|p1|Nano Shinonome|81
|player|p2|tuRkles|115
|gametype|singles
|gen|6
|tier|UU
|rated
|rule|Sleep Clause Mod: Limit one foe put to sleep
|rule|Species Clause: Limit one of each PokÃ©mon
|rule|OHKO Clause: OHKO moves are banned
|rule|Moody Clause: Moody is banned
|rule|Evasion Moves Clause: Evasion moves are banned
|rule|Endless Battle Clause: Forcing endless battles is banned
|rule|HP Percentage Mod: HP is shown in percentages
|clearpoke
|poke|p1|Diancie
|poke|p1|Swampert, M
|poke|p1|Delphox, F
|poke|p1|Tangrowth, F
|poke|p1|Magneton, shiny
|poke|p1|Tentacruel, M, shiny
|poke|p2|Jirachi
|poke|p2|Lucario, F
|poke|p2|Krookodile, F
|poke|p2|Togekiss, F
|poke|p2|Blastoise, M
|poke|p2|Raikou
|rule|Swagger Clause: Swagger is banned
|rule|Baton Pass Clause: Limit one PokÃ©mon knowing Baton Pass
|teampreview
|
|start
|switch|p1a: Delphox|Delphox, F|292\/292
|switch|p2a: Blastoise|Blastoise, M|334\/334
|turn|1
|
|detailschange|p2a: Blastoise|Blastoise-Mega, M
|message|Blastoise has Mega Evolved into Mega Blastoise!
|move|p1a: Delphox|Switcheroo|p2a: Blastoise
|-fail|p2a: Blastoise
|move|p2a: Blastoise|Scald|p1a: Delphox
|-supereffective|p1a: Delphox
|-damage|p1a: Delphox|0 fnt
|faint|p1a: Delphox
|
|
|switch|p1a: Magneton|Magneton, shiny|242\/242
|turn|2
|
|switch|p2a: Krookodile|Krookodile, F|331\/331
|-ability|p2a: Krookodile|Intimidate|[of] p1a: Magneton
|-unboost|p1a: Magneton|atk|1
|move|p1a: Magneton|Hidden Power|p2a: Krookodile
|-supereffective|p2a: Krookodile
|-damage|p2a: Krookodile|21\/331
|
|turn|3
|
|move|p2a: Krookodile|Pursuit|p1a: Magneton|[from]Pursuit
|-damage|p1a: Magneton|49\/242
|switch|p1a: Tangrowth|Tangrowth, F|404\/404
|
|turn|4
|
|switch|p2a: Jirachi|Jirachi|341\/341
|move|p1a: Tangrowth|Knock Off|p2a: Jirachi
|-supereffective|p2a: Jirachi
|-damage|p2a: Jirachi|181\/341
|-enditem|p2a: Jirachi|Choice Scarf|[from] move: Knock Off|[of] p1a: Tangrowth
|
|turn|5
|
|move|p2a: Jirachi|U-turn|p1a: Tangrowth
|-supereffective|p1a: Tangrowth
|-damage|p1a: Tangrowth|288\/404
|
|switch|p2a: Togekiss|Togekiss, F|374\/374
|move|p1a: Tangrowth|Earthquake|p2a: Togekiss
|-immune|p2a: Togekiss|[msg]
|
|turn|6
|
|switch|p1a: Diancie|Diancie|303\/303
|move|p2a: Togekiss|Nasty Plot|p2a: Togekiss
|-boost|p2a: Togekiss|spa|2
|
|turn|7
|
|move|p2a: Togekiss|Air Slash|p1a: Diancie
|-resisted|p1a: Diancie
|-damage|p1a: Diancie|238\/303
|move|p1a: Diancie|Calm Mind|p1a: Diancie
|-boost|p1a: Diancie|spa|1
|-boost|p1a: Diancie|spd|1
|
|turn|8
|
|detailschange|p1a: Diancie|Diancie-Mega
|message|Diancie has Mega Evolved into Mega Diancie!
|move|p2a: Togekiss|Thunder Wave|p1a: Diancie
|move|p1a: Diancie|Thunder Wave|p2a: Togekiss|[from]Magic Bounce
|-status|p2a: Togekiss|par
|move|p1a: Diancie|Substitute|p1a: Diancie
|-start|p1a: Diancie|Substitute
|-damage|p1a: Diancie|163\/303
|
|turn|9
|
|move|p1a: Diancie|Calm Mind|p1a: Diancie
|-boost|p1a: Diancie|spa|1
|-boost|p1a: Diancie|spd|1
|cant|p2a: Togekiss|par
|
|turn|10
|
|move|p1a: Diancie|Ancient Power|p2a: Togekiss
|-supereffective|p2a: Togekiss
|-damage|p2a: Togekiss|24\/374 par
|move|p2a: Togekiss|Heal Bell|p2a: Togekiss
|-cureteam|p2a: Togekiss|[from] move: HealBell
|
|-heal|p2a: Togekiss|47\/374|[from] item: Leftovers
|turn|11
|
|move|p1a: Diancie|Ancient Power|p2a: Togekiss
|-supereffective|p2a: Togekiss
|-damage|p2a: Togekiss|0 fnt
|faint|p2a: Togekiss
|
|
|switch|p2a: Raikou|Raikou|322\/322
|-ability|p2a: Raikou|Pressure
|turn|12
|
|move|p2a: Raikou|Hidden Power|p1a: Diancie
|-activate|p1a: Diancie|Substitute|[damage]
|move|p1a: Diancie|Moonblast|p2a: Raikou
|-damage|p2a: Raikou|0 fnt
|faint|p2a: Raikou
|
|
|switch|p2a: Lucario|Lucario, F|281\/281
|turn|13
|
|move|p2a: Lucario|Extreme Speed|p1a: Diancie
|-resisted|p1a: Diancie
|-end|p1a: Diancie|Substitute
|-damage|p2a: Lucario|253\/281|[from] item: Life Orb
|move|p1a: Diancie|Moonblast|p2a: Lucario
|-damage|p2a: Lucario|0 fnt
|faint|p2a: Lucario
|
|
|switch|p2a: Blastoise|Blastoise-Mega, M|334\/334
|turn|14
|
|move|p1a: Diancie|Substitute|p1a: Diancie
|-start|p1a: Diancie|Substitute
|-damage|p1a: Diancie|88\/303
|move|p2a: Blastoise|Scald|p1a: Diancie
|-supereffective|p1a: Diancie
|-end|p1a: Diancie|Substitute
|
|turn|15
|
|move|p1a: Diancie|Moonblast|p2a: Blastoise
|-damage|p2a: Blastoise|18\/334
|-unboost|p2a: Blastoise|spa|1
|move|p2a: Blastoise|Scald|p1a: Diancie
|-supereffective|p1a: Diancie
|-damage|p1a: Diancie|14\/303
|
|turn|16
|
|switch|p2a: Krookodile|Krookodile, F|21\/331
|-ability|p2a: Krookodile|Intimidate|[of] p1a: Diancie
|-unboost|p1a: Diancie|atk|1
|move|p1a: Diancie|Moonblast|p2a: Krookodile
|-supereffective|p2a: Krookodile
|-damage|p2a: Krookodile|0 fnt
|faint|p2a: Krookodile
|
|
|switch|p2a: Jirachi|Jirachi|181\/341
|turn|17
|
|move|p2a: Jirachi|Healing Wish|p2a: Jirachi
|faint|p2a: Jirachi
|move|p1a: Diancie|Moonblast|p2: Jirachi|[notarget]
|-notarget
|
|
|switch|p2a: Blastoise|Blastoise-Mega, M|18\/334
|-heal|p2a: Blastoise|334\/334|[from] move: Healing Wish
|turn|18
|
|move|p1a: Diancie|Moonblast|p2a: Blastoise
|-damage|p2a: Blastoise|18\/334
|move|p2a: Blastoise|Scald|p1a: Diancie
|-supereffective|p1a: Diancie
|-damage|p1a: Diancie|0 fnt
|faint|p1a: Diancie
|
|-message|tuRkles forfeited.
|
|win|Nano Shinonome
|raw|Ladder updating...
|leave|tuRkles
|player|p2
|raw|Nano Shinonome's rating: 1350 &rarr; <strong>1373<\/strong><br \/>(+23 for winning)
|raw|tuRkles's rating: 1408 &rarr; <strong>1384<\/strong><br \/>(-24 for losing)