|join|asdlkf
|join|tuRkles
|player|p1|asdlkf|171
|player|p2|tuRkles|115
|gametype|singles
|gen|6
|tier|UU
|rated
|rule|Sleep Clause Mod: Limit one foe put to sleep
|rule|Species Clause: Limit one of each PokÃ©mon
|rule|OHKO Clause: OHKO moves are banned
|rule|Moody Clause: Moody is banned
|rule|Evasion Moves Clause: Evasion moves are banned
|rule|Endless Battle Clause: Forcing endless battles is banned
|rule|HP Percentage Mod: HP is shown in percentages
|clearpoke
|poke|p1|Feraligatr, F
|poke|p1|Jirachi, shiny
|poke|p1|Blastoise, F
|poke|p1|Krookodile, M
|poke|p1|Goodra, M
|poke|p1|Mienshao, F
|poke|p2|Jirachi
|poke|p2|Goodra, M
|poke|p2|Krookodile, F
|poke|p2|Mienshao, M
|poke|p2|Blastoise, M
|poke|p2|Raikou
|rule|Swagger Clause: Swagger is banned
|rule|Baton Pass Clause: Limit one PokÃ©mon knowing Baton Pass
|teampreview
|
|start
|switch|p1a: Blastoise|Blastoise, F|324\/324
|switch|p2a: Mienshao|Mienshao, M|306\/306
|turn|1
|
|detailschange|p1a: Blastoise|Blastoise-Mega, F
|message|Blastoise has Mega Evolved into Mega Blastoise!
|move|p2a: Mienshao|High Jump Kick|p1a: Blastoise
|-damage|p1a: Blastoise|141\/324
|move|p1a: Blastoise|Dragon Pulse|p2a: Mienshao
|-damage|p2a: Mienshao|70\/306
|
|turn|2
|
|move|p2a: Mienshao|High Jump Kick|p1a: Blastoise
|-damage|p1a: Blastoise|0 fnt
|faint|p1a: Blastoise
|
|
|switch|p1a: Feraligatr|Feraligatr, F|344\/344
|turn|3
|
|switch|p2a: Raikou|Raikou|322\/322
|-ability|p2a: Raikou|Pressure
|move|p1a: Feraligatr|Frustration|p2a: Raikou
|-damage|p2a: Raikou|168\/322
|
|turn|4
|
|switch|p2a: Blastoise|Blastoise, M|330\/330
|switch|p1a: Krookodile|Krookodile, M|394\/394
|-ability|p1a: Krookodile|Intimidate|[of] p2a: Blastoise
|-unboost|p2a: Blastoise|atk|1
|
|turn|5
|
|switch|p1a: Goodra|Goodra, M|352\/352
|detailschange|p2a: Blastoise|Blastoise-Mega, M
|message|Blastoise has Mega Evolved into Mega Blastoise!
|move|p2a: Blastoise|Scald|p1a: Goodra
|-resisted|p1a: Goodra
|-damage|p1a: Goodra|291\/352
|
|turn|6
|
|move|p1a: Goodra|Outrage|p2a: Blastoise
|-damage|p2a: Blastoise|84\/330
|move|p2a: Blastoise|Dragon Pulse|p1a: Goodra
|-supereffective|p1a: Goodra
|-damage|p1a: Goodra|69\/352
|
|turn|7
|
|switch|p2a: Krookodile|Krookodile, F|393\/393
|-ability|p2a: Krookodile|Intimidate|[of] p1a: Goodra
|-unboost|p1a: Goodra|atk|1
|move|p1a: Goodra|Outrage|p2a: Krookodile
|-damage|p2a: Krookodile|233\/393
|
|-heal|p2a: Krookodile|257\/393|[from] item: Leftovers
|turn|8
|
|move|p1a: Goodra|Outrage|p2a: Krookodile
|-damage|p2a: Krookodile|88\/393
|move|p2a: Krookodile|Stealth Rock|p1a: Goodra
|-sidestart|p1: asdlkf|move: Stealth Rock
|
|-end|p1a: Goodra|rampage
|-start|p1a: Goodra|confusion
|-heal|p2a: Krookodile|112\/393|[from] item: Leftovers
|turn|9
|
|switch|p1a: Krookodile|Krookodile, M|394\/394
|-damage|p1a: Krookodile|370\/394|[from] Stealth Rock
|-ability|p1a: Krookodile|Intimidate|[of] p2a: Krookodile
|-unboost|p2a: Krookodile|atk|1
|move|p2a: Krookodile|Knock Off|p1a: Krookodile
|-resisted|p1a: Krookodile
|-damage|p1a: Krookodile|315\/394
|-enditem|p1a: Krookodile|Leftovers|[from] move: Knock Off|[of] p2a: Krookodile
|
|-heal|p2a: Krookodile|136\/393|[from] item: Leftovers
|turn|10
|
|switch|p2a: Mienshao|Mienshao, M|70\/306
|move|p1a: Krookodile|Stealth Rock|p2a: Mienshao
|-sidestart|p2: tuRkles|move: Stealth Rock
|
|turn|11
|
|switch|p1a: Goodra|Goodra, M|69\/352
|-damage|p1a: Goodra|25\/352|[from] Stealth Rock
|move|p2a: Mienshao|High Jump Kick|p1a: Goodra
|-damage|p1a: Goodra|0 fnt
|faint|p1a: Goodra
|
|
|switch|p1a: Feraligatr|Feraligatr, F|344\/344
|-damage|p1a: Feraligatr|301\/344|[from] Stealth Rock
|turn|12
|
|switch|p2a: Krookodile|Krookodile, F|136\/393
|-damage|p2a: Krookodile|112\/393|[from] Stealth Rock
|-ability|p2a: Krookodile|Intimidate|[of] p1a: Feraligatr
|-unboost|p1a: Feraligatr|atk|1
|move|p1a: Feraligatr|Aqua Jet|p2a: Krookodile
|-supereffective|p2a: Krookodile
|-damage|p2a: Krookodile|26\/393
|
|-heal|p2a: Krookodile|50\/393|[from] item: Leftovers
|turn|13
|
|move|p1a: Feraligatr|Aqua Jet|p2a: Krookodile
|-supereffective|p2a: Krookodile
|-damage|p2a: Krookodile|0 fnt
|faint|p2a: Krookodile
|
|
|switch|p2a: Goodra|Goodra, M|322\/322
|-damage|p2a: Goodra|282\/322|[from] Stealth Rock
|turn|14
|
|switch|p1a: Krookodile|Krookodile, M|315\/394
|-damage|p1a: Krookodile|291\/394|[from] Stealth Rock
|-ability|p1a: Krookodile|Intimidate|[of] p2a: Goodra
|-unboost|p2a: Goodra|atk|1
|move|p2a: Goodra|Outrage|p1a: Krookodile
|-damage|p1a: Krookodile|36\/394
|
|turn|15
|
|move|p1a: Krookodile|Knock Off|p2a: Goodra
|-damage|p2a: Goodra|86\/322
|-enditem|p2a: Goodra|Choice Band|[from] move: Knock Off|[of] p1a: Krookodile
|move|p2a: Goodra|Outrage|p1a: Krookodile
|-damage|p1a: Krookodile|0 fnt
|faint|p1a: Krookodile
|
|-end|p2a: Goodra|rampage
|-start|p2a: Goodra|confusion
|
|switch|p1a: Jirachi|Jirachi, shiny|341\/341
|-damage|p1a: Jirachi|320\/341|[from] Stealth Rock
|turn|16
|
|move|p1a: Jirachi|Psyshock|p2a: Goodra
|-damage|p2a: Goodra|0 fnt
|faint|p2a: Goodra
|
|-heal|p1a: Jirachi|341\/341|[from] item: Leftovers
|
|switch|p2a: Raikou|Raikou|168\/322
|-damage|p2a: Raikou|128\/322|[from] Stealth Rock
|-ability|p2a: Raikou|Pressure
|turn|17
|
|move|p2a: Raikou|Volt Switch|p1a: Jirachi
|-damage|p1a: Jirachi|155\/341
|
|switch|p2a: Jirachi|Jirachi|341\/341
|-damage|p2a: Jirachi|320\/341|[from] Stealth Rock
|move|p1a: Jirachi|Psyshock|p2a: Jirachi
|-resisted|p2a: Jirachi
|-damage|p2a: Jirachi|293\/341
|
|-heal|p1a: Jirachi|176\/341|[from] item: Leftovers
|turn|18
|
|move|p1a: Jirachi|Substitute|p1a: Jirachi
|-start|p1a: Jirachi|Substitute
|-damage|p1a: Jirachi|91\/341
|move|p2a: Jirachi|Fire Punch|p1a: Jirachi
|-supereffective|p1a: Jirachi
|-end|p1a: Jirachi|Substitute
|
|-heal|p1a: Jirachi|112\/341|[from] item: Leftovers
|turn|19
|
|move|p2a: Jirachi|Fire Punch|p1a: Jirachi
|-supereffective|p1a: Jirachi
|-damage|p1a: Jirachi|0 fnt
|faint|p1a: Jirachi
|
|
|switch|p1a: Feraligatr|Feraligatr, F|301\/344
|-damage|p1a: Feraligatr|258\/344|[from] Stealth Rock
|turn|20
|
|move|p2a: Jirachi|Thunder Wave|p1a: Feraligatr
|-status|p1a: Feraligatr|par
|cant|p1a: Feraligatr|par
|
|turn|21
|
|move|p2a: Jirachi|Iron Head|p1a: Feraligatr
|-resisted|p1a: Feraligatr
|-damage|p1a: Feraligatr|195\/344 par
|move|p1a: Feraligatr|Swords Dance|p1a: Feraligatr
|-boost|p1a: Feraligatr|atk|2
|
|turn|22
|
|move|p1a: Feraligatr|Aqua Jet|p2a: Jirachi
|-damage|p2a: Jirachi|136\/341
|move|p2a: Jirachi|Iron Head|p1a: Feraligatr
|-resisted|p1a: Feraligatr
|-damage|p1a: Feraligatr|135\/344 par
|
|turn|23
|
|move|p1a: Feraligatr|Aqua Jet|p2a: Jirachi
|-damage|p2a: Jirachi|0 fnt
|faint|p2a: Jirachi
|
|
|switch|p2a: Raikou|Raikou|128\/322
|-damage|p2a: Raikou|88\/322|[from] Stealth Rock
|-ability|p2a: Raikou|Pressure
|turn|24
|
|move|p1a: Feraligatr|Aqua Jet|p2a: Raikou
|-crit|p2a: Raikou
|-damage|p2a: Raikou|0 fnt
|faint|p2a: Raikou
|
|
|switch|p2a: Blastoise|Blastoise-Mega, M|84\/330
|-damage|p2a: Blastoise|43\/330|[from] Stealth Rock
|turn|25
|
|move|p1a: Feraligatr|Aqua Jet|p2a: Blastoise
|-resisted|p2a: Blastoise
|-damage|p2a: Blastoise|0 fnt
|faint|p2a: Blastoise
|
|
|switch|p2a: Mienshao|Mienshao, M|70\/306
|-damage|p2a: Mienshao|51\/306|[from] Stealth Rock
|turn|26
|c|âasdlkf|battle of the most skill
|
|move|p1a: Feraligatr|Aqua Jet|p2a: Mienshao
|-damage|p2a: Mienshao|0 fnt
|faint|p2a: Mienshao
|
|win|asdlkf
|raw|Ladder updating...
|raw|asdlkf's rating: 1699 &rarr; <strong>1711<\/strong><br \/>(+12 for winning)
|raw|tuRkles's rating: 1565 &rarr; <strong>1552<\/strong><br \/>(-13 for losing)
|c|âtuRkles|haha gg
|leave|tuRkles
|player|p2