|join|tuRkles
|join|Dakotas
|player|p1|tuRkles|115
|player|p2|Dakotas|256
|gametype|singles
|gen|6
|tier|UU
|rated
|rule|Sleep Clause Mod: Limit one foe put to sleep
|rule|Species Clause: Limit one of each PokÃ©mon
|rule|OHKO Clause: OHKO moves are banned
|rule|Moody Clause: Moody is banned
|rule|Evasion Moves Clause: Evasion moves are banned
|rule|Endless Battle Clause: Forcing endless battles is banned
|rule|HP Percentage Mod: HP is shown in percentages
|clearpoke
|poke|p1|Jirachi
|poke|p1|Lucario, F
|poke|p1|Krookodile, M
|poke|p1|Togekiss, M
|poke|p1|Blastoise, F
|poke|p1|Raikou
|poke|p2|Lopunny, F
|poke|p2|Cresselia, F
|poke|p2|Cobalion
|poke|p2|Slowking, M
|poke|p2|Whimsicott, F
|poke|p2|Kyurem
|rule|Swagger Clause: Swagger is banned
|rule|Baton Pass Clause: Limit one PokÃ©mon knowing Baton Pass
|teampreview
|
|start
|switch|p1a: Raikou|Raikou|322\/322
|switch|p2a: Whimsicott|Whimsicott, F|324\/324
|-ability|p1a: Raikou|Pressure
|turn|1
|
|move|p2a: Whimsicott|Toxic|p1a: Raikou
|-status|p1a: Raikou|tox
|move|p1a: Raikou|Volt Switch|p2a: Whimsicott
|-resisted|p2a: Whimsicott
|-damage|p2a: Whimsicott|221\/324
|
|switch|p1a: Jirachi|Jirachi|341\/341
|
|-heal|p2a: Whimsicott|241\/324|[from] item: Leftovers
|turn|2
|
|switch|p2a: Slowking|Slowking, M|394\/394
|move|p1a: Jirachi|U-turn|p2a: Slowking
|-supereffective|p2a: Slowking
|-damage|p2a: Slowking|234\/394
|
|switch|p1a: Raikou|Raikou|322\/322 tox
|-ability|p1a: Raikou|Pressure
|
|-heal|p2a: Slowking|258\/394|[from] item: Leftovers
|-damage|p1a: Raikou|302\/322 tox|[from] psn
|turn|3
|
|switch|p2a: Kyurem|Kyurem|391\/391
|-ability|p2a: Kyurem|Pressure
|move|p1a: Raikou|Volt Switch|p2a: Kyurem
|-resisted|p2a: Kyurem
|-damage|p2a: Kyurem|295\/391
|
|switch|p1a: Jirachi|Jirachi|341\/341
|
|turn|4
|
|switch|p2a: Cobalion|Cobalion|363\/363
|move|p1a: Jirachi|Iron Head|p2a: Cobalion
|-resisted|p2a: Cobalion
|-damage|p2a: Cobalion|314\/363
|
|-heal|p2a: Cobalion|336\/363|[from] item: Leftovers
|turn|5
|
|switch|p1a: Raikou|Raikou|302\/322 tox
|-ability|p1a: Raikou|Pressure
|move|p2a: Cobalion|Stealth Rock|p1a: Raikou
|-sidestart|p1: tuRkles|move: Stealth Rock
|
|-heal|p2a: Cobalion|358\/363|[from] item: Leftovers
|-damage|p1a: Raikou|282\/322 tox|[from] psn
|turn|6
|
|switch|p2a: Whimsicott|Whimsicott, F|241\/324
|move|p1a: Raikou|Thunderbolt|p2a: Whimsicott
|-resisted|p2a: Whimsicott
|-damage|p2a: Whimsicott|110\/324
|
|-heal|p2a: Whimsicott|130\/324|[from] item: Leftovers
|-damage|p1a: Raikou|242\/322 tox|[from] psn
|turn|7
|
|move|p2a: Whimsicott|Leech Seed|p1a: Raikou
|-start|p1a: Raikou|move: Leech Seed
|move|p1a: Raikou|Thunderbolt|p2a: Whimsicott
|-resisted|p2a: Whimsicott
|-damage|p2a: Whimsicott|0 fnt
|faint|p2a: Whimsicott
|
|-damage|p1a: Raikou|182\/322 tox|[from] psn
|
|switch|p2a: Lopunny|Lopunny, F|271\/271
|turn|8
|
|switch|p1a: Jirachi|Jirachi|341\/341
|-damage|p1a: Jirachi|320\/341|[from] Stealth Rock
|detailschange|p2a: Lopunny|Lopunny-Mega, F
|message|Lopunny has Mega Evolved into Mega Lopunny!
|move|p2a: Lopunny|Fake Out|p1a: Jirachi
|-resisted|p1a: Jirachi
|-damage|p1a: Jirachi|286\/341
|
|turn|9
|
|move|p1a: Jirachi|U-turn|p2a: Lopunny
|-resisted|p2a: Lopunny
|-damage|p2a: Lopunny|235\/271
|
|switch|p1a: Togekiss|Togekiss, M|374\/374
|-damage|p1a: Togekiss|281\/374|[from] Stealth Rock
|move|p2a: Lopunny|Frustration|p1a: Togekiss
|-damage|p1a: Togekiss|77\/374
|
|-heal|p1a: Togekiss|100\/374|[from] item: Leftovers
|turn|10
|
|move|p2a: Lopunny|Frustration|p1a: Togekiss
|-damage|p1a: Togekiss|0 fnt
|faint|p1a: Togekiss
|
|
|switch|p1a: Blastoise|Blastoise, F|334\/334
|-damage|p1a: Blastoise|293\/334|[from] Stealth Rock
|turn|11
|
|detailschange|p1a: Blastoise|Blastoise-Mega, F
|message|Blastoise has Mega Evolved into Mega Blastoise!
|move|p2a: Lopunny|Toxic|p1a: Blastoise
|-status|p1a: Blastoise|tox
|move|p1a: Blastoise|Scald|p2a: Lopunny
|-damage|p2a: Lopunny|72\/271
|
|-damage|p1a: Blastoise|273\/334 tox|[from] psn
|turn|12
|
|switch|p2a: Slowking|Slowking, M|389\/394
|move|p1a: Blastoise|Dark Pulse|p2a: Slowking
|-supereffective|p2a: Slowking
|-damage|p2a: Slowking|171\/394
|
|-heal|p2a: Slowking|195\/394|[from] item: Leftovers
|-damage|p1a: Blastoise|233\/334 tox|[from] psn
|turn|13
|
|switch|p2a: Kyurem|Kyurem|295\/391
|-ability|p2a: Kyurem|Pressure
|move|p1a: Blastoise|Scald|p2a: Kyurem
|-resisted|p2a: Kyurem
|-damage|p2a: Kyurem|209\/391
|-status|p2a: Kyurem|brn
|
|-damage|p2a: Kyurem|161\/391 brn|[from] brn
|-damage|p1a: Blastoise|173\/334 tox|[from] psn
|turn|14
|
|move|p2a: Kyurem|Focus Blast|p1a: Blastoise
|-damage|p1a: Blastoise|35\/334 tox
|move|p1a: Blastoise|Dark Pulse|p2a: Kyurem
|-damage|p2a: Kyurem|0 fnt
|faint|p2a: Kyurem
|
|-damage|p1a: Blastoise|0 fnt|[from] psn
|faint|p1a: Blastoise
|
|switch|p1a: Jirachi|Jirachi|286\/341
|switch|p2a: Cresselia|Cresselia, F|444\/444
|-damage|p1a: Jirachi|265\/341|[from] Stealth Rock
|turn|15
|
|switch|p2a: Cobalion|Cobalion|358\/363
|move|p1a: Jirachi|U-turn|p2a: Cobalion
|-resisted|p2a: Cobalion
|-damage|p2a: Cobalion|345\/363
|
|switch|p1a: Raikou|Raikou|182\/322 tox
|-damage|p1a: Raikou|142\/322 tox|[from] Stealth Rock
|-ability|p1a: Raikou|Pressure
|
|-heal|p2a: Cobalion|363\/363|[from] item: Leftovers
|-damage|p1a: Raikou|122\/322 tox|[from] psn
|turn|16
|
|move|p1a: Raikou|Thunderbolt|p2a: Cobalion
|-damage|p2a: Cobalion|84\/363
|move|p2a: Cobalion|Close Combat|p1a: Raikou
|-damage|p1a: Raikou|0 fnt
|-unboost|p2a: Cobalion|def|1
|-unboost|p2a: Cobalion|spd|1
|faint|p1a: Raikou
|
|-heal|p2a: Cobalion|106\/363|[from] item: Leftovers
|
|switch|p1a: Lucario|Lucario, F|281\/281
|-damage|p1a: Lucario|273\/281|[from] Stealth Rock
|turn|17
|
|move|p1a: Lucario|Extreme Speed|p2a: Cobalion
|-resisted|p2a: Cobalion
|-damage|p2a: Cobalion|38\/363
|-damage|p1a: Lucario|245\/281|[from] item: Life Orb
|move|p2a: Cobalion|Close Combat|p1a: Lucario
|-supereffective|p1a: Lucario
|-damage|p1a: Lucario|0 fnt
|-unboost|p2a: Cobalion|def|1
|-unboost|p2a: Cobalion|spd|1
|faint|p1a: Lucario
|
|-heal|p2a: Cobalion|60\/363|[from] item: Leftovers
|
|switch|p1a: Jirachi|Jirachi|265\/341
|-damage|p1a: Jirachi|244\/341|[from] Stealth Rock
|turn|18
|
|move|p1a: Jirachi|Iron Head|p2a: Cobalion
|-resisted|p2a: Cobalion
|-damage|p2a: Cobalion|0 fnt
|faint|p2a: Cobalion
|
|
|switch|p2a: Slowking|Slowking, M|326\/394
|turn|19
|
|move|p1a: Jirachi|Iron Head|p2a: Slowking
|-resisted|p2a: Slowking
|-damage|p2a: Slowking|252\/394
|move|p2a: Slowking|Scald|p1a: Jirachi
|-damage|p1a: Jirachi|145\/341
|
|-heal|p2a: Slowking|276\/394|[from] item: Leftovers
|turn|20
|
|move|p1a: Jirachi|Iron Head|p2a: Slowking
|-resisted|p2a: Slowking
|-damage|p2a: Slowking|204\/394
|move|p2a: Slowking|Slack Off|p2a: Slowking
|-heal|p2a: Slowking|394\/394
|
|turn|21
|
|move|p1a: Jirachi|Iron Head|p2a: Slowking
|-resisted|p2a: Slowking
|-damage|p2a: Slowking|322\/394
|cant|p2a: Slowking|flinch
|
|-heal|p2a: Slowking|346\/394|[from] item: Leftovers
|turn|22
|
|move|p1a: Jirachi|Iron Head|p2a: Slowking
|-resisted|p2a: Slowking
|-damage|p2a: Slowking|275\/394
|cant|p2a: Slowking|flinch
|
|-heal|p2a: Slowking|299\/394|[from] item: Leftovers
|turn|23
|
|move|p1a: Jirachi|Iron Head|p2a: Slowking
|-resisted|p2a: Slowking
|-damage|p2a: Slowking|233\/394
|move|p2a: Slowking|Fire Blast|p1a: Jirachi
|-supereffective|p1a: Jirachi
|-damage|p1a: Jirachi|0 fnt
|faint|p1a: Jirachi
|
|-heal|p2a: Slowking|257\/394|[from] item: Leftovers
|
|switch|p1a: Krookodile|Krookodile, M|331\/331
|-damage|p1a: Krookodile|311\/331|[from] Stealth Rock
|-ability|p1a: Krookodile|Intimidate|[of] p2a: Slowking
|-unboost|p2a: Slowking|atk|1
|turn|24
|
|move|p1a: Krookodile|Knock Off|p2a: Slowking
|-supereffective|p2a: Slowking
|-damage|p2a: Slowking|0 fnt
|-enditem|p2a: Slowking|Leftovers|[from] move: Knock Off|[of] p1a: Krookodile
|faint|p2a: Slowking
|
|
|switch|p2a: Lopunny|Lopunny-Mega, F|72\/271
|turn|25
|
|move|p2a: Lopunny|Fake Out|p1a: Krookodile
|-damage|p1a: Krookodile|226\/331
|cant|p1a: Krookodile|flinch
|
|turn|26
|
|move|p2a: Lopunny|High Jump Kick|p1a: Krookodile
|-supereffective|p1a: Krookodile
|-damage|p1a: Krookodile|0 fnt
|faint|p1a: Krookodile
|
|win|Dakotas
|raw|Ladder updating...
|raw|tuRkles's rating: 1388 &rarr; <strong>1362<\/strong><br \/>(-26 for losing)
|raw|Dakotas's rating: 1281 &rarr; <strong>1313<\/strong><br \/>(+32 for winning)
|c|âDakotas|gg
|leave|tuRkles
|player|p1
|leave|Dakotas
|player|p2
|join|Dakotas