|join|tuRkles
|join|Ladder4Glory
|player|p1|tuRkles|115
|player|p2|Ladder4Glory|101
|gametype|singles
|gen|6
|tier|UU
|rated
|rule|Sleep Clause Mod: Limit one foe put to sleep
|rule|Species Clause: Limit one of each PokÃ©mon
|rule|OHKO Clause: OHKO moves are banned
|rule|Moody Clause: Moody is banned
|rule|Evasion Moves Clause: Evasion moves are banned
|rule|Endless Battle Clause: Forcing endless battles is banned
|rule|HP Percentage Mod: HP is shown in percentages
|clearpoke
|poke|p1|Jirachi
|poke|p1|Lucario, F
|poke|p1|Krookodile, F
|poke|p1|Zygarde
|poke|p1|Blastoise, M
|poke|p1|Raikou
|poke|p2|Pangoro, M
|poke|p2|Mienshao, F
|poke|p2|Nidoqueen, F
|poke|p2|Glalie, M
|poke|p2|Jirachi, shiny
|poke|p2|Noivern, F
|rule|Swagger Clause: Swagger is banned
|rule|Baton Pass Clause: Limit one PokÃ©mon knowing Baton Pass
|teampreview
|
|start
|switch|p1a: Zygarde|Zygarde|404\/404
|switch|p2a: Glalie|Glalie, M|301\/301
|-ability|p1a: Zygarde|Aura Break
|turn|1
|
|switch|p1a: Jirachi|Jirachi|341\/341
|detailschange|p2a: Glalie|Glalie-Mega, M
|-mega|p2a: Glalie|Glalie|Glalitite
|move|p2a: Glalie|Spikes|p1a: Jirachi
|-sidestart|p1: tuRkles|Spikes
|
|turn|2
|
|move|p1a: Jirachi|Iron Head|p2a: Glalie
|-supereffective|p2a: Glalie
|-damage|p2a: Glalie|7\/301
|move|p2a: Glalie|Super Fang|p1a: Jirachi
|-damage|p1a: Jirachi|171\/341
|
|turn|3
|
|switch|p2a: Jirachi|Jirachi, shiny|341\/341
|move|p1a: Jirachi|Iron Head|p2a: Jirachi
|-resisted|p2a: Jirachi
|-damage|p2a: Jirachi|281\/341
|
|turn|4
|
|move|p1a: Jirachi|Iron Head|p2a: Jirachi
|-resisted|p2a: Jirachi
|-damage|p2a: Jirachi|218\/341
|cant|p2a: Jirachi|flinch
|
|turn|5
|
|switch|p2a: Nidoqueen|Nidoqueen, F|353\/353
|move|p1a: Jirachi|Iron Head|p2a: Nidoqueen
|-damage|p2a: Nidoqueen|218\/353
|
|turn|6
|
|move|p1a: Jirachi|Iron Head|p2a: Nidoqueen
|-damage|p2a: Nidoqueen|73\/353
|move|p2a: Nidoqueen|Earth Power|p1a: Jirachi
|-supereffective|p1a: Jirachi
|-damage|p1a: Jirachi|0 fnt
|faint|p1a: Jirachi
|
|
|switch|p1a: Lucario|Lucario, F|281\/281
|-damage|p1a: Lucario|246\/281|[from] Spikes
|turn|7
|
|move|p1a: Lucario|Extreme Speed|p2a: Nidoqueen
|-damage|p2a: Nidoqueen|0 fnt
|-damage|p1a: Lucario|218\/281|[from] item: Life Orb
|faint|p2a: Nidoqueen
|
|
|switch|p2a: Jirachi|Jirachi, shiny|218\/341
|turn|8
|
|switch|p1a: Krookodile|Krookodile, F|331\/331
|-damage|p1a: Krookodile|290\/331|[from] Spikes
|-ability|p1a: Krookodile|Intimidate|[of] p2a: Jirachi
|-unboost|p2a: Jirachi|atk|1
|move|p2a: Jirachi|Psychic|p1a: Krookodile
|-immune|p1a: Krookodile|[msg]
|
|turn|9
|
|move|p2a: Jirachi|Moonblast|p1a: Krookodile
|-supereffective|p1a: Krookodile
|-damage|p1a: Krookodile|0 fnt
|-damage|p2a: Jirachi|184\/341|[from] item: Life Orb
|faint|p1a: Krookodile
|
|
|switch|p1a: Raikou|Raikou|322\/322
|-damage|p1a: Raikou|282\/322|[from] Spikes
|-ability|p1a: Raikou|Pressure
|turn|10
|
|move|p1a: Raikou|Thunderbolt|p2a: Jirachi
|-damage|p2a: Jirachi|0 fnt
|faint|p2a: Jirachi
|
|
|switch|p2a: Mienshao|Mienshao, F|271\/271
|turn|11
|
|move|p2a: Mienshao|High Jump Kick|p1a: Raikou
|-damage|p1a: Raikou|0 fnt
|faint|p1a: Raikou
|
|
|switch|p1a: Blastoise|Blastoise, M|333\/333
|-damage|p1a: Blastoise|292\/333|[from] Spikes
|turn|12
|
|switch|p2a: Glalie|Glalie-Mega, M|7\/301
|detailschange|p1a: Blastoise|Blastoise-Mega, M
|-mega|p1a: Blastoise|Blastoise|Blastoisinite
|move|p1a: Blastoise|Scald|p2a: Glalie
|-damage|p2a: Glalie|0 fnt
|faint|p2a: Glalie
|
|
|switch|p2a: Pangoro|Pangoro, M|359\/359
|turn|13
|
|move|p1a: Blastoise|Scald|p2a: Pangoro
|-damage|p2a: Pangoro|152\/359
|move|p2a: Pangoro|Drain Punch|p1a: Blastoise
|-damage|p1a: Blastoise|151\/333
|-heal|p2a: Pangoro|223\/359|[from] drain|[of] p1a: Blastoise
|
|turn|14
|
|move|p1a: Blastoise|Scald|p2a: Pangoro
|-damage|p2a: Pangoro|3\/359
|move|p2a: Pangoro|Drain Punch|p1a: Blastoise
|-damage|p1a: Blastoise|12\/333
|-heal|p2a: Pangoro|73\/359|[from] drain|[of] p1a: Blastoise
|
|turn|15
|
|move|p1a: Blastoise|Scald|p2a: Pangoro
|-damage|p2a: Pangoro|0 fnt
|faint|p2a: Pangoro
|
|
|switch|p2a: Mienshao|Mienshao, F|271\/271
|turn|16
|
|move|p2a: Mienshao|U-turn|p1a: Blastoise
|-damage|p1a: Blastoise|0 fnt
|faint|p1a: Blastoise
|
|switch|p2a: Noivern|Noivern, F|311\/311
|
|
|switch|p1a: Zygarde|Zygarde|404\/404
|-damage|p1a: Zygarde|354\/404|[from] Spikes
|-ability|p1a: Zygarde|Aura Break
|turn|17
|
|move|p2a: Noivern|Air Slash|p1a: Zygarde
|-damage|p1a: Zygarde|212\/404
|move|p1a: Zygarde|Toxic|p2a: Noivern
|-status|p2a: Noivern|tox
|
|-heal|p1a: Zygarde|237\/404|[from] item: Leftovers
|-damage|p2a: Noivern|292\/311 tox|[from] psn
|turn|18
|
|move|p2a: Noivern|Air Slash|p1a: Zygarde
|-damage|p1a: Zygarde|86\/404
|move|p1a: Zygarde|Substitute|p1a: Zygarde
|-fail|p1a: Zygarde|move: Substitute|[weak]
|
|-heal|p1a: Zygarde|111\/404|[from] item: Leftovers
|-damage|p2a: Noivern|254\/311 tox|[from] psn
|turn|19
|
|move|p2a: Noivern|Air Slash|p1a: Zygarde
|-damage|p1a: Zygarde|0 fnt
|faint|p1a: Zygarde
|
|-damage|p2a: Noivern|197\/311 tox|[from] psn
|
|switch|p1a: Lucario|Lucario, F|218\/281
|-damage|p1a: Lucario|183\/281|[from] Spikes
|turn|20
|
|move|p2a: Noivern|Air Slash|p1a: Lucario
|-damage|p1a: Lucario|0 fnt
|faint|p1a: Lucario
|
|win|Ladder4Glory
|raw|Ladder updating...
|raw|tuRkles's rating: 1504 &rarr; <strong>1470<\/strong><br \/>(-34 for losing)
|raw|Ladder4Glory's rating: 1206 &rarr; <strong>1249<\/strong><br \/>(+43 for winning)
|leave|tuRkles
|player|p1