|join|PoryZ2
|join|tuRkles
|player|p1|PoryZ2|204
|player|p2|tuRkles|115
|gametype|singles
|gen|6
|tier|UU
|rated
|rule|Sleep Clause Mod: Limit one foe put to sleep
|rule|Species Clause: Limit one of each PokÃ©mon
|rule|OHKO Clause: OHKO moves are banned
|rule|Moody Clause: Moody is banned
|rule|Evasion Moves Clause: Evasion moves are banned
|rule|Endless Battle Clause: Forcing endless battles is banned
|rule|HP Percentage Mod: HP is shown in percentages
|clearpoke
|poke|p1|Noivern, M
|poke|p1|Chandelure, F
|poke|p1|Swampert, M
|poke|p1|Shuckle, M
|poke|p1|Lucario, M
|poke|p1|Krookodile, M
|poke|p2|Jirachi
|poke|p2|Goodra, M
|poke|p2|Krookodile, F
|poke|p2|Lucario, F
|poke|p2|Blastoise, M
|poke|p2|Entei, shiny
|rule|Swagger Clause: Swagger is banned
|rule|Baton Pass Clause: Limit one PokÃ©mon knowing Baton Pass
|teampreview
|
|start
|switch|p1a: Sia|Chandelure, F|261\/261
|switch|p2a: Blastoise|Blastoise, M|334\/334
|turn|1
|
|switch|p1a: fuck-le|Shuckle, M|243\/243
|detailschange|p2a: Blastoise|Blastoise-Mega, M
|message|Blastoise has Mega Evolved into Mega Blastoise!
|move|p2a: Blastoise|Scald|p1a: fuck-le
|-supereffective|p1a: fuck-le
|-damage|p1a: fuck-le|75\/243
|
|-heal|p1a: fuck-le|90\/243|[from] item: Leftovers
|turn|2
|
|move|p2a: Blastoise|Scald|p1a: fuck-le
|-supereffective|p1a: fuck-le
|-damage|p1a: fuck-le|0 fnt
|faint|p1a: fuck-le
|
|
|switch|p1a: Impulse|Lucario, M|281\/281
|turn|3
|
|move|p1a: Impulse|Swords Dance|p1a: Impulse
|-boost|p1a: Impulse|atk|2
|move|p2a: Blastoise|Scald|p1a: Impulse
|-crit|p1a: Impulse
|-enditem|p1a: Impulse|Focus Sash
|-damage|p1a: Impulse|1\/281
|
|turn|4
|
|move|p1a: Impulse|Close Combat|p2a: Blastoise
|-damage|p2a: Blastoise|15\/334
|-unboost|p1a: Impulse|def|1
|-unboost|p1a: Impulse|spd|1
|move|p2a: Blastoise|Scald|p1a: Impulse
|-damage|p1a: Impulse|0 fnt
|faint|p1a: Impulse
|
|
|switch|p1a: Crock|Krookodile, M|331\/331
|-ability|p1a: Crock|Intimidate|[of] p2a: Blastoise
|-unboost|p2a: Blastoise|atk|1
|turn|5
|
|move|p1a: Crock|Knock Off|p2a: Blastoise
|-damage|p2a: Blastoise|0 fnt
|faint|p2a: Blastoise
|
|
|switch|p2a: Krookodile|Krookodile, F|331\/331
|-ability|p2a: Krookodile|Intimidate|[of] p1a: Crock
|-unboost|p1a: Crock|atk|1
|turn|6
|
|switch|p1a: Martin Garrix|Noivern, M|311\/311
|move|p2a: Krookodile|Stealth Rock|p1a: Martin Garrix
|-sidestart|p1: PoryZ2|move: Stealth Rock
|
|turn|7
|
|move|p1a: Martin Garrix|Hurricane|p2a: Krookodile
|-damage|p2a: Krookodile|76\/331
|-damage|p1a: Martin Garrix|280\/311|[from] item: Life Orb
|move|p2a: Krookodile|Knock Off|p1a: Martin Garrix
|-damage|p1a: Martin Garrix|94\/311
|-enditem|p1a: Martin Garrix|Life Orb|[from] move: Knock Off|[of] p2a: Krookodile
|
|-heal|p2a: Krookodile|96\/331|[from] item: Leftovers
|turn|8
|
|switch|p2a: Jirachi|Jirachi|341\/341
|move|p1a: Martin Garrix|Hurricane|p2a: Jirachi
|-resisted|p2a: Jirachi
|-damage|p2a: Jirachi|268\/341
|
|turn|9
|
|move|p2a: Jirachi|U-turn|p1a: Martin Garrix
|-resisted|p1a: Martin Garrix
|-damage|p1a: Martin Garrix|54\/311
|
|switch|p2a: Krookodile|Krookodile, F|96\/331
|-ability|p2a: Krookodile|Intimidate|[of] p1a: Martin Garrix
|-unboost|p1a: Martin Garrix|atk|1
|move|p1a: Martin Garrix|Tailwind|p1a: Martin Garrix
|-sidestart|p1: PoryZ2|move: Tailwind
|
|-heal|p2a: Krookodile|116\/331|[from] item: Leftovers
|turn|10
|
|move|p1a: Martin Garrix|Hurricane|p2a: Krookodile
|-damage|p2a: Krookodile|0 fnt
|faint|p2a: Krookodile
|
|
|switch|p2a: Entei|Entei, shiny|372\/372
|-ability|p2a: Entei|Pressure
|turn|11
|
|move|p1a: Martin Garrix|Draco Meteor|p2a: Entei
|-damage|p2a: Entei|152\/372
|-unboost|p1a: Martin Garrix|spa|2
|move|p2a: Entei|Stone Edge|p1a: Martin Garrix
|-supereffective|p1a: Martin Garrix
|-damage|p1a: Martin Garrix|0 fnt
|faint|p1a: Martin Garrix
|
|
|switch|p1a: Crock|Krookodile, M|331\/331
|-damage|p1a: Crock|311\/331|[from] Stealth Rock
|-ability|p1a: Crock|Intimidate|[of] p2a: Entei
|-unboost|p2a: Entei|atk|1
|turn|12
|
|move|p1a: Crock|Earthquake|p2a: Entei
|-supereffective|p2a: Entei
|-damage|p2a: Entei|0 fnt
|faint|p2a: Entei
|
|-sideend|p1: PoryZ2|move: Tailwind
|
|switch|p2a: Goodra|Goodra, M|370\/370
|turn|13
|
|switch|p1a: do you even lift|Swampert, M|404\/404
|-damage|p1a: do you even lift|379\/404|[from] Stealth Rock
|move|p2a: Goodra|Outrage|p1a: do you even lift
|-damage|p1a: do you even lift|85\/404
|
|-heal|p1a: do you even lift|110\/404|[from] item: Leftovers
|turn|14
|
|move|p2a: Goodra|Outrage|p1a: do you even lift
|-damage|p1a: do you even lift|0 fnt
|faint|p1a: do you even lift
|
|
|switch|p1a: Crock|Krookodile, M|311\/331
|-damage|p1a: Crock|291\/331|[from] Stealth Rock
|-ability|p1a: Crock|Intimidate|[of] p2a: Goodra
|-unboost|p2a: Goodra|atk|1
|turn|15
|
|move|p1a: Crock|Earthquake|p2a: Goodra
|-damage|p2a: Goodra|64\/370
|move|p2a: Goodra|Outrage|p1a: Crock
|-damage|p1a: Crock|57\/331
|
|-end|p2a: Goodra|rampage
|-start|p2a: Goodra|confusion
|turn|16
|
|move|p1a: Crock|Earthquake|p2a: Goodra
|-damage|p2a: Goodra|0 fnt
|faint|p2a: Goodra
|
|
|switch|p2a: Jirachi|Jirachi|268\/341
|turn|17
|
|move|p2a: Jirachi|Iron Head|p1a: Crock
|-damage|p1a: Crock|0 fnt
|faint|p1a: Crock
|
|
|switch|p1a: Sia|Chandelure, F|261\/261
|-damage|p1a: Sia|196\/261|[from] Stealth Rock
|turn|18
|
|move|p2a: Jirachi|Iron Head|p1a: Sia
|-crit|p1a: Sia
|-resisted|p1a: Sia
|-damage|p1a: Sia|92\/261
|cant|p1a: Sia|flinch
|
|turn|19
|
|move|p2a: Jirachi|Iron Head|p1a: Sia
|-resisted|p1a: Sia
|-damage|p1a: Sia|29\/261
|move|p1a: Sia|Fire Blast|p2a: Jirachi
|-supereffective|p2a: Jirachi
|-damage|p2a: Jirachi|0 fnt
|-damage|p1a: Sia|3\/261|[from] item: Life Orb
|faint|p2a: Jirachi
|
|
|switch|p2a: Lucario|Lucario, F|281\/281
|turn|20
|
|move|p1a: Sia|Fire Blast|p2a: Lucario
|-supereffective|p2a: Lucario
|-damage|p2a: Lucario|0 fnt
|-damage|p1a: Sia|0 fnt|[from] item: Life Orb
|faint|p2a: Lucario
|faint|p1a: Sia
|
|win|PoryZ2
|raw|Ladder updating...
|raw|PoryZ2's rating: 1419 &rarr; <strong>1443<\/strong><br \/>(+24 for winning)
|raw|tuRkles's rating: 1498 &rarr; <strong>1474<\/strong><br \/>(-24 for losing)
|leave|tuRkles
|player|p2