|join|asdlkf
|join|tuRkles
|player|p1|asdlkf|171
|player|p2|tuRkles|115
|gametype|singles
|gen|6
|tier|UU
|rated
|rule|Sleep Clause Mod: Limit one foe put to sleep
|rule|Species Clause: Limit one of each PokÃ©mon
|rule|OHKO Clause: OHKO moves are banned
|rule|Moody Clause: Moody is banned
|rule|Evasion Moves Clause: Evasion moves are banned
|rule|Endless Battle Clause: Forcing endless battles is banned
|rule|HP Percentage Mod: HP is shown in percentages
|clearpoke
|poke|p1|Feraligatr, F
|poke|p1|Jirachi, shiny
|poke|p1|Blastoise, M
|poke|p1|Krookodile, F
|poke|p1|Goodra, M
|poke|p1|Mienshao, F
|poke|p2|Goodra, F
|poke|p2|Krookodile, M
|poke|p2|Spiritomb, M
|poke|p2|Jirachi
|poke|p2|Blastoise, F
|poke|p2|Mienshao, F
|rule|Swagger Clause: Swagger is banned
|rule|Baton Pass Clause: Limit one PokÃ©mon knowing Baton Pass
|teampreview
|c|âasdlkf|hey buddy nice to see you again, real solid team you got!!!!!
|
|start
|switch|p1a: Mienshao|Mienshao, F|271\/271
|switch|p2a: Blastoise|Blastoise, F|332\/332
|turn|1
|c|âtuRkles|not mine, you should try it some time
|
|detailschange|p2a: Blastoise|Blastoise-Mega, F
|message|Blastoise has Mega Evolved into Mega Blastoise!
|move|p1a: Mienshao|U-turn|p2a: Blastoise
|-damage|p2a: Blastoise|258\/332
|
|switch|p1a: Blastoise|Blastoise, M|324\/324
|move|p2a: Blastoise|Scald|p1a: Blastoise
|-resisted|p1a: Blastoise
|-damage|p1a: Blastoise|240\/324
|
|turn|2
|
|detailschange|p1a: Blastoise|Blastoise-Mega, M
|message|Blastoise has Mega Evolved into Mega Blastoise!
|move|p1a: Blastoise|Dragon Pulse|p2a: Blastoise
|-damage|p2a: Blastoise|99\/332
|move|p2a: Blastoise|Dragon Pulse|p1a: Blastoise
|-damage|p1a: Blastoise|88\/324
|
|turn|3
|
|switch|p2a: Goodra|Goodra, F|322\/322
|move|p1a: Blastoise|Aura Sphere|p2a: Goodra
|-damage|p2a: Goodra|218\/322
|
|turn|4
|
|move|p2a: Goodra|Outrage|p1a: Blastoise
|-damage|p1a: Blastoise|0 fnt
|faint|p1a: Blastoise
|
|
|switch|p1a: Krookodile|Krookodile, F|394\/394
|-ability|p1a: Krookodile|Intimidate|[of] p2a: Goodra
|-unboost|p2a: Goodra|atk|1
|turn|5
|
|move|p1a: Krookodile|Knock Off|p2a: Goodra
|-damage|p2a: Goodra|37\/322
|-enditem|p2a: Goodra|Choice Band|[from] move: Knock Off|[of] p1a: Krookodile
|move|p2a: Goodra|Outrage|p1a: Krookodile
|-damage|p1a: Krookodile|246\/394
|
|-heal|p1a: Krookodile|270\/394|[from] item: Leftovers
|turn|6
|
|move|p1a: Krookodile|Stealth Rock|p2a: Goodra
|-sidestart|p2: tuRkles|move: Stealth Rock
|move|p2a: Goodra|Outrage|p1a: Krookodile
|-damage|p1a: Krookodile|102\/394
|
|-end|p2a: Goodra|rampage
|-start|p2a: Goodra|confusion
|-heal|p1a: Krookodile|126\/394|[from] item: Leftovers
|turn|7
|
|move|p1a: Krookodile|Knock Off|p2a: Goodra
|-damage|p2a: Goodra|0 fnt
|faint|p2a: Goodra
|
|-heal|p1a: Krookodile|150\/394|[from] item: Leftovers
|
|switch|p2a: Mienshao|Mienshao, F|271\/271
|-damage|p2a: Mienshao|255\/271|[from] Stealth Rock
|turn|8
|
|move|p2a: Mienshao|High Jump Kick|p1a: Krookodile
|-supereffective|p1a: Krookodile
|-damage|p1a: Krookodile|0 fnt
|faint|p1a: Krookodile
|
|
|switch|p1a: Feraligatr|Feraligatr, F|344\/344
|turn|9
|
|move|p2a: Mienshao|High Jump Kick|p1a: Feraligatr
|-damage|p1a: Feraligatr|88\/344
|move|p1a: Feraligatr|Waterfall|p2a: Mienshao
|-damage|p2a: Mienshao|0 fnt
|faint|p2a: Mienshao
|
|
|switch|p2a: Spiritomb|Spiritomb, M|293\/293
|-damage|p2a: Spiritomb|257\/293|[from] Stealth Rock
|turn|10
|
|move|p1a: Feraligatr|Aqua Jet|p2a: Spiritomb
|-damage|p2a: Spiritomb|145\/293
|move|p2a: Spiritomb|Sucker Punch|p1a: Feraligatr
|-fail|p1a: Feraligatr
|
|turn|11
|
|move|p1a: Feraligatr|Waterfall|p2a: Spiritomb
|-damage|p2a: Spiritomb|0 fnt
|faint|p2a: Spiritomb
|
|
|switch|p2a: Jirachi|Jirachi|342\/342
|-damage|p2a: Jirachi|321\/342|[from] Stealth Rock
|turn|12
|
|move|p1a: Feraligatr|Aqua Jet|p2a: Jirachi
|-damage|p2a: Jirachi|206\/342
|move|p2a: Jirachi|Psyshock|p1a: Feraligatr
|-damage|p1a: Feraligatr|0 fnt
|faint|p1a: Feraligatr
|
|-heal|p2a: Jirachi|227\/342|[from] item: Leftovers
|
|switch|p1a: Goodra|Goodra, M|352\/352
|turn|13
|
|move|p2a: Jirachi|Dazzling Gleam|p1a: Goodra
|-supereffective|p1a: Goodra
|-damage|p1a: Goodra|244\/352
|move|p1a: Goodra|Earthquake|p2a: Jirachi
|-supereffective|p2a: Jirachi
|-damage|p2a: Jirachi|0 fnt
|faint|p2a: Jirachi
|
|
|switch|p2a: Blastoise|Blastoise-Mega, F|99\/332
|-damage|p2a: Blastoise|58\/332|[from] Stealth Rock
|turn|14
|
|move|p1a: Goodra|Earthquake|p2a: Blastoise
|-damage|p2a: Blastoise|0 fnt
|faint|p2a: Blastoise
|
|
|switch|p2a: Krookodile|Krookodile, M|393\/393
|-damage|p2a: Krookodile|369\/393|[from] Stealth Rock
|-ability|p2a: Krookodile|Intimidate|[of] p1a: Goodra
|-unboost|p1a: Goodra|atk|1
|turn|15
|
|move|p1a: Goodra|Earthquake|p2a: Krookodile
|-crit|p2a: Krookodile
|-damage|p2a: Krookodile|171\/393
|move|p2a: Krookodile|Knock Off|p1a: Goodra
|-damage|p1a: Goodra|64\/352
|-enditem|p1a: Goodra|Choice Band|[from] move: Knock Off|[of] p2a: Krookodile
|
|-heal|p2a: Krookodile|195\/393|[from] item: Leftovers
|turn|16
|
|move|p1a: Goodra|Outrage|p2a: Krookodile
|-damage|p2a: Krookodile|93\/393
|move|p2a: Krookodile|Knock Off|p1a: Goodra
|-damage|p1a: Goodra|0 fnt
|faint|p1a: Goodra
|
|-heal|p2a: Krookodile|117\/393|[from] item: Leftovers
|
|switch|p1a: Mienshao|Mienshao, F|271\/271
|turn|17
|
|move|p1a: Mienshao|U-turn|p2a: Krookodile
|-supereffective|p2a: Krookodile
|-damage|p2a: Krookodile|0 fnt
|faint|p2a: Krookodile
|
|win|asdlkf
|raw|Ladder updating...
|raw|asdlkf's rating: 1681 &rarr; <strong>1695<\/strong><br \/>(+14 for winning)
|raw|tuRkles's rating: 1567 &rarr; <strong>1553<\/strong><br \/>(-14 for losing)
|c|âtuRkles|gg
|leave|tuRkles
|player|p2
|player|p1|Dudeman130498|171
|join|DMT
|join|CoolStoryBrobat
|join|Alien Undead Cop
|join|Nightmare Vampire
|c|@CoolStoryBrobat|lol
|c| Alien Undead Cop|whoa
|c|@CoolStoryBrobat|He bit the swag hard
|c| Alien Undead Cop|xD
|c| Dudeman130498|even the banded goodra
|join|Scurbs
|join|Colbrushie
|leave|Scurbs
|c|@CoolStoryBrobat|He even admitted it wasn't his
|c|@CoolStoryBrobat|And then recommended it to you
|c| Dudeman130498|lol
|c| Alien Undead Cop|that
|c| Dudeman130498|p sure he was going along with the joke there
|c| Alien Undead Cop|is some funny ass shit xD
|join|DrReuniclus2
|c| Dudeman130498|but yeah lol
|join|SuperSawgy
|c| Colbrushie|nb
|leave|Colbrushie
|join|mau6
|leave|CoolStoryBrobat
|leave|Dudeman130498
|player|p1
|leave|mau6
|join|Yoshiboy221
|join|dingbat
|leave|Yoshiboy221
|leave|Alien Undead Cop
|c| dingbat|um