|join|azian
|join|tuRkles
|player|p1|azian|165
|player|p2|tuRkles|115
|gametype|singles
|gen|6
|tier|UU
|rated
|rule|Sleep Clause Mod: Limit one foe put to sleep
|rule|Species Clause: Limit one of each PokÃ©mon
|rule|OHKO Clause: OHKO moves are banned
|rule|Moody Clause: Moody is banned
|rule|Evasion Moves Clause: Evasion moves are banned
|rule|Endless Battle Clause: Forcing endless battles is banned
|rule|HP Percentage Mod: HP is shown in percentages
|clearpoke
|poke|p1|Arcanine, F
|poke|p1|Snorlax, F
|poke|p1|Celebi
|poke|p1|Raikou
|poke|p1|Absol, M
|poke|p1|Forretress, M
|poke|p2|Goodra, F
|poke|p2|Ampharos, F
|poke|p2|Tentacruel, M
|poke|p2|Hydreigon, F
|poke|p2|Jirachi
|poke|p2|Lucario, F
|rule|Swagger Clause: Swagger is banned
|rule|Baton Pass Clause: Limit one PokÃ©mon knowing Baton Pass
|teampreview
|
|start
|switch|p1a: Fgt Doge|Arcanine, F|384\/384
|switch|p2a: Ampharos|Ampharos, F|369\/369
|-ability|p1a: Fgt Doge|Intimidate|[of] p2a: Ampharos
|-unboost|p2a: Ampharos|atk|1
|turn|1
|
|detailschange|p2a: Ampharos|Ampharos-Mega, F
|message|Ampharos has Mega Evolved into Mega Ampharos!
|-ability|p2a: Ampharos|Mold Breaker
|move|p1a: Fgt Doge|Will-O-Wisp|p2a: Ampharos
|-status|p2a: Ampharos|brn
|move|p2a: Ampharos|Volt Switch|p1a: Fgt Doge
|-damage|p1a: Fgt Doge|198\/384
|
|switch|p2a: Hydreigon|Hydreigon, F|325\/325
|
|turn|2
|
|switch|p1a: Typical American|Snorlax, F|524\/524
|move|p2a: Hydreigon|Dark Pulse|p1a: Typical American
|-damage|p1a: Typical American|421\/524
|
|-heal|p1a: Typical American|453\/524|[from] item: Leftovers
|turn|3
|
|switch|p2a: Jirachi|Jirachi|341\/341
|move|p1a: Typical American|Body Slam|p2a: Jirachi
|-resisted|p2a: Jirachi
|-damage|p2a: Jirachi|289\/341
|-status|p2a: Jirachi|par
|
|-heal|p1a: Typical American|485\/524|[from] item: Leftovers
|turn|4
|
|switch|p1a: Spinny Benny|Forretress, M|354\/354
|move|p2a: Jirachi|Stealth Rock|p1a: Spinny Benny
|-sidestart|p1: azian|move: Stealth Rock
|
|turn|5
|
|move|p2a: Jirachi|Fire Punch|p1a: Spinny Benny
|-supereffective|p1a: Spinny Benny
|-damage|p1a: Spinny Benny|162\/354
|-status|p1a: Spinny Benny|brn
|move|p1a: Spinny Benny|Rapid Spin|p2a: Jirachi
|-resisted|p2a: Jirachi
|-damage|p2a: Jirachi|285\/341 par
|-sideend|p1: azian|Stealth Rock|[from] move: Rapid Spin|[of] p1a: Spinny Benny
|
|-heal|p1a: Spinny Benny|184\/354 brn|[from] item: Leftovers
|-damage|p1a: Spinny Benny|140\/354 brn|[from] brn
|turn|6
|
|move|p2a: Jirachi|Stealth Rock|p1a: Spinny Benny
|-sidestart|p1: azian|move: Stealth Rock
|move|p1a: Spinny Benny|Stealth Rock|p2a: Jirachi
|-sidestart|p2: tuRkles|move: Stealth Rock
|
|-heal|p1a: Spinny Benny|162\/354 brn|[from] item: Leftovers
|-damage|p1a: Spinny Benny|118\/354 brn|[from] brn
|turn|7
|
|move|p2a: Jirachi|Fire Punch|p1a: Spinny Benny
|-supereffective|p1a: Spinny Benny
|-damage|p1a: Spinny Benny|0 fnt
|faint|p1a: Spinny Benny
|
|
|switch|p1a: Win Condition|Absol, M|271\/271
|-damage|p1a: Win Condition|238\/271|[from] Stealth Rock
|-ability|p1a: Win Condition|Pressure
|turn|8
|
|detailschange|p1a: Win Condition|Absol-Mega, M
|message|Absol has Mega Evolved into Mega Absol!
|move|p1a: Win Condition|Knock Off|p2a: Jirachi
|-supereffective|p2a: Jirachi
|-damage|p2a: Jirachi|0 fnt
|-enditem|p2a: Jirachi|Expert Belt|[from] move: Knock Off|[of] p1a: Win Condition
|faint|p2a: Jirachi
|
|
|switch|p2a: Tentacruel|Tentacruel, M|361\/361
|-damage|p2a: Tentacruel|316\/361|[from] Stealth Rock
|turn|9
|
|move|p1a: Win Condition|Knock Off|p2a: Tentacruel
|-damage|p2a: Tentacruel|145\/361
|-enditem|p2a: Tentacruel|Black Sludge|[from] move: Knock Off|[of] p1a: Win Condition
|move|p2a: Tentacruel|Toxic Spikes|p1a: Win Condition
|move|p1a: Win Condition|Toxic Spikes|p2a: Tentacruel|[from]Magic Bounce
|-sidestart|p2: tuRkles|move: Toxic Spikes
|
|turn|10
|
|switch|p1a: Onion Fairy Fuck|Celebi|341\/341
|-damage|p1a: Onion Fairy Fuck|299\/341|[from] Stealth Rock
|move|p2a: Tentacruel|Rapid Spin|p1a: Onion Fairy Fuck
|-damage|p1a: Onion Fairy Fuck|288\/341
|-sideend|p2: tuRkles|Toxic Spikes|[from] move: Rapid Spin|[of] p2a: Tentacruel
|-sideend|p2: tuRkles|Stealth Rock|[from] move: Rapid Spin|[of] p2a: Tentacruel
|
|turn|11
|
|switch|p2a: Goodra|Goodra, F|321\/321
|move|p1a: Onion Fairy Fuck|Leaf Storm|p2a: Goodra
|-boost|p2a: Goodra|atk|1|[from] ability: Sap Sipper
|
|turn|12
|
|switch|p1a: Fgt Doge|Arcanine, F|198\/384
|-damage|p1a: Fgt Doge|102\/384|[from] Stealth Rock
|-ability|p1a: Fgt Doge|Intimidate|[of] p2a: Goodra
|-unboost|p2a: Goodra|atk|1
|move|p2a: Goodra|Outrage|p1a: Fgt Doge
|-damage|p1a: Fgt Doge|0 fnt
|-damage|p2a: Goodra|268\/321|[from] item: Rocky Helmet|[of] p1a: Fgt Doge
|faint|p1a: Fgt Doge
|
|
|switch|p1a: Typical American|Snorlax, F|485\/524
|-damage|p1a: Typical American|420\/524|[from] Stealth Rock
|turn|13
|
|move|p2a: Goodra|Outrage|p1a: Typical American
|-damage|p1a: Typical American|0 fnt
|faint|p1a: Typical American
|
|
|switch|p1a: Fgt Capes|Raikou|321\/321
|-damage|p1a: Fgt Capes|281\/321|[from] Stealth Rock
|-ability|p1a: Fgt Capes|Pressure
|turn|14
|
|move|p1a: Fgt Capes|Substitute|p1a: Fgt Capes
|-start|p1a: Fgt Capes|Substitute
|-damage|p1a: Fgt Capes|201\/321
|move|p2a: Goodra|Outrage|p1a: Fgt Capes
|-end|p1a: Fgt Capes|Substitute
|
|-end|p2a: Goodra|rampage
|-start|p2a: Goodra|confusion
|-heal|p1a: Fgt Capes|221\/321|[from] item: Leftovers
|turn|15
|
|move|p1a: Fgt Capes|Substitute|p1a: Fgt Capes
|-start|p1a: Fgt Capes|Substitute
|-damage|p1a: Fgt Capes|141\/321
|-activate|p2a: Goodra|confusion
|-damage|p2a: Goodra|174\/321|[from] confusion
|
|-heal|p1a: Fgt Capes|161\/321|[from] item: Leftovers
|turn|16
|
|switch|p2a: Ampharos|Ampharos-Mega, F|369\/369 brn
|-ability|p2a: Ampharos|Mold Breaker
|move|p1a: Fgt Capes|Calm Mind|p1a: Fgt Capes
|-boost|p1a: Fgt Capes|spa|1
|-boost|p1a: Fgt Capes|spd|1
|
|-heal|p1a: Fgt Capes|181\/321|[from] item: Leftovers
|-damage|p2a: Ampharos|323\/369 brn|[from] brn
|turn|17
|
|move|p1a: Fgt Capes|Calm Mind|p1a: Fgt Capes
|-boost|p1a: Fgt Capes|spa|1
|-boost|p1a: Fgt Capes|spd|1
|move|p2a: Ampharos|Dragon Pulse|p1a: Fgt Capes
|-end|p1a: Fgt Capes|Substitute
|
|-heal|p1a: Fgt Capes|201\/321|[from] item: Leftovers
|-damage|p2a: Ampharos|277\/369 brn|[from] brn
|turn|18
|
|move|p1a: Fgt Capes|Substitute|p1a: Fgt Capes
|-start|p1a: Fgt Capes|Substitute
|-damage|p1a: Fgt Capes|121\/321
|move|p2a: Ampharos|Volt Switch|p1a: Fgt Capes
|-resisted|p1a: Fgt Capes
|-activate|p1a: Fgt Capes|Substitute|[damage]
|
|switch|p2a: Goodra|Goodra, F|174\/321
|
|-heal|p1a: Fgt Capes|141\/321|[from] item: Leftovers
|turn|19
|
|move|p1a: Fgt Capes|Extrasensory|p2a: Goodra
|-damage|p2a: Goodra|45\/321
|move|p2a: Goodra|Earthquake|p1a: Fgt Capes
|-supereffective|p1a: Fgt Capes
|-end|p1a: Fgt Capes|Substitute
|
|-heal|p1a: Fgt Capes|161\/321|[from] item: Leftovers
|turn|20
|
|move|p1a: Fgt Capes|Substitute|p1a: Fgt Capes
|-start|p1a: Fgt Capes|Substitute
|-damage|p1a: Fgt Capes|81\/321
|move|p2a: Goodra|Earthquake|p1a: Fgt Capes
|-supereffective|p1a: Fgt Capes
|-end|p1a: Fgt Capes|Substitute
|
|-heal|p1a: Fgt Capes|101\/321|[from] item: Leftovers
|turn|21
|
|move|p1a: Fgt Capes|Substitute|p1a: Fgt Capes
|-start|p1a: Fgt Capes|Substitute
|-damage|p1a: Fgt Capes|21\/321
|move|p2a: Goodra|Earthquake|p1a: Fgt Capes
|-supereffective|p1a: Fgt Capes
|-end|p1a: Fgt Capes|Substitute
|
|-heal|p1a: Fgt Capes|41\/321|[from] item: Leftovers
|turn|22
|
|move|p1a: Fgt Capes|Extrasensory|p2a: Goodra
|-damage|p2a: Goodra|0 fnt
|faint|p2a: Goodra
|
|-heal|p1a: Fgt Capes|61\/321|[from] item: Leftovers
|
|switch|p2a: Hydreigon|Hydreigon, F|325\/325
|turn|23
|
|move|p2a: Hydreigon|Dark Pulse|p1a: Fgt Capes
|-damage|p1a: Fgt Capes|0 fnt
|faint|p1a: Fgt Capes
|
|
|switch|p1a: Win Condition|Absol-Mega, M|238\/271
|-damage|p1a: Win Condition|205\/271|[from] Stealth Rock
|turn|24
|
|switch|p2a: Ampharos|Ampharos-Mega, F|277\/369 brn
|-ability|p2a: Ampharos|Mold Breaker
|move|p1a: Win Condition|Knock Off|p2a: Ampharos
|-damage|p2a: Ampharos|156\/369 brn
|
|-damage|p2a: Ampharos|110\/369 brn|[from] brn
|turn|25
|
|move|p1a: Win Condition|Sucker Punch|p2a: Ampharos
|-damage|p2a: Ampharos|0 fnt
|faint|p2a: Ampharos
|
|
|switch|p2a: Tentacruel|Tentacruel, M|145\/361
|turn|26
|
|move|p1a: Win Condition|Sucker Punch|p2a: Tentacruel
|-damage|p2a: Tentacruel|0 fnt
|faint|p2a: Tentacruel
|
|
|switch|p2a: Lucario|Lucario, F|281\/281
|turn|27
|
|move|p1a: Win Condition|Superpower|p2a: Lucario
|-crit|p2a: Lucario
|-supereffective|p2a: Lucario
|-damage|p2a: Lucario|0 fnt
|-unboost|p1a: Win Condition|atk|1
|-unboost|p1a: Win Condition|def|1
|faint|p2a: Lucario
|
|
|switch|p2a: Hydreigon|Hydreigon, F|325\/325
|turn|28
|
|move|p2a: Hydreigon|Dark Pulse|p1a: Win Condition
|-crit|p1a: Win Condition
|-resisted|p1a: Win Condition
|-damage|p1a: Win Condition|29\/271
|cant|p1a: Win Condition|flinch
|
|turn|29
|
|move|p1a: Win Condition|Sucker Punch|p2a: Hydreigon
|-resisted|p2a: Hydreigon
|-damage|p2a: Hydreigon|272\/325
|move|p2a: Hydreigon|Dark Pulse|p1a: Win Condition
|-resisted|p1a: Win Condition
|-damage|p1a: Win Condition|0 fnt
|faint|p1a: Win Condition
|
|
|switch|p1a: Onion Fairy Fuck|Celebi|288\/341
|-damage|p1a: Onion Fairy Fuck|246\/341|[from] Stealth Rock
|turn|30
|
|move|p2a: Hydreigon|Dark Pulse|p1a: Onion Fairy Fuck
|-supereffective|p1a: Onion Fairy Fuck
|-damage|p1a: Onion Fairy Fuck|0 fnt
|faint|p1a: Onion Fairy Fuck
|
|win|tuRkles
|raw|Ladder updating...
|raw|azian's rating: 1535 &rarr; <strong>1512<\/strong><br \/>(-23 for losing)
|raw|tuRkles's rating: 1490 &rarr; <strong>1512<\/strong><br \/>(+22 for winning)
|join|Cloyster Chowder
|leave|tuRkles
|player|p2