|join|tuRkles
|join|over 500
|player|p1|tuRkles|115
|player|p2|over 500|171
|gametype|singles
|gen|6
|tier|UU
|rated
|rule|Sleep Clause Mod: Limit one foe put to sleep
|rule|Species Clause: Limit one of each PokÃ©mon
|rule|OHKO Clause: OHKO moves are banned
|rule|Moody Clause: Moody is banned
|rule|Evasion Moves Clause: Evasion moves are banned
|rule|Endless Battle Clause: Forcing endless battles is banned
|rule|HP Percentage Mod: HP is shown in percentages
|clearpoke
|poke|p1|Jirachi
|poke|p1|Lucario, F
|poke|p1|Krookodile, M
|poke|p1|Snorlax, M
|poke|p1|Blastoise, M
|poke|p1|Raikou
|poke|p2|Scolipede, M
|poke|p2|Jirachi
|poke|p2|Zygarde
|poke|p2|Whimsicott, M
|poke|p2|Jellicent, F
|poke|p2|Mienshao, M
|rule|Swagger Clause: Swagger is banned
|rule|Baton Pass Clause: Limit one PokÃ©mon knowing Baton Pass
|teampreview
|
|start
|switch|p1a: Raikou|Raikou|322\/322
|switch|p2a: Jirachi|Jirachi|341\/341
|-ability|p1a: Raikou|Pressure
|turn|1
|join|DatLatias
|
|move|p1a: Raikou|Volt Switch|p2a: Jirachi
|-damage|p2a: Jirachi|161\/341
|
|switch|p1a: Blastoise|Blastoise, M|334\/334
|move|p2a: Jirachi|U-turn|p1a: Blastoise
|-damage|p1a: Blastoise|263\/334
|
|switch|p2a: Whimsicott|Whimsicott, M|261\/261
|
|turn|2
|
|detailschange|p1a: Blastoise|Blastoise-Mega, M
|message|Blastoise has Mega Evolved into Mega Blastoise!
|move|p2a: Whimsicott|U-turn|p1a: Blastoise
|-damage|p1a: Blastoise|232\/334
|
|switch|p2a: Jirachi|Jirachi|161\/341
|move|p1a: Blastoise|Ice Beam|p2a: Jirachi
|-resisted|p2a: Jirachi
|-damage|p2a: Jirachi|106\/341
|
|-heal|p2a: Jirachi|127\/341|[from] item: Leftovers
|turn|3
|c| DatLatias|epic
|
|move|p2a: Jirachi|Iron Head|p1a: Blastoise
|-resisted|p1a: Blastoise
|-damage|p1a: Blastoise|181\/334
|cant|p1a: Blastoise|flinch
|
|-heal|p2a: Jirachi|148\/341|[from] item: Leftovers
|turn|4
|c| DatLatias|why
|c| DatLatias|are
|c| DatLatias|you
|c| DatLatias|iron
|c| DatLatias|head
|c| DatLatias|ing
|c| DatLatias|counters
|
|move|p2a: Jirachi|U-turn|p1a: Blastoise
|-damage|p1a: Blastoise|121\/334
|
|switch|p2a: Whimsicott|Whimsicott, M|261\/261
|move|p1a: Blastoise|Dark Pulse|p2a: Whimsicott
|-resisted|p2a: Whimsicott
|-damage|p2a: Whimsicott|165\/261
|
|-heal|p2a: Whimsicott|181\/261|[from] item: Leftovers
|turn|5
|
|switch|p1a: Jirachi|Jirachi|341\/341
|move|p2a: Whimsicott|Giga Drain|p1a: Jirachi
|-resisted|p1a: Jirachi
|-damage|p1a: Jirachi|293\/341
|-heal|p2a: Whimsicott|205\/261|[from] drain|[of] p1a: Jirachi
|
|-heal|p2a: Whimsicott|221\/261|[from] item: Leftovers
|turn|6
|join|Bob the Bro
|
|switch|p2a: Jellicent|Jellicent, F|387\/387
|move|p1a: Jirachi|U-turn|p2a: Jellicent
|-resisted|p2a: Jellicent
|-damage|p2a: Jellicent|356\/387
|
|switch|p1a: Krookodile|Krookodile, M|331\/331
|-ability|p1a: Krookodile|Intimidate|[of] p2a: Jellicent
|-unboost|p2a: Jellicent|atk|1
|
|-heal|p2a: Jellicent|380\/387|[from] item: Leftovers
|turn|7
|
|move|p1a: Krookodile|Pursuit|p2a: Jellicent|[from]Pursuit
|-supereffective|p2a: Jellicent
|-damage|p2a: Jellicent|20\/387
|switch|p2a: Whimsicott|Whimsicott, M|221\/261
|
|-heal|p2a: Whimsicott|237\/261|[from] item: Leftovers
|turn|8
|c| DatLatias|bop
|
|switch|p1a: Snorlax|Snorlax, M|524\/524
|move|p2a: Whimsicott|U-turn|p1a: Snorlax
|-damage|p1a: Snorlax|475\/524
|
|switch|p2a: Jellicent|Jellicent, F|20\/387
|
|-heal|p2a: Jellicent|44\/387|[from] item: Leftovers
|-heal|p1a: Snorlax|507\/524|[from] item: Leftovers
|turn|9
|
|switch|p1a: Blastoise|Blastoise-Mega, M|121\/334
|move|p2a: Jellicent|Recover|p2a: Jellicent
|-heal|p2a: Jellicent|238\/387
|
|-heal|p2a: Jellicent|262\/387|[from] item: Leftovers
|turn|10
|
|move|p1a: Blastoise|Dark Pulse|p2a: Jellicent
|-supereffective|p2a: Jellicent
|-damage|p2a: Jellicent|0 fnt
|faint|p2a: Jellicent
|
|
|switch|p2a: Whimsicott|Whimsicott, M|237\/261
|turn|11
|c| DatLatias|>yfw u realize this team sucks
|
|switch|p1a: Jirachi|Jirachi|293\/341
|move|p2a: Whimsicott|U-turn|p1a: Jirachi
|-damage|p1a: Jirachi|257\/341
|
|switch|p2a: Mienshao|Mienshao, M|271\/271
|
|turn|12
|
|move|p2a: Mienshao|High Jump Kick|p1a: Jirachi
|-damage|p1a: Jirachi|4\/341
|move|p1a: Jirachi|Iron Head|p2a: Mienshao
|-damage|p2a: Mienshao|94\/271
|
|turn|13
|c| DatLatias|i like ur fighting resists
|
|switch|p1a: Blastoise|Blastoise-Mega, M|121\/334
|move|p2a: Mienshao|High Jump Kick|p1a: Blastoise
|-damage|p1a: Blastoise|0 fnt
|faint|p1a: Blastoise
|
|
|switch|p1a: Lucario|Lucario, F|281\/281
|turn|14
|c| Bob the Bro|sd
|c| DatLatias|sd
|c|âtuRkles|sd
|
|switch|p2a: Jirachi|Jirachi|148\/341
|move|p1a: Lucario|Extreme Speed|p2a: Jirachi
|-resisted|p2a: Jirachi
|-damage|p2a: Jirachi|93\/341
|-damage|p1a: Lucario|253\/281|[from] item: Life Orb
|
|-heal|p2a: Jirachi|114\/341|[from] item: Leftovers
|turn|15
|c| Bob the Bro|weak
|
|switch|p1a: Krookodile|Krookodile, M|331\/331
|-ability|p1a: Krookodile|Intimidate|[of] p2a: Jirachi
|-unboost|p2a: Jirachi|atk|1
|move|p2a: Jirachi|Iron Head|p1a: Krookodile
|-crit|p1a: Krookodile
|-damage|p1a: Krookodile|105\/331
|
|-heal|p2a: Jirachi|135\/341|[from] item: Leftovers
|turn|16
|
|move|p2a: Jirachi|Iron Head|p1a: Krookodile
|-crit|p1a: Krookodile
|-damage|p1a: Krookodile|0 fnt
|faint|p1a: Krookodile
|
|-heal|p2a: Jirachi|156\/341|[from] item: Leftovers
|c| DatLatias|fukn
|c|âover 500|lol
|c| DatLatias|hax
|
|switch|p1a: Snorlax|Snorlax, M|507\/524
|turn|17
|
|move|p2a: Jirachi|Stealth Rock|p1a: Snorlax
|-sidestart|p1: tuRkles|move: Stealth Rock
|move|p1a: Snorlax|Curse|p1a: Snorlax
|-boost|p1a: Snorlax|atk|1
|-boost|p1a: Snorlax|def|1
|-unboost|p1a: Snorlax|spe|1
|
|-heal|p2a: Jirachi|177\/341|[from] item: Leftovers
|-heal|p1a: Snorlax|524\/524|[from] item: Leftovers
|turn|18
|c| DatLatias|healing wish
|c| DatLatias|to shao
|c| DatLatias|and 
|c| DatLatias|win
|
|move|p2a: Jirachi|Healing Wish|p2a: Jirachi
|faint|p2a: Jirachi
|move|p1a: Snorlax|Body Slam|p2: Jirachi|[notarget]
|-notarget
|
|
|switch|p2a: Mienshao|Mienshao, M|94\/271
|-heal|p2a: Mienshao|271\/271|[from] move: Healing Wish
|turn|19
|c|âtuRkles|miss kgo
|c| DatLatias|inb4 chople
|c| Bob the Bro|live
|
|move|p2a: Mienshao|U-turn|p1a: Snorlax
|-damage|p1a: Snorlax|440\/524
|
|switch|p2a: Whimsicott|Whimsicott, M|237\/261
|move|p1a: Snorlax|Body Slam|p2a: Whimsicott
|-damage|p2a: Whimsicott|57\/261
|-status|p2a: Whimsicott|par
|
|-heal|p2a: Whimsicott|73\/261 par|[from] item: Leftovers
|-heal|p1a: Snorlax|472\/524|[from] item: Leftovers
|turn|20
|c| DatLatias|full
|c| DatLatias|para
|
|move|p2a: Whimsicott|Moonblast|p1a: Snorlax
|-damage|p1a: Snorlax|396\/524
|-unboost|p1a: Snorlax|spa|1
|move|p1a: Snorlax|Body Slam|p2a: Whimsicott
|-damage|p2a: Whimsicott|0 fnt
|faint|p2a: Whimsicott
|
|-heal|p1a: Snorlax|428\/524|[from] item: Leftovers
|c| DatLatias|full
|c| DatLatias|para
|
|switch|p2a: Scolipede|Scolipede, M|261\/261
|turn|21
|
|move|p2a: Scolipede|Megahorn|p1a: Snorlax
|-damage|p1a: Snorlax|272\/524
|move|p1a: Snorlax|Curse|p1a: Snorlax
|-boost|p1a: Snorlax|atk|1
|-boost|p1a: Snorlax|def|1
|-unboost|p1a: Snorlax|spe|1
|
|-heal|p1a: Snorlax|304\/524|[from] item: Leftovers
|-boost|p2a: Scolipede|spe|1|[from] ability: Speed Boost
|turn|22
|
|move|p2a: Scolipede|Swords Dance|p2a: Scolipede
|-boost|p2a: Scolipede|atk|2
|move|p1a: Snorlax|Curse|p1a: Snorlax
|-boost|p1a: Snorlax|atk|1
|-boost|p1a: Snorlax|def|1
|-unboost|p1a: Snorlax|spe|1
|
|-heal|p1a: Snorlax|336\/524|[from] item: Leftovers
|-boost|p2a: Scolipede|spe|1|[from] ability: Speed Boost
|turn|23
|
|move|p2a: Scolipede|Megahorn|p1a: Snorlax
|-damage|p1a: Snorlax|129\/524
|move|p1a: Snorlax|Body Slam|p2a: Scolipede
|-enditem|p2a: Scolipede|Focus Sash
|-damage|p2a: Scolipede|1\/261
|-status|p2a: Scolipede|par
|
|-heal|p1a: Snorlax|161\/524|[from] item: Leftovers
|-boost|p2a: Scolipede|spe|1|[from] ability: Speed Boost
|turn|24
|c| Bob the Bro|rip
|c|âover 500|full
|
|cant|p2a: Scolipede|par
|move|p1a: Snorlax|Body Slam|p2a: Scolipede
|-damage|p2a: Scolipede|0 fnt
|faint|p2a: Scolipede
|
|-heal|p1a: Snorlax|193\/524|[from] item: Leftovers
|c| DatLatias|KEK
|
|switch|p2a: Mienshao|Mienshao, M|271\/271
|turn|25
|c| Bob the Bro|miss
|c| DatLatias|i think you kill
|c|âover 500|miss
|c| DatLatias|here
|c|âtuRkles|miss
|c| DatLatias|tho
|c| DatLatias|yeah
|
|move|p2a: Mienshao|High Jump Kick|p1a: Snorlax
|-supereffective|p1a: Snorlax
|-damage|p1a: Snorlax|0 fnt
|faint|p1a: Snorlax
|
|c| DatLatias|miss
|c| DatLatias|bs
|c| DatLatias|hax
|
|switch|p1a: Lucario|Lucario, F|253\/281
|-damage|p1a: Lucario|245\/281|[from] Stealth Rock
|turn|26
|
|move|p1a: Lucario|Extreme Speed|p2a: Mienshao
|-damage|p2a: Mienshao|96\/271
|-damage|p1a: Lucario|217\/281|[from] item: Life Orb
|move|p2a: Mienshao|High Jump Kick|p1a: Lucario
|-supereffective|p1a: Lucario
|-damage|p1a: Lucario|0 fnt
|faint|p1a: Lucario
|
|join|CutForBiebarel
|
|switch|p1a: Raikou|Raikou|322\/322
|-damage|p1a: Raikou|282\/322|[from] Stealth Rock
|-ability|p1a: Raikou|Pressure
|turn|27
|c| DatLatias|miss
|leave|CutForBiebarel
|c| DatLatias|here
|c| DatLatias|on hp ice
|
|move|p2a: Mienshao|High Jump Kick|p1a: Raikou
|-damage|p1a: Raikou|0 fnt
|faint|p1a: Raikou
|
|c|âtuRkles|gg
|
|switch|p1a: Jirachi|Jirachi|4\/341
|-damage|p1a: Jirachi|0 fnt|[from] Stealth Rock
|faint|p1a: Jirachi
|
|win|over 500
|raw|Ladder updating...
|c|âover 500|gg
|raw|tuRkles's rating: 1580 &rarr; <strong>1564<\/strong><br \/>(-16 for losing)
|raw|over 500's rating: 1664 &rarr; <strong>1680<\/strong><br \/>(+16 for winning)
|c| Bob the Bro|fkn power