|join|tuRkles
|join|Slayer.OTP
|player|p1|tuRkles|115
|player|p2|Slayer.OTP|2
|gametype|singles
|gen|6
|tier|UU
|rated
|rule|Sleep Clause Mod: Limit one foe put to sleep
|rule|Species Clause: Limit one of each PokÃ©mon
|rule|OHKO Clause: OHKO moves are banned
|rule|Moody Clause: Moody is banned
|rule|Evasion Moves Clause: Evasion moves are banned
|rule|Endless Battle Clause: Forcing endless battles is banned
|rule|HP Percentage Mod: HP is shown in percentages
|clearpoke
|poke|p1|Nidoqueen, F
|poke|p1|Krookodile, M
|poke|p1|Alakazam, M
|poke|p1|Jirachi
|poke|p1|Hydreigon, M
|poke|p1|Ampharos, M
|poke|p2|Lopunny, M
|poke|p2|Reuniclus, F
|poke|p2|Aromatisse, F
|poke|p2|Scrafty, M
|poke|p2|Machamp, M
|poke|p2|Diancie
|rule|Swagger Clause: Swagger is banned
|rule|Baton Pass Clause: Limit one PokÃ©mon knowing Baton Pass
|teampreview
|c|âSlayer.OTP|GLHF
|c|âtuRkles|u2 broski
|c|âSlayer.OTP|noice!!
|
|start
|switch|p1a: Ampharos|Ampharos, M|373\/373
|switch|p2a: Lopunny|Lopunny, M|272\/272
|turn|1
|
|detailschange|p2a: Lopunny|Lopunny-Mega, M
|message|Lopunny has Mega Evolved into Mega Lopunny!
|detailschange|p1a: Ampharos|Ampharos-Mega, M
|message|Ampharos has Mega Evolved into Mega Ampharos!
|-ability|p1a: Ampharos|Mold Breaker
|move|p2a: Lopunny|High Jump Kick|p1a: Ampharos|[miss]
|-miss|p2a: Lopunny|p1a: Ampharos
|-damage|p2a: Lopunny|136\/272|[from] highjumpkick
|move|p1a: Ampharos|Volt Switch|p2a: Lopunny
|-damage|p2a: Lopunny|0 fnt
|faint|p2a: Lopunny
|c|âSlayer.OTP|damn gg
|
|switch|p1a: Nidoqueen|Nidoqueen, F|345\/345
|
|c|âSlayer.OTP|lol
|c|âtuRkles|lol
|c|âtuRkles|worst start
|
|switch|p2a: Reuniclus|Reuniclus, F|424\/424
|turn|2
|c|âtuRkles|:[
|c|âSlayer.OTP|tis
|
|switch|p1a: Hydreigon|Hydreigon, M|325\/325
|move|p2a: Reuniclus|Trick Room|p2a: Reuniclus
|-fieldstart|move: Trick Room|[of] p2a: Reuniclus
|
|turn|3
|
|move|p2a: Reuniclus|Focus Blast|p1a: Hydreigon
|-supereffective|p1a: Hydreigon
|-damage|p1a: Hydreigon|0 fnt
|faint|p1a: Hydreigon
|
|
|switch|p1a: Ampharos|Ampharos-Mega, M|373\/373
|-ability|p1a: Ampharos|Mold Breaker
|turn|4
|
|move|p2a: Reuniclus|Psyshock|p1a: Ampharos
|-damage|p1a: Ampharos|186\/373
|move|p1a: Ampharos|Dragon Pulse|p2a: Reuniclus
|-damage|p2a: Reuniclus|184\/424
|
|turn|5
|
|move|p2a: Reuniclus|Focus Blast|p1a: Ampharos
|-damage|p1a: Ampharos|13\/373
|move|p1a: Ampharos|Volt Switch|p2a: Reuniclus
|-damage|p2a: Reuniclus|10\/424
|
|switch|p1a: Jirachi|Jirachi|341\/341
|
|turn|6
|
|move|p2a: Reuniclus|Signal Beam|p1a: Jirachi
|-damage|p1a: Jirachi|214\/341
|move|p1a: Jirachi|U-turn|p2a: Reuniclus
|-supereffective|p2a: Reuniclus
|-damage|p2a: Reuniclus|0 fnt
|faint|p2a: Reuniclus
|
|switch|p1a: Ampharos|Ampharos-Mega, M|13\/373
|-ability|p1a: Ampharos|Mold Breaker
|
|-fieldend|move: Trick Room
|
|switch|p2a: Diancie|Diancie|304\/304
|turn|7
|
|move|p1a: Ampharos|Thunderbolt|p2a: Diancie
|-damage|p2a: Diancie|166\/304
|move|p2a: Diancie|Trick Room|p2a: Diancie
|-fieldstart|move: Trick Room|[of] p2a: Diancie
|
|turn|8
|
|move|p2a: Diancie|Moonblast|p1a: Ampharos
|-crit|p1a: Ampharos
|-supereffective|p1a: Ampharos
|-damage|p1a: Ampharos|0 fnt
|-damage|p2a: Diancie|136\/304|[from] item: Life Orb
|faint|p1a: Ampharos
|
|
|switch|p1a: Jirachi|Jirachi|214\/341
|turn|9
|
|switch|p2a: Scrafty|Scrafty, M|334\/334
|-ability|p2a: Scrafty|Intimidate|[of] p1a: Jirachi
|-unboost|p1a: Jirachi|atk|1
|move|p1a: Jirachi|Iron Head|p2a: Scrafty
|-damage|p2a: Scrafty|261\/334
|
|turn|10
|
|switch|p1a: Nidoqueen|Nidoqueen, F|345\/345
|move|p2a: Scrafty|High Jump Kick|p1a: Nidoqueen
|-resisted|p1a: Nidoqueen
|-damage|p1a: Nidoqueen|182\/345
|
|turn|11
|
|move|p2a: Scrafty|High Jump Kick|p1a: Nidoqueen
|-resisted|p1a: Nidoqueen
|-damage|p1a: Nidoqueen|17\/345
|move|p1a: Nidoqueen|Sludge Wave|p2a: Scrafty
|-damage|p2a: Scrafty|82\/334
|
|-fieldend|move: Trick Room
|turn|12
|
|switch|p1a: Jirachi|Jirachi|214\/341
|switch|p2a: Diancie|Diancie|136\/304
|
|turn|13
|
|switch|p2a: Scrafty|Scrafty, M|82\/334
|-ability|p2a: Scrafty|Intimidate|[of] p1a: Jirachi
|-unboost|p1a: Jirachi|atk|1
|move|p1a: Jirachi|Iron Head|p2a: Scrafty
|-damage|p2a: Scrafty|15\/334
|
|turn|14
|
|move|p1a: Jirachi|Iron Head|p2a: Scrafty
|-damage|p2a: Scrafty|0 fnt
|faint|p2a: Scrafty
|
|
|switch|p2a: Machamp|Machamp, M|384\/384
|turn|15
|
|move|p1a: Jirachi|Iron Head|p2a: Machamp
|-damage|p2a: Machamp|291\/384
|cant|p2a: Machamp|flinch
|
|turn|16
|
|move|p1a: Jirachi|Iron Head|p2a: Machamp
|-damage|p2a: Machamp|203\/384
|move|p2a: Machamp|Close Combat|p1a: Jirachi
|-damage|p1a: Jirachi|0 fnt
|-unboost|p2a: Machamp|def|1
|-unboost|p2a: Machamp|spd|1
|faint|p1a: Jirachi
|
|
|switch|p1a: Alakazam|Alakazam, M|251\/251
|turn|17
|
|move|p1a: Alakazam|Psyshock|p2a: Machamp
|-supereffective|p2a: Machamp
|-damage|p2a: Machamp|0 fnt
|faint|p2a: Machamp
|
|
|switch|p2a: Aromatisse|Aromatisse, F|406\/406
|turn|18
|
|move|p1a: Alakazam|Psyshock|p2a: Aromatisse
|-damage|p2a: Aromatisse|199\/406
|move|p2a: Aromatisse|Trick Room|p2a: Aromatisse
|-fieldstart|move: Trick Room|[of] p2a: Aromatisse
|
|turn|19
|
|move|p2a: Aromatisse|Moonblast|p1a: Alakazam
|-damage|p1a: Alakazam|44\/251
|-damage|p2a: Aromatisse|159\/406|[from] item: Life Orb
|move|p1a: Alakazam|Calm Mind|p1a: Alakazam
|-boost|p1a: Alakazam|spa|1
|-boost|p1a: Alakazam|spd|1
|
|turn|20
|
|move|p2a: Aromatisse|Moonblast|p1a: Alakazam
|-damage|p1a: Alakazam|0 fnt
|-damage|p2a: Aromatisse|119\/406|[from] item: Life Orb
|faint|p1a: Alakazam
|
|
|switch|p1a: Krookodile|Krookodile, M|331\/331
|-ability|p1a: Krookodile|Intimidate|[of] p2a: Aromatisse
|-unboost|p2a: Aromatisse|atk|1
|turn|21
|
|move|p2a: Aromatisse|Moonblast|p1a: Krookodile
|-crit|p1a: Krookodile
|-supereffective|p1a: Krookodile
|-damage|p1a: Krookodile|0 fnt
|-damage|p2a: Aromatisse|79\/406|[from] item: Life Orb
|faint|p1a: Krookodile
|
|c|âSlayer.OTP|gg
|
|switch|p1a: Nidoqueen|Nidoqueen, F|17\/345
|turn|22
|c|âtuRkles|gg
|
|move|p2a: Aromatisse|Psyshock|p1a: Nidoqueen
|-supereffective|p1a: Nidoqueen
|-damage|p1a: Nidoqueen|0 fnt
|-damage|p2a: Aromatisse|39\/406|[from] item: Life Orb
|faint|p1a: Nidoqueen
|
|win|Slayer.OTP
|raw|Ladder updating...
|raw|tuRkles's rating: 1431 &rarr; <strong>1410<\/strong><br \/>(-21 for losing)
|raw|Slayer.OTP's rating: 1399 &rarr; <strong>1421<\/strong><br \/>(+22 for winning)
|leave|tuRkles
|player|p1