|join|tuRkles
|join|MidnightSwami
|player|p1|tuRkles|115
|player|p2|MidnightSwami|102
|gametype|singles
|gen|6
|tier|UU
|rated
|rule|Sleep Clause Mod: Limit one foe put to sleep
|rule|Species Clause: Limit one of each PokÃ©mon
|rule|OHKO Clause: OHKO moves are banned
|rule|Moody Clause: Moody is banned
|rule|Evasion Moves Clause: Evasion moves are banned
|rule|Endless Battle Clause: Forcing endless battles is banned
|rule|HP Percentage Mod: HP is shown in percentages
|clearpoke
|poke|p1|Jirachi
|poke|p1|Lucario, F
|poke|p1|Krookodile, F
|poke|p1|Zygarde
|poke|p1|Blastoise, F
|poke|p1|Raikou
|poke|p2|Milotic, F, shiny
|poke|p2|Entei, shiny
|poke|p2|Azelf
|poke|p2|Forretress, M
|poke|p2|Crobat, M
|poke|p2|Jolteon, M
|rule|Swagger Clause: Swagger is banned
|rule|Baton Pass Clause: Limit one PokÃ©mon knowing Baton Pass
|teampreview
|
|start
|switch|p1a: Jirachi|Jirachi|341\/341
|switch|p2a: Oscar Wilde|Azelf|291\/291
|turn|1
|
|move|p2a: Oscar Wilde|Knock Off|p1a: Jirachi
|-supereffective|p1a: Jirachi
|-damage|p1a: Jirachi|91\/341
|-enditem|p1a: Jirachi|Choice Scarf|[from] move: Knock Off|[of] p2a: Oscar Wilde
|move|p1a: Jirachi|Iron Head|p2a: Oscar Wilde
|-damage|p2a: Oscar Wilde|123\/291
|
|turn|2
|
|move|p2a: Oscar Wilde|Knock Off|p1a: Jirachi
|-supereffective|p1a: Jirachi
|-damage|p1a: Jirachi|0 fnt
|faint|p1a: Jirachi
|
|
|switch|p1a: Blastoise|Blastoise, F|333\/333
|turn|3
|
|switch|p2a: Sarah Palin|Milotic, F, shiny|394\/394
|detailschange|p1a: Blastoise|Blastoise-Mega, F
|message|Blastoise has Mega Evolved into Mega Blastoise!
|move|p1a: Blastoise|Scald|p2a: Sarah Palin
|-resisted|p2a: Sarah Palin
|-damage|p2a: Sarah Palin|340\/394
|-status|p2a: Sarah Palin|brn
|
|-heal|p2a: Sarah Palin|364\/394 brn|[from] item: Leftovers
|-damage|p2a: Sarah Palin|315\/394 brn|[from] brn
|turn|4
|
|move|p1a: Blastoise|Dark Pulse|p2a: Sarah Palin
|-damage|p2a: Sarah Palin|205\/394 brn
|move|p2a: Sarah Palin|Scald|p1a: Blastoise
|-resisted|p1a: Blastoise
|-damage|p1a: Blastoise|288\/333
|-status|p1a: Blastoise|brn
|
|-heal|p2a: Sarah Palin|229\/394 brn|[from] item: Leftovers
|-damage|p1a: Blastoise|247\/333 brn|[from] brn
|-damage|p2a: Sarah Palin|180\/394 brn|[from] brn
|turn|5
|
|move|p1a: Blastoise|Dark Pulse|p2a: Sarah Palin
|-damage|p2a: Sarah Palin|62\/394 brn
|cant|p2a: Sarah Palin|flinch
|
|-heal|p2a: Sarah Palin|86\/394 brn|[from] item: Leftovers
|-damage|p1a: Blastoise|206\/333 brn|[from] brn
|-damage|p2a: Sarah Palin|37\/394 brn|[from] brn
|turn|6
|
|switch|p2a: Oh Shit He|Jolteon, M|272\/272
|move|p1a: Blastoise|Scald|p2a: Oh Shit He
|-damage|p2a: Oh Shit He|116\/272
|
|-damage|p1a: Blastoise|165\/333 brn|[from] brn
|turn|7
|
|switch|p2a: Oscar Wilde|Azelf|123\/291
|move|p1a: Blastoise|Scald|p2a: Oscar Wilde
|-damage|p2a: Oscar Wilde|0 fnt
|faint|p2a: Oscar Wilde
|
|-damage|p1a: Blastoise|124\/333 brn|[from] brn
|
|switch|p2a: Oh Shit He|Jolteon, M|116\/272
|turn|8
|
|switch|p1a: Raikou|Raikou|322\/322
|-ability|p1a: Raikou|Pressure
|move|p2a: Oh Shit He|Signal Beam|p1a: Raikou
|-crit|p1a: Raikou
|-damage|p1a: Raikou|133\/322
|-start|p1a: Raikou|confusion
|
|turn|9
|c|âMidnightSwami|thats like a 0.6% chance lol
|c|âMidnightSwami|crit and confuse
|
|switch|p1a: Zygarde|Zygarde|404\/404
|-ability|p1a: Zygarde|Aura Break
|move|p2a: Oh Shit He|Signal Beam|p1a: Zygarde
|-damage|p1a: Zygarde|304\/404
|
|-heal|p1a: Zygarde|329\/404|[from] item: Leftovers
|turn|10
|
|switch|p2a: Maes Hughes|Crobat, M|311\/311
|move|p1a: Zygarde|Substitute|p1a: Zygarde
|-start|p1a: Zygarde|Substitute
|-damage|p1a: Zygarde|228\/404
|
|-heal|p1a: Zygarde|253\/404|[from] item: Leftovers
|turn|11
|
|switch|p1a: Krookodile|Krookodile, F|331\/331
|-ability|p1a: Krookodile|Intimidate|[of] p2a: Maes Hughes
|-unboost|p2a: Maes Hughes|atk|1
|move|p2a: Maes Hughes|Brave Bird|p1a: Krookodile
|-damage|p1a: Krookodile|126\/331
|-damage|p2a: Maes Hughes|243\/311|[from] recoil|[of] p1a: Krookodile
|
|turn|12
|
|move|p2a: Maes Hughes|Brave Bird|p1a: Krookodile
|-damage|p1a: Krookodile|0 fnt
|-damage|p2a: Maes Hughes|201\/311|[from] recoil|[of] p1a: Krookodile
|faint|p1a: Krookodile
|
|
|switch|p1a: Raikou|Raikou|133\/322
|-ability|p1a: Raikou|Pressure
|turn|13
|
|switch|p2a: Oh Shit He|Jolteon, M|116\/272
|move|p1a: Raikou|Extrasensory|p2a: Oh Shit He
|-damage|p2a: Oh Shit He|0 fnt
|faint|p2a: Oh Shit He
|
|
|switch|p2a: Maes Hughes|Crobat, M|201\/311
|turn|14
|
|move|p2a: Maes Hughes|U-turn|p1a: Raikou
|-damage|p1a: Raikou|16\/322
|
|switch|p2a: Sarah Palin|Milotic, F, shiny|37\/394 brn
|move|p1a: Raikou|Extrasensory|p2a: Sarah Palin
|-damage|p2a: Sarah Palin|0 fnt
|faint|p2a: Sarah Palin
|
|
|switch|p2a: Maes Hughes|Crobat, M|201\/311
|turn|15
|
|move|p2a: Maes Hughes|U-turn|p1a: Raikou
|-damage|p1a: Raikou|0 fnt
|faint|p1a: Raikou
|
|switch|p2a: Erebus Unbound|Entei, shiny|372\/372
|-ability|p2a: Erebus Unbound|Pressure
|
|
|switch|p1a: Blastoise|Blastoise-Mega, F|124\/333 brn
|turn|16
|
|move|p2a: Erebus Unbound|Stone Edge|p1a: Blastoise|[miss]
|-miss|p2a: Erebus Unbound|p1a: Blastoise
|move|p1a: Blastoise|Scald|p2a: Erebus Unbound
|-supereffective|p2a: Erebus Unbound
|-damage|p2a: Erebus Unbound|0 fnt
|faint|p2a: Erebus Unbound
|
|-damage|p1a: Blastoise|83\/333 brn|[from] brn
|c|âMidnightSwami|sigh
|
|switch|p2a: Maes Hughes|Crobat, M|201\/311
|turn|17
|
|switch|p1a: Zygarde|Zygarde|253\/404
|-ability|p1a: Zygarde|Aura Break
|move|p2a: Maes Hughes|Brave Bird|p1a: Zygarde
|-damage|p1a: Zygarde|43\/404
|-damage|p2a: Maes Hughes|132\/311|[from] recoil|[of] p1a: Zygarde
|
|-heal|p1a: Zygarde|68\/404|[from] item: Leftovers
|turn|18
|
|move|p2a: Maes Hughes|Brave Bird|p1a: Zygarde
|-damage|p1a: Zygarde|0 fnt
|-damage|p2a: Maes Hughes|110\/311|[from] recoil|[of] p1a: Zygarde
|faint|p1a: Zygarde
|
|
|switch|p1a: Lucario|Lucario, F|281\/281
|turn|19
|
|move|p2a: Maes Hughes|Brave Bird|p1a: Lucario
|-damage|p1a: Lucario|0 fnt
|-damage|p2a: Maes Hughes|17\/311|[from] recoil|[of] p1a: Lucario
|faint|p1a: Lucario
|
|c|âMidnightSwami|omg
|
|switch|p1a: Blastoise|Blastoise-Mega, F|83\/333 brn
|turn|20
|c|âMidnightSwami|recovery
|
|move|p2a: Maes Hughes|Brave Bird|p1a: Blastoise
|-damage|p1a: Blastoise|0 fnt
|-damage|p2a: Maes Hughes|0 fnt|[from] recoil|[of] p1a: Blastoise
|faint|p1a: Blastoise
|faint|p2a: Maes Hughes
|
|win|MidnightSwami
|raw|Ladder updating...
|c|âMidnightSwami|gg
|raw|tuRkles's rating: 1544 &rarr; <strong>1517<\/strong><br \/>(-27 for losing)
|raw|MidnightSwami's rating: 1409 &rarr; <strong>1437<\/strong><br \/>(+28 for winning)
|leave|tuRkles
|player|p1