|join|dodmen
|join|tuRkles
|player|p1|dodmen|171
|player|p2|tuRkles|115
|gametype|singles
|gen|6
|tier|UU
|rated
|rule|Sleep Clause Mod: Limit one foe put to sleep
|rule|Species Clause: Limit one of each PokÃ©mon
|rule|OHKO Clause: OHKO moves are banned
|rule|Moody Clause: Moody is banned
|rule|Evasion Moves Clause: Evasion moves are banned
|rule|Endless Battle Clause: Forcing endless battles is banned
|rule|HP Percentage Mod: HP is shown in percentages
|clearpoke
|poke|p1|Slowking, F
|poke|p1|Diancie
|poke|p1|Cofagrigus, F
|poke|p1|Rhyperior, M
|poke|p1|Escavalier, F
|poke|p1|Omastar, M
|poke|p2|Jirachi
|poke|p2|Lucario, F
|poke|p2|Krookodile, F
|poke|p2|Togekiss, F
|poke|p2|Blastoise, M
|poke|p2|Raikou
|rule|Swagger Clause: Swagger is banned
|rule|Baton Pass Clause: Limit one PokÃ©mon knowing Baton Pass
|teampreview
|
|start
|switch|p1a: 'SMASHING'|Omastar, M|281\/281
|switch|p2a: Blastoise|Blastoise, M|334\/334
|turn|1
|
|detailschange|p2a: Blastoise|Blastoise-Mega, M
|message|Blastoise has Mega Evolved into Mega Blastoise!
|move|p1a: 'SMASHING'|Scald|p2a: Blastoise
|-resisted|p2a: Blastoise
|-damage|p2a: Blastoise|277\/334
|move|p2a: Blastoise|Scald|p1a: 'SMASHING'
|-damage|p1a: 'SMASHING'|80\/281
|
|turn|2
|
|move|p1a: 'SMASHING'|Toxic Spikes|p2a: Blastoise
|-sidestart|p2: tuRkles|move: Toxic Spikes
|move|p2a: Blastoise|Dark Pulse|p1a: 'SMASHING'
|-damage|p1a: 'SMASHING'|0 fnt
|faint|p1a: 'SMASHING'
|
|
|switch|p1a: 'RESIST'|Escavalier, F|344\/344
|turn|3
|
|move|p2a: Blastoise|Rapid Spin|p1a: 'RESIST'
|-resisted|p1a: 'RESIST'
|-damage|p1a: 'RESIST'|337\/344
|-sideend|p2: tuRkles|Toxic Spikes|[from] move: Rapid Spin|[of] p2a: Blastoise
|move|p1a: 'RESIST'|Megahorn|p2a: Blastoise
|-damage|p2a: Blastoise|0 fnt
|faint|p2a: Blastoise
|
|
|switch|p2a: Togekiss|Togekiss, F|374\/374
|turn|4
|
|switch|p1a: 'COUNTER'|Rhyperior, M|434\/434
|move|p2a: Togekiss|Nasty Plot|p2a: Togekiss
|-boost|p2a: Togekiss|spa|2
|
|turn|5
|
|move|p2a: Togekiss|Air Slash|p1a: 'COUNTER'
|-resisted|p1a: 'COUNTER'
|-damage|p1a: 'COUNTER'|240\/434
|move|p1a: 'COUNTER'|Stone Edge|p2a: Togekiss
|-supereffective|p2a: Togekiss
|-damage|p2a: Togekiss|0 fnt
|-damage|p1a: 'COUNTER'|197\/434|[from] item: Life Orb
|faint|p2a: Togekiss
|
|
|switch|p2a: Lucario|Lucario, F|281\/281
|turn|6
|
|switch|p1a: 'KNOCK OFF'|Slowking, F|394\/394
|move|p2a: Lucario|Close Combat|p1a: 'KNOCK OFF'
|-resisted|p1a: 'KNOCK OFF'
|-damage|p1a: 'KNOCK OFF'|235\/394
|-unboost|p2a: Lucario|def|1
|-unboost|p2a: Lucario|spd|1
|-damage|p2a: Lucario|253\/281|[from] item: Life Orb
|
|turn|7
|
|move|p2a: Lucario|Crunch|p1a: 'KNOCK OFF'
|-supereffective|p1a: 'KNOCK OFF'
|-enditem|p1a: 'KNOCK OFF'|Colbur Berry|[eat]
|-damage|p1a: 'KNOCK OFF'|76\/394
|-unboost|p1a: 'KNOCK OFF'|def|1
|-damage|p2a: Lucario|225\/281|[from] item: Life Orb
|move|p1a: 'KNOCK OFF'|Trick Room|p1a: 'KNOCK OFF'
|-fieldstart|move: Trick Room|[of] p1a: 'KNOCK OFF'
|
|turn|8
|
|switch|p1a: 'COUNTER'|Rhyperior, M|197\/434
|switch|p2a: Raikou|Raikou|322\/322
|-ability|p2a: Raikou|Pressure
|
|turn|9
|
|switch|p2a: Krookodile|Krookodile, F|331\/331
|-ability|p2a: Krookodile|Intimidate|[of] p1a: 'COUNTER'
|-unboost|p1a: 'COUNTER'|atk|1
|move|p1a: 'COUNTER'|Earthquake|p2a: Krookodile
|-damage|p2a: Krookodile|101\/331
|-damage|p1a: 'COUNTER'|154\/434|[from] item: Life Orb
|
|turn|10
|
|move|p1a: 'COUNTER'|Earthquake|p2a: Krookodile
|-damage|p2a: Krookodile|0 fnt
|-damage|p1a: 'COUNTER'|111\/434|[from] item: Life Orb
|faint|p2a: Krookodile
|
|
|switch|p2a: Jirachi|Jirachi|341\/341
|turn|11
|
|move|p1a: 'COUNTER'|Earthquake|p2a: Jirachi
|-supereffective|p2a: Jirachi
|-damage|p2a: Jirachi|0 fnt
|-damage|p1a: 'COUNTER'|68\/434|[from] item: Life Orb
|faint|p2a: Jirachi
|
|-fieldend|move: Trick Room
|
|switch|p2a: Lucario|Lucario, F|225\/281
|turn|12
|
|move|p2a: Lucario|Extreme Speed|p1a: 'COUNTER'
|-resisted|p1a: 'COUNTER'
|-damage|p1a: 'COUNTER'|20\/434
|-damage|p2a: Lucario|197\/281|[from] item: Life Orb
|move|p1a: 'COUNTER'|Earthquake|p2a: Lucario
|-supereffective|p2a: Lucario
|-damage|p2a: Lucario|0 fnt
|-damage|p1a: 'COUNTER'|0 fnt|[from] item: Life Orb
|faint|p2a: Lucario
|faint|p1a: 'COUNTER'
|
|c|âtuRkles|kek
|c|âdodmen|,
|c|âtuRkles|gg
|-message|tuRkles forfeited.
|
|win|dodmen
|raw|Ladder updating...
|leave|tuRkles
|player|p2
|raw|dodmen's rating: 1398 &rarr; <strong>1418<\/strong><br \/>(+20 for winning)
|raw|tuRkles's rating: 1386 &rarr; <strong>1367<\/strong><br \/>(-19 for losing)