|join|tuRkles
|join|Sac Riz
|player|p1|tuRkles|115
|player|p2|Sac Riz|102
|gametype|singles
|gen|6
|tier|UU
|rated
|rule|Sleep Clause Mod: Limit one foe put to sleep
|rule|Species Clause: Limit one of each PokÃ©mon
|rule|OHKO Clause: OHKO moves are banned
|rule|Moody Clause: Moody is banned
|rule|Evasion Moves Clause: Evasion moves are banned
|rule|Endless Battle Clause: Forcing endless battles is banned
|rule|HP Percentage Mod: HP is shown in percentages
|clearpoke
|poke|p1|Jirachi
|poke|p1|Darmanitan, M
|poke|p1|Krookodile, M
|poke|p1|Lucario, F
|poke|p1|Blastoise, F
|poke|p1|Raikou
|poke|p2|Absol, M
|poke|p2|Nidoqueen, F
|poke|p2|Chandelure, M
|poke|p2|Vaporeon, M
|poke|p2|Haxorus, F
|poke|p2|Togetic, F
|rule|Swagger Clause: Swagger is banned
|rule|Baton Pass Clause: Limit one PokÃ©mon knowing Baton Pass
|teampreview
|
|start
|switch|p1a: Blastoise|Blastoise, F|334\/334
|switch|p2a: Nidoqueen|Nidoqueen, F|384\/384
|turn|1
|
|switch|p2a: Vaporeon|Vaporeon, M|464\/464
|detailschange|p1a: Blastoise|Blastoise-Mega, F
|message|Blastoise has Mega Evolved into Mega Blastoise!
|move|p1a: Blastoise|Dark Pulse|p2a: Vaporeon
|-damage|p2a: Vaporeon|301\/464
|
|-heal|p2a: Vaporeon|330\/464|[from] item: Leftovers
|turn|2
|
|move|p1a: Blastoise|Dark Pulse|p2a: Vaporeon
|-damage|p2a: Vaporeon|174\/464
|move|p2a: Vaporeon|Wish|p2a: Vaporeon
|
|-heal|p2a: Vaporeon|203\/464|[from] item: Leftovers
|turn|3
|
|switch|p1a: Raikou|Raikou|322\/322
|-ability|p1a: Raikou|Pressure
|move|p2a: Vaporeon|Protect|p2a: Vaporeon
|-fail|p2a: Vaporeon
|
|-heal|p2a: Vaporeon|435\/464|[from] move: Wish|[wisher] Vaporeon
|-heal|p2a: Vaporeon|464\/464|[from] item: Leftovers
|turn|4
|
|move|p1a: Raikou|Extrasensory|p2a: Vaporeon
|-damage|p2a: Vaporeon|337\/464
|move|p2a: Vaporeon|Scald|p1a: Raikou
|-damage|p1a: Raikou|213\/322
|
|-heal|p2a: Vaporeon|366\/464|[from] item: Leftovers
|turn|5
|
|move|p2a: Vaporeon|Protect|p2a: Vaporeon
|-singleturn|p2a: Vaporeon|Protect
|move|p1a: Raikou|Extrasensory|p2a: Vaporeon
|-activate|p2a: Vaporeon|Protect
|
|-heal|p2a: Vaporeon|395\/464|[from] item: Leftovers
|turn|6
|
|switch|p1a: Blastoise|Blastoise-Mega, F|334\/334
|move|p2a: Vaporeon|Scald|p1a: Blastoise
|-resisted|p1a: Blastoise
|-damage|p1a: Blastoise|286\/334
|-status|p1a: Blastoise|brn
|
|-heal|p2a: Vaporeon|424\/464|[from] item: Leftovers
|-damage|p1a: Blastoise|245\/334 brn|[from] brn
|turn|7
|
|move|p1a: Blastoise|Dark Pulse|p2a: Vaporeon
|-damage|p2a: Vaporeon|253\/464
|move|p2a: Vaporeon|Wish|p2a: Vaporeon
|
|-heal|p2a: Vaporeon|282\/464|[from] item: Leftovers
|-damage|p1a: Blastoise|204\/334 brn|[from] brn
|turn|8
|
|switch|p1a: Jirachi|Jirachi|341\/341
|move|p2a: Vaporeon|Wish|p2a: Vaporeon
|-fail|p2a: Vaporeon
|
|-heal|p2a: Vaporeon|464\/464|[from] move: Wish|[wisher] Vaporeon
|turn|9
|
|move|p2a: Vaporeon|Protect|p2a: Vaporeon
|-singleturn|p2a: Vaporeon|Protect
|move|p1a: Jirachi|Iron Head|p2a: Vaporeon
|-activate|p2a: Vaporeon|Protect
|
|turn|10
|
|switch|p1a: Raikou|Raikou|213\/322
|-ability|p1a: Raikou|Pressure
|move|p2a: Vaporeon|Scald|p1a: Raikou
|-damage|p1a: Raikou|110\/322
|
|turn|11
|
|move|p2a: Vaporeon|Protect|p2a: Vaporeon
|-singleturn|p2a: Vaporeon|Protect
|move|p1a: Raikou|Volt Switch|p2a: Vaporeon
|-activate|p2a: Vaporeon|Protect
|
|turn|12
|
|switch|p1a: Krookodile|Krookodile, M|331\/331
|-ability|p1a: Krookodile|Intimidate|[of] p2a: Vaporeon
|-unboost|p2a: Vaporeon|atk|1
|move|p2a: Vaporeon|Scald|p1a: Krookodile
|-supereffective|p1a: Krookodile
|-damage|p1a: Krookodile|41\/331
|
|turn|13
|
|move|p2a: Vaporeon|Protect|p2a: Vaporeon
|-singleturn|p2a: Vaporeon|Protect
|move|p1a: Krookodile|Knock Off|p2a: Vaporeon
|-activate|p2a: Vaporeon|Protect
|
|turn|14
|
|switch|p2a: Requiem|Absol, M|271\/271
|move|p1a: Krookodile|Knock Off|p2a: Requiem
|-resisted|p2a: Requiem
|-damage|p2a: Requiem|153\/271
|-boost|p2a: Requiem|atk|1|[from] ability: Justified
|
|turn|15
|
|detailschange|p2a: Requiem|Absol-Mega, M
|message|Absol has Mega Evolved into Mega Absol!
|move|p1a: Krookodile|Knock Off|p2a: Requiem
|-resisted|p2a: Requiem
|-damage|p2a: Requiem|21\/271
|move|p2a: Requiem|Play Rough|p1a: Krookodile
|-supereffective|p1a: Krookodile
|-damage|p1a: Krookodile|0 fnt
|faint|p1a: Krookodile
|
|
|switch|p1a: Lucario|Lucario, F|281\/281
|turn|16
|
|move|p1a: Lucario|Extreme Speed|p2a: Requiem
|-damage|p2a: Requiem|0 fnt
|-damage|p1a: Lucario|253\/281|[from] item: Life Orb
|faint|p2a: Requiem
|
|
|switch|p2a: Vaporeon|Vaporeon, M|464\/464
|turn|17
|
|move|p1a: Lucario|Close Combat|p2a: Vaporeon
|-damage|p2a: Vaporeon|213\/464
|-unboost|p1a: Lucario|def|1
|-unboost|p1a: Lucario|spd|1
|-damage|p1a: Lucario|225\/281|[from] item: Life Orb
|move|p2a: Vaporeon|Scald|p1a: Lucario
|-damage|p1a: Lucario|20\/281
|
|-heal|p2a: Vaporeon|242\/464|[from] item: Leftovers
|turn|18
|
|switch|p2a: Nidoqueen|Nidoqueen, F|384\/384
|move|p1a: Lucario|Swords Dance|p1a: Lucario
|-boost|p1a: Lucario|atk|2
|
|turn|19
|
|switch|p2a: Togetic|Togetic, F|314\/314
|move|p1a: Lucario|Extreme Speed|p2a: Togetic
|-damage|p2a: Togetic|131\/314
|-damage|p1a: Lucario|0 fnt|[from] item: Life Orb
|faint|p1a: Lucario
|
|
|switch|p1a: Darmanitan|Darmanitan, M|352\/352
|turn|20
|
|move|p1a: Darmanitan|U-turn|p2a: Togetic
|-crit|p2a: Togetic
|-resisted|p2a: Togetic
|-damage|p2a: Togetic|104\/314
|
|switch|p1a: Jirachi|Jirachi|341\/341
|move|p2a: Togetic|Roost|p2a: Togetic
|-heal|p2a: Togetic|261\/314
|
|turn|21
|
|move|p1a: Jirachi|Iron Head|p2a: Togetic
|-supereffective|p2a: Togetic
|-damage|p2a: Togetic|63\/314
|move|p2a: Togetic|Thunder Wave|p1a: Jirachi
|-status|p1a: Jirachi|par
|
|turn|22
|
|move|p1a: Jirachi|Iron Head|p2a: Togetic
|-supereffective|p2a: Togetic
|-damage|p2a: Togetic|0 fnt
|faint|p2a: Togetic
|
|
|switch|p2a: Chandelure|Chandelure, M|262\/262
|turn|23
|
|move|p2a: Chandelure|Substitute|p2a: Chandelure
|-start|p2a: Chandelure|Substitute
|-damage|p2a: Chandelure|197\/262
|move|p1a: Jirachi|Iron Head|p2a: Chandelure
|-resisted|p2a: Chandelure
|-end|p2a: Chandelure|Substitute
|
|-heal|p2a: Chandelure|213\/262|[from] item: Leftovers
|turn|24
|
|move|p2a: Chandelure|Shadow Ball|p1a: Jirachi
|-supereffective|p1a: Jirachi
|-damage|p1a: Jirachi|0 fnt
|faint|p1a: Jirachi
|
|-heal|p2a: Chandelure|229\/262|[from] item: Leftovers
|
|switch|p1a: Darmanitan|Darmanitan, M|352\/352
|turn|25
|
|switch|p2a: Nidoqueen|Nidoqueen, F|384\/384
|move|p1a: Darmanitan|Stone Edge|p2a: Nidoqueen
|-resisted|p2a: Nidoqueen
|-damage|p2a: Nidoqueen|307\/384
|
|turn|26
|
|move|p1a: Darmanitan|Stone Edge|p2a: Nidoqueen
|-crit|p2a: Nidoqueen
|-resisted|p2a: Nidoqueen
|-damage|p2a: Nidoqueen|197\/384
|move|p2a: Nidoqueen|Earth Power|p1a: Darmanitan
|-crit|p1a: Darmanitan
|-supereffective|p1a: Darmanitan
|-damage|p1a: Darmanitan|0 fnt
|faint|p1a: Darmanitan
|
|
|switch|p1a: Blastoise|Blastoise-Mega, F|204\/334 brn
|turn|27
|
|move|p1a: Blastoise|Dark Pulse|p2a: Nidoqueen
|-damage|p2a: Nidoqueen|18\/384
|move|p2a: Nidoqueen|Earth Power|p1a: Blastoise
|-damage|p1a: Blastoise|32\/334 brn
|
|-damage|p1a: Blastoise|0 fnt|[from] brn
|faint|p1a: Blastoise
|
|switch|p1a: Raikou|Raikou|110\/322
|-ability|p1a: Raikou|Pressure
|turn|28
|
|move|p1a: Raikou|Extrasensory|p2a: Nidoqueen
|-supereffective|p2a: Nidoqueen
|-damage|p2a: Nidoqueen|0 fnt
|faint|p2a: Nidoqueen
|
|
|switch|p2a: Vaporeon|Vaporeon, M|242\/464
|turn|29
|-message|tuRkles forfeited.
|
|win|Sac Riz
|raw|Ladder updating...
|leave|tuRkles
|player|p1
|raw|tuRkles's rating: 1510 &rarr; <strong>1487<\/strong><br \/>(-23 for losing)
|raw|Sac Riz's rating: 1456 &rarr; <strong>1479<\/strong><br \/>(+23 for winning)