|join|LRodC
|join|tuRkles
|player|p1|LRodC|102
|player|p2|tuRkles|115
|gametype|singles
|gen|6
|tier|UU
|rated
|rule|Sleep Clause Mod: Limit one foe put to sleep
|rule|Species Clause: Limit one of each PokÃ©mon
|rule|OHKO Clause: OHKO moves are banned
|rule|Moody Clause: Moody is banned
|rule|Evasion Moves Clause: Evasion moves are banned
|rule|Endless Battle Clause: Forcing endless battles is banned
|rule|HP Percentage Mod: HP is shown in percentages
|clearpoke
|poke|p1|Aerodactyl, F
|poke|p1|Florges, F
|poke|p1|Haxorus, F
|poke|p1|Chandelure, F
|poke|p1|Chesnaught, F
|poke|p1|Forretress, M
|poke|p2|Goodra, F
|poke|p2|Krookodile, F
|poke|p2|Empoleon, F
|poke|p2|Jirachi
|poke|p2|Blastoise, M
|poke|p2|Mienshao, M
|rule|Swagger Clause: Swagger is banned
|rule|Baton Pass Clause: Limit one PokÃ©mon knowing Baton Pass
|teampreview
|
|start
|switch|p1a: Chesnaught|Chesnaught, F|380\/380
|switch|p2a: Krookodile|Krookodile, F|393\/393
|-ability|p2a: Krookodile|Intimidate|[of] p1a: Chesnaught
|-unboost|p1a: Chesnaught|atk|1
|turn|1
|
|switch|p2a: Goodra|Goodra, F|370\/370
|move|p1a: Chesnaught|Leech Seed|p2a: Goodra
|-boost|p2a: Goodra|atk|1|[from] ability: Sap Sipper
|
|turn|2
|
|move|p1a: Chesnaught|Spiky Shield|p1a: Chesnaught
|-singleturn|p1a: Chesnaught|move: Protect
|move|p2a: Goodra|Earthquake|p1a: Chesnaught
|-activate|p1a: Chesnaught|move: Protect
|
|turn|3
|
|switch|p2a: Blastoise|Blastoise, M|334\/334
|switch|p1a: Forretress|Forretress, M|307\/307
|
|turn|4
|
|detailschange|p2a: Blastoise|Blastoise-Mega, M
|message|Blastoise has Mega Evolved into Mega Blastoise!
|move|p2a: Blastoise|Scald|p1a: Forretress
|-damage|p1a: Forretress|46\/307
|move|p1a: Forretress|Volt Switch|p2a: Blastoise
|-supereffective|p2a: Blastoise
|-damage|p2a: Blastoise|266\/334
|
|switch|p1a: Florges|Florges, F|360\/360
|
|turn|5
|
|switch|p2a: Empoleon|Empoleon, F|342\/342
|move|p1a: Florges|Wish|p1a: Florges
|
|turn|6
|
|switch|p1a: Forretress|Forretress, M|46\/307
|move|p2a: Empoleon|Swords Dance|p2a: Empoleon
|-boost|p2a: Empoleon|atk|2
|
|-heal|p1a: Forretress|226\/307|[from] move: Wish|[wisher] Florges
|-heal|p1a: Forretress|245\/307|[from] item: Leftovers
|turn|7
|
|move|p2a: Empoleon|Knock Off|p1a: Forretress
|-damage|p1a: Forretress|131\/307
|-enditem|p1a: Forretress|Leftovers|[from] move: Knock Off|[of] p2a: Empoleon
|move|p1a: Forretress|Stealth Rock|p2a: Empoleon
|-sidestart|p2: tuRkles|move: Stealth Rock
|
|turn|8
|
|move|p2a: Empoleon|Waterfall|p1a: Forretress
|-damage|p1a: Forretress|1\/307
|move|p1a: Forretress|Volt Switch|p2a: Empoleon
|-supereffective|p2a: Empoleon
|-damage|p2a: Empoleon|274\/342
|
|switch|p1a: Chesnaught|Chesnaught, F|380\/380
|
|turn|9
|
|move|p2a: Empoleon|Knock Off|p1a: Chesnaught
|-resisted|p1a: Chesnaught
|-damage|p1a: Chesnaught|323\/380
|-enditem|p1a: Chesnaught|Leftovers|[from] move: Knock Off|[of] p2a: Empoleon
|move|p1a: Chesnaught|Leech Seed|p2a: Empoleon|[miss]
|-miss|p1a: Chesnaught|p2a: Empoleon
|
|turn|10
|
|switch|p2a: Goodra|Goodra, F|370\/370
|-damage|p2a: Goodra|324\/370|[from] Stealth Rock
|switch|p1a: Haxorus|Haxorus, F|294\/294
|-ability|p1a: Haxorus|Mold Breaker
|
|turn|11
|
|switch|p2a: Empoleon|Empoleon, F|274\/342
|-damage|p2a: Empoleon|253\/342|[from] Stealth Rock
|move|p1a: Haxorus|Dragon Claw|p2a: Empoleon
|-crit|p2a: Empoleon
|-resisted|p2a: Empoleon
|-damage|p2a: Empoleon|122\/342
|
|turn|12
|
|switch|p1a: Chesnaught|Chesnaught, F|323\/380
|move|p2a: Empoleon|Aqua Jet|p1a: Chesnaught
|-resisted|p1a: Chesnaught
|-damage|p1a: Chesnaught|304\/380
|
|turn|13
|
|switch|p2a: Goodra|Goodra, F|324\/370
|-damage|p2a: Goodra|278\/370|[from] Stealth Rock
|switch|p1a: Haxorus|Haxorus, F|294\/294
|-ability|p1a: Haxorus|Mold Breaker
|
|turn|14
|
|move|p1a: Haxorus|Dragon Dance|p1a: Haxorus
|-boost|p1a: Haxorus|atk|1
|-boost|p1a: Haxorus|spe|1
|move|p2a: Goodra|Outrage|p1a: Haxorus
|-supereffective|p1a: Haxorus
|-damage|p1a: Haxorus|0 fnt
|faint|p1a: Haxorus
|
|
|switch|p1a: Chesnaught|Chesnaught, F|304\/380
|turn|15
|
|move|p1a: Chesnaught|Spiky Shield|p1a: Chesnaught
|-singleturn|p1a: Chesnaught|move: Protect
|move|p2a: Goodra|Outrage|p1a: Chesnaught
|-activate|p1a: Chesnaught|move: Protect
|-damage|p2a: Goodra|232\/370|[from] Spiky Shield|[of] p1a: Chesnaught
|
|turn|16
|
|switch|p1a: Florges|Florges, F|360\/360
|move|p2a: Goodra|Outrage|p1a: Florges
|-immune|p1a: Florges|[msg]
|
|turn|17
|
|switch|p2a: Empoleon|Empoleon, F|122\/342
|-damage|p2a: Empoleon|101\/342|[from] Stealth Rock
|move|p1a: Florges|Wish|p1a: Florges
|
|turn|18
|
|switch|p1a: Forretress|Forretress, M|1\/307
|move|p2a: Empoleon|Knock Off|p1a: Forretress
|-damage|p1a: Forretress|0 fnt
|faint|p1a: Forretress
|
|
|switch|p1a: Chesnaught|Chesnaught, F|304\/380
|turn|19
|
|switch|p2a: Goodra|Goodra, F|232\/370
|-damage|p2a: Goodra|186\/370|[from] Stealth Rock
|move|p1a: Chesnaught|Hammer Arm|p2a: Goodra
|-damage|p2a: Goodra|9\/370
|-unboost|p1a: Chesnaught|spe|1
|
|turn|20
|
|switch|p2a: Blastoise|Blastoise-Mega, M|266\/334
|-damage|p2a: Blastoise|225\/334|[from] Stealth Rock
|move|p1a: Chesnaught|Spiky Shield|p1a: Chesnaught
|-fail|p1a: Chesnaught
|
|turn|21
|
|switch|p1a: Florges|Florges, F|360\/360
|move|p2a: Blastoise|Rapid Spin|p1a: Florges
|-damage|p1a: Florges|338\/360
|-sideend|p2: tuRkles|Stealth Rock|[from] move: Rapid Spin|[of] p2a: Blastoise
|
|-heal|p1a: Florges|360\/360|[from] item: Leftovers
|turn|22
|
|switch|p2a: Krookodile|Krookodile, F|393\/393
|-ability|p2a: Krookodile|Intimidate|[of] p1a: Florges
|-unboost|p1a: Florges|atk|1
|move|p1a: Florges|Moonblast|p2a: Krookodile
|-supereffective|p2a: Krookodile
|-damage|p2a: Krookodile|37\/393
|
|-heal|p2a: Krookodile|61\/393|[from] item: Leftovers
|turn|23
|
|switch|p1a: Chesnaught|Chesnaught, F|304\/380
|move|p2a: Krookodile|Stealth Rock|p1a: Chesnaught
|-sidestart|p1: LRodC|move: Stealth Rock
|
|-heal|p2a: Krookodile|85\/393|[from] item: Leftovers
|turn|24
|
|move|p2a: Krookodile|Taunt|p1a: Chesnaught
|-start|p1a: Chesnaught|move: Taunt
|move|p1a: Chesnaught|Hammer Arm|p2a: Krookodile
|-supereffective|p2a: Krookodile
|-damage|p2a: Krookodile|0 fnt
|-unboost|p1a: Chesnaught|spe|1
|faint|p2a: Krookodile
|
|
|switch|p2a: Jirachi|Jirachi|402\/402
|turn|25
|
|switch|p1a: Chandelure|Chandelure, F|262\/262
|-damage|p1a: Chandelure|197\/262|[from] Stealth Rock
|move|p2a: Jirachi|Substitute|p2a: Jirachi
|-start|p2a: Jirachi|Substitute
|-damage|p2a: Jirachi|302\/402
|
|-heal|p2a: Jirachi|327\/402|[from] item: Leftovers
|turn|26
|
|move|p1a: Chandelure|Shadow Ball|p2a: Jirachi
|-supereffective|p2a: Jirachi
|-damage|p2a: Jirachi|3\/402
|move|p2a: Jirachi|Psyshock|p1a: Chandelure
|-damage|p1a: Chandelure|101\/262
|
|-heal|p2a: Jirachi|28\/402|[from] item: Leftovers
|turn|27
|
|switch|p2a: Goodra|Goodra, F|9\/370
|move|p1a: Chandelure|Shadow Ball|p2a: Goodra
|-crit|p2a: Goodra
|-damage|p2a: Goodra|0 fnt
|faint|p2a: Goodra
|
|
|switch|p2a: Mienshao|Mienshao, M|271\/271
|turn|28
|
|move|p2a: Mienshao|Knock Off|p1a: Chandelure
|-supereffective|p1a: Chandelure
|-damage|p1a: Chandelure|0 fnt
|-enditem|p1a: Chandelure|Choice Scarf|[from] move: Knock Off|[of] p2a: Mienshao
|faint|p1a: Chandelure
|
|
|switch|p1a: Chesnaught|Chesnaught, F|304\/380
|-damage|p1a: Chesnaught|281\/380|[from] Stealth Rock
|turn|29
|
|move|p2a: Mienshao|Knock Off|p1a: Chesnaught
|-resisted|p1a: Chesnaught
|-damage|p1a: Chesnaught|256\/380
|move|p1a: Chesnaught|Leech Seed|p2a: Mienshao
|-start|p2a: Mienshao|move: Leech Seed
|
|-damage|p2a: Mienshao|238\/271|[from] Leech Seed|[of] p1a: Chesnaught
|-heal|p1a: Chesnaught|289\/380|[silent]
|turn|30
|
|switch|p2a: Empoleon|Empoleon, F|101\/342
|move|p1a: Chesnaught|Seed Bomb|p2a: Empoleon
|-damage|p2a: Empoleon|0 fnt
|faint|p2a: Empoleon
|
|
|switch|p2a: Jirachi|Jirachi|28\/402
|turn|31
|
|move|p1a: Chesnaught|Spiky Shield|p1a: Chesnaught
|-singleturn|p1a: Chesnaught|move: Protect
|move|p2a: Jirachi|Psyshock|p1a: Chesnaught
|-activate|p1a: Chesnaught|move: Protect
|
|-heal|p2a: Jirachi|53\/402|[from] item: Leftovers
|turn|32
|
|switch|p1a: Florges|Florges, F|360\/360
|-damage|p1a: Florges|315\/360|[from] Stealth Rock
|move|p2a: Jirachi|Psyshock|p1a: Florges
|-damage|p1a: Florges|179\/360
|
|-heal|p2a: Jirachi|78\/402|[from] item: Leftovers
|-heal|p1a: Florges|201\/360|[from] item: Leftovers
|turn|33
|
|move|p2a: Jirachi|Psyshock|p1a: Florges
|-damage|p1a: Florges|69\/360
|move|p1a: Florges|Wish|p1a: Florges
|
|-heal|p2a: Jirachi|103\/402|[from] item: Leftovers
|-heal|p1a: Florges|91\/360|[from] item: Leftovers
|turn|34
|
|move|p2a: Jirachi|Substitute|p2a: Jirachi
|-start|p2a: Jirachi|Substitute
|-damage|p2a: Jirachi|3\/402
|move|p1a: Florges|Moonblast|p2a: Jirachi
|-resisted|p2a: Jirachi
|-activate|p2a: Jirachi|Substitute|[damage]
|
|-heal|p1a: Florges|271\/360|[from] move: Wish|[wisher] Florges
|-heal|p2a: Jirachi|28\/402|[from] item: Leftovers
|-heal|p1a: Florges|293\/360|[from] item: Leftovers
|turn|35
|
|switch|p1a: Aerodactyl|Aerodactyl, F|317\/317
|-damage|p1a: Aerodactyl|238\/317|[from] Stealth Rock
|move|p2a: Jirachi|Psyshock|p1a: Aerodactyl
|-crit|p1a: Aerodactyl
|-damage|p1a: Aerodactyl|48\/317
|
|-heal|p2a: Jirachi|53\/402|[from] item: Leftovers
|turn|36
|
|detailschange|p1a: Aerodactyl|Aerodactyl-Mega, F
|message|Aerodactyl has Mega Evolved into Mega Aerodactyl!
|move|p1a: Aerodactyl|Roost|p1a: Aerodactyl
|-heal|p1a: Aerodactyl|207\/317
|move|p2a: Jirachi|Psyshock|p1a: Aerodactyl
|-damage|p1a: Aerodactyl|98\/317
|
|-heal|p2a: Jirachi|78\/402|[from] item: Leftovers
|turn|37
|
|move|p1a: Aerodactyl|Roost|p1a: Aerodactyl
|-heal|p1a: Aerodactyl|257\/317
|move|p2a: Jirachi|Calm Mind|p2a: Jirachi
|-boost|p2a: Jirachi|spa|1
|-boost|p2a: Jirachi|spd|1
|
|-heal|p2a: Jirachi|103\/402|[from] item: Leftovers
|turn|38
|
|move|p1a: Aerodactyl|Pursuit|p2a: Jirachi
|-supereffective|p2a: Jirachi
|-end|p2a: Jirachi|Substitute
|move|p2a: Jirachi|Psyshock|p1a: Aerodactyl
|-damage|p1a: Aerodactyl|107\/317
|
|-heal|p2a: Jirachi|128\/402|[from] item: Leftovers
|turn|39
|
|move|p1a: Aerodactyl|Pursuit|p2a: Jirachi
|-crit|p2a: Jirachi
|-supereffective|p2a: Jirachi
|-damage|p2a: Jirachi|0 fnt
|faint|p2a: Jirachi
|
|
|switch|p2a: Blastoise|Blastoise-Mega, M|225\/334
|turn|40
|
|move|p1a: Aerodactyl|Aerial Ace|p2a: Blastoise
|-damage|p2a: Blastoise|87\/334
|move|p2a: Blastoise|Scald|p1a: Aerodactyl
|-supereffective|p1a: Aerodactyl
|-damage|p1a: Aerodactyl|0 fnt
|faint|p1a: Aerodactyl
|
|
|switch|p1a: Florges|Florges, F|293\/360
|-damage|p1a: Florges|248\/360|[from] Stealth Rock
|turn|41
|
|move|p2a: Blastoise|Scald|p1a: Florges
|-damage|p1a: Florges|169\/360
|move|p1a: Florges|Wish|p1a: Florges
|
|-heal|p1a: Florges|191\/360|[from] item: Leftovers
|turn|42
|
|move|p2a: Blastoise|Scald|p1a: Florges
|-damage|p1a: Florges|110\/360
|move|p1a: Florges|Moonblast|p2a: Blastoise
|-damage|p2a: Blastoise|0 fnt
|faint|p2a: Blastoise
|
|-heal|p1a: Florges|290\/360|[from] move: Wish|[wisher] Florges
|-heal|p1a: Florges|312\/360|[from] item: Leftovers
|
|switch|p2a: Mienshao|Mienshao, M|238\/271
|turn|43
|
|move|p2a: Mienshao|High Jump Kick|p1a: Florges
|-resisted|p1a: Florges
|-damage|p1a: Florges|126\/360
|move|p1a: Florges|Moonblast|p2a: Mienshao
|-supereffective|p2a: Mienshao
|-damage|p2a: Mienshao|0 fnt
|faint|p2a: Mienshao
|
|win|LRodC
|raw|Ladder updating...
|raw|LRodC's rating: 1391 &rarr; <strong>1411<\/strong><br \/>(+20 for winning)
|raw|tuRkles's rating: 1380 &rarr; <strong>1361<\/strong><br \/>(-19 for losing)
|leave|tuRkles
|player|p2