|join|tuRkles
|join|T3RR0R_BL1TZ
|player|p1|tuRkles|115
|player|p2|T3RR0R_BL1TZ|266
|gametype|singles
|gen|6
|tier|UU
|rated
|rule|Sleep Clause Mod: Limit one foe put to sleep
|rule|Species Clause: Limit one of each PokÃ©mon
|rule|OHKO Clause: OHKO moves are banned
|rule|Moody Clause: Moody is banned
|rule|Evasion Moves Clause: Evasion moves are banned
|rule|Endless Battle Clause: Forcing endless battles is banned
|rule|HP Percentage Mod: HP is shown in percentages
|clearpoke
|poke|p1|Jirachi
|poke|p1|Lucario, F
|poke|p1|Krookodile, F
|poke|p1|Bronzong
|poke|p1|Blastoise, M
|poke|p1|Raikou
|poke|p2|Crobat, F
|poke|p2|Swampert, M
|poke|p2|Hydreigon, F
|poke|p2|Alakazam, F
|poke|p2|Bronzong
|poke|p2|Porygon2
|rule|Swagger Clause: Swagger is banned
|rule|Baton Pass Clause: Limit one PokÃ©mon knowing Baton Pass
|teampreview
|
|start
|switch|p1a: Blastoise|Blastoise, M|334\/334
|switch|p2a: Hydreigon|Hydreigon, F|325\/325
|turn|1
|
|detailschange|p1a: Blastoise|Blastoise-Mega, M
|message|Blastoise has Mega Evolved into Mega Blastoise!
|move|p2a: Hydreigon|Draco Meteor|p1a: Blastoise
|-damage|p1a: Blastoise|88\/334
|-unboost|p2a: Hydreigon|spa|2
|-damage|p2a: Hydreigon|293\/325|[from] item: Life Orb
|move|p1a: Blastoise|Ice Beam|p2a: Hydreigon
|-supereffective|p2a: Hydreigon
|-damage|p2a: Hydreigon|11\/325
|
|turn|2
|
|switch|p2a: Porygon2|Porygon2|374\/374
|-ability|p2a: Porygon2|Mega Launcher|[from] ability: Trace|[of] p1a: Blastoise
|switch|p1a: Raikou|Raikou|322\/322
|-ability|p1a: Raikou|Pressure
|
|turn|3
|
|move|p1a: Raikou|Volt Switch|p2a: Porygon2
|-damage|p2a: Porygon2|283\/374
|
|switch|p1a: Bronzong|Bronzong|338\/338
|move|p2a: Porygon2|Toxic|p1a: Bronzong
|-fail|p1a: Bronzong
|
|turn|4
|
|switch|p2a: Hydreigon|Hydreigon, F|11\/325
|move|p1a: Bronzong|Stealth Rock|p2a: Hydreigon
|-sidestart|p2: T3RR0R_BL1TZ|move: Stealth Rock
|
|turn|5
|
|move|p1a: Bronzong|Protect|p1a: Bronzong
|-singleturn|p1a: Bronzong|Protect
|move|p2a: Hydreigon|Roost|p2a: Hydreigon
|-heal|p2a: Hydreigon|174\/325
|
|turn|6
|
|move|p2a: Hydreigon|Dark Pulse|p1a: Bronzong
|-supereffective|p1a: Bronzong
|-damage|p1a: Bronzong|112\/338
|-damage|p2a: Hydreigon|142\/325|[from] item: Life Orb
|cant|p1a: Bronzong|flinch
|
|-heal|p1a: Bronzong|133\/338|[from] item: Leftovers
|turn|7
|
|switch|p1a: Lucario|Lucario, F|281\/281
|move|p2a: Hydreigon|Roost|p2a: Hydreigon
|-heal|p2a: Hydreigon|305\/325
|
|turn|8
|
|move|p2a: Hydreigon|Fire Blast|p1a: Lucario|[miss]
|-miss|p2a: Hydreigon|p1a: Lucario
|move|p1a: Lucario|Close Combat|p2a: Hydreigon
|-supereffective|p2a: Hydreigon
|-damage|p2a: Hydreigon|0 fnt
|-unboost|p1a: Lucario|def|1
|-unboost|p1a: Lucario|spd|1
|-damage|p1a: Lucario|253\/281|[from] item: Life Orb
|faint|p2a: Hydreigon
|
|
|switch|p2a: Crobat|Crobat, F|373\/373
|-damage|p2a: Crobat|280\/373|[from] Stealth Rock
|turn|9
|
|move|p2a: Crobat|Defog|p1a: Lucario
|-unboost|p1a: Lucario|evasion|1
|-sideend|p2: T3RR0R_BL1TZ|Stealth Rock|[from] move: Defog|[of] p2a: Crobat
|move|p1a: Lucario|Swords Dance|p1a: Lucario
|-boost|p1a: Lucario|atk|2
|
|-heal|p2a: Crobat|303\/373|[from] item: Black Sludge
|turn|10
|
|move|p1a: Lucario|Extreme Speed|p2a: Crobat
|-damage|p2a: Crobat|1\/373
|-damage|p1a: Lucario|225\/281|[from] item: Life Orb
|move|p2a: Crobat|Brave Bird|p1a: Lucario
|-damage|p1a: Lucario|0 fnt
|-damage|p2a: Crobat|0 fnt|[from] recoil|[of] p1a: Lucario
|faint|p1a: Lucario
|faint|p2a: Crobat
|
|
|switch|p2a: Alakazam|Alakazam, F|252\/252
|switch|p1a: Bronzong|Bronzong|133\/338
|turn|11
|
|move|p2a: Alakazam|Shadow Ball|p1a: Bronzong
|-supereffective|p1a: Bronzong
|-damage|p1a: Bronzong|9\/338
|move|p1a: Bronzong|Gyro Ball|p2a: Alakazam
|-enditem|p2a: Alakazam|Focus Sash
|-damage|p2a: Alakazam|1\/252
|
|-heal|p1a: Bronzong|30\/338|[from] item: Leftovers
|turn|12
|
|move|p2a: Alakazam|Dazzling Gleam|p1a: Bronzong
|-resisted|p1a: Bronzong
|-damage|p1a: Bronzong|0 fnt
|faint|p1a: Bronzong
|
|
|switch|p1a: Jirachi|Jirachi|341\/341
|turn|13
|
|switch|p2a: Bronzong|Bronzong|338\/338
|move|p1a: Jirachi|U-turn|p2a: Bronzong
|-damage|p2a: Bronzong|290\/338
|
|switch|p1a: Blastoise|Blastoise-Mega, M|88\/334
|
|-heal|p2a: Bronzong|311\/338|[from] item: Leftovers
|turn|14
|
|move|p1a: Blastoise|Dark Pulse|p2a: Bronzong
|-supereffective|p2a: Bronzong
|-damage|p2a: Bronzong|13\/338
|cant|p2a: Bronzong|flinch
|
|-heal|p2a: Bronzong|34\/338|[from] item: Leftovers
|turn|15
|
|move|p1a: Blastoise|Scald|p2a: Bronzong
|-damage|p2a: Bronzong|0 fnt
|faint|p2a: Bronzong
|
|
|switch|p2a: Alakazam|Alakazam, F|1\/252
|turn|16
|
|switch|p1a: Jirachi|Jirachi|341\/341
|move|p2a: Alakazam|Shadow Ball|p1a: Jirachi
|-crit|p1a: Jirachi
|-supereffective|p1a: Jirachi
|-damage|p1a: Jirachi|53\/341
|
|turn|17
|
|switch|p2a: Porygon2|Porygon2|283\/374
|-ability|p2a: Porygon2|Serene Grace|[from] ability: Trace|[of] p1a: Jirachi
|move|p1a: Jirachi|U-turn|p2a: Porygon2
|-damage|p2a: Porygon2|232\/374
|
|switch|p1a: Krookodile|Krookodile, F|331\/331
|-ability|p1a: Krookodile|Intimidate|[of] p2a: Porygon2
|-unboost|p2a: Porygon2|atk|1
|
|turn|18
|
|move|p1a: Krookodile|Superpower|p2a: Porygon2
|-supereffective|p2a: Porygon2
|-damage|p2a: Porygon2|0 fnt
|-unboost|p1a: Krookodile|atk|1
|-unboost|p1a: Krookodile|def|1
|faint|p2a: Porygon2
|
|
|switch|p2a: Swampert|Swampert, M|365\/365
|turn|19
|
|switch|p1a: Blastoise|Blastoise-Mega, M|88\/334
|move|p2a: Swampert|Rain Dance|p2a: Swampert
|-weather|RainDance
|
|-weather|RainDance|[upkeep]
|turn|20
|
|detailschange|p2a: Swampert|Swampert-Mega, M
|message|Swampert has Mega Evolved into Mega Swampert!
|move|p1a: Blastoise|Scald|p2a: Swampert
|-damage|p2a: Swampert|145\/365
|move|p2a: Swampert|Earthquake|p1a: Blastoise
|-damage|p1a: Blastoise|0 fnt
|faint|p1a: Blastoise
|
|-weather|RainDance|[upkeep]
|
|switch|p1a: Raikou|Raikou|322\/322
|-ability|p1a: Raikou|Pressure
|turn|21
|
|move|p2a: Swampert|Earthquake|p1a: Raikou
|-supereffective|p1a: Raikou
|-damage|p1a: Raikou|0 fnt
|faint|p1a: Raikou
|
|-weather|RainDance|[upkeep]
|
|switch|p1a: Krookodile|Krookodile, F|331\/331
|-ability|p1a: Krookodile|Intimidate|[of] p2a: Swampert
|-unboost|p2a: Swampert|atk|1
|turn|22
|
|move|p2a: Swampert|Waterfall|p1a: Krookodile
|-crit|p1a: Krookodile
|-supereffective|p1a: Krookodile
|-damage|p1a: Krookodile|0 fnt
|faint|p1a: Krookodile
|
|-weather|RainDance|[upkeep]
|
|switch|p1a: Jirachi|Jirachi|53\/341
|turn|23
|
|move|p1a: Jirachi|Iron Head|p2a: Swampert
|-resisted|p2a: Swampert
|-damage|p2a: Swampert|87\/365
|move|p2a: Swampert|Waterfall|p1a: Jirachi
|-damage|p1a: Jirachi|0 fnt
|faint|p1a: Jirachi
|
|win|T3RR0R_BL1TZ
|raw|Ladder updating...
|raw|tuRkles's rating: 1475 &rarr; <strong>1442<\/strong><br \/>(-33 for losing)
|raw|T3RR0R_BL1TZ's rating: 1199 &rarr; <strong>1240<\/strong><br \/>(+41 for winning)
|leave|tuRkles
|player|p1