|join|pokemonisfun
|join|tuRkles
|player|p1|pokemonisfun|184
|player|p2|tuRkles|115
|gametype|singles
|gen|6
|tier|UU
|rated
|rule|Sleep Clause Mod: Limit one foe put to sleep
|rule|Species Clause: Limit one of each PokÃ©mon
|rule|OHKO Clause: OHKO moves are banned
|rule|Moody Clause: Moody is banned
|rule|Evasion Moves Clause: Evasion moves are banned
|rule|Endless Battle Clause: Forcing endless battles is banned
|rule|HP Percentage Mod: HP is shown in percentages
|clearpoke
|poke|p1|Zygarde
|poke|p1|Yanmega, M
|poke|p1|Espeon, M
|poke|p1|Nidoqueen, F
|poke|p1|Whimsicott, M
|poke|p1|Suicune
|poke|p2|Jirachi
|poke|p2|Lucario, F
|poke|p2|Krookodile, M
|poke|p2|Zygarde
|poke|p2|Blastoise, M
|poke|p2|Raikou
|rule|Swagger Clause: Swagger is banned
|rule|Baton Pass Clause: Limit one PokÃ©mon knowing Baton Pass
|teampreview
|
|start
|switch|p1a: Nidoqueen|Nidoqueen, F|321\/321
|switch|p2a: Blastoise|Blastoise, M|333\/333
|turn|1
|
|switch|p1a: Suicune|Suicune|404\/404
|-ability|p1a: Suicune|Pressure
|detailschange|p2a: Blastoise|Blastoise-Mega, M
|-mega|p2a: Blastoise|Blastoise|Blastoisinite
|move|p2a: Blastoise|Scald|p1a: Suicune
|-resisted|p1a: Suicune
|-damage|p1a: Suicune|338\/404
|
|-heal|p1a: Suicune|363\/404|[from] item: Leftovers
|turn|2
|
|move|p2a: Blastoise|Dark Pulse|p1a: Suicune
|-damage|p1a: Suicune|232\/404
|cant|p1a: Suicune|flinch
|
|-heal|p1a: Suicune|257\/404|[from] item: Leftovers
|turn|3
|
|move|p2a: Blastoise|Dark Pulse|p1a: Suicune
|-damage|p1a: Suicune|116\/404
|move|p1a: Suicune|Calm Mind|p1a: Suicune
|-boost|p1a: Suicune|spa|1
|-boost|p1a: Suicune|spd|1
|
|-heal|p1a: Suicune|141\/404|[from] item: Leftovers
|turn|4
|
|switch|p2a: Lucario|Lucario, F|281\/281
|move|p1a: Suicune|Rest|p1a: Suicune
|-status|p1a: Suicune|slp
|-heal|p1a: Suicune|404\/404 slp|[silent]
|-status|p1a: Suicune|slp|[from] move: Rest
|
|turn|5
|
|switch|p1a: Nidoqueen|Nidoqueen, F|321\/321
|move|p2a: Lucario|Swords Dance|p2a: Lucario
|-boost|p2a: Lucario|atk|2
|
|turn|6
|
|move|p2a: Lucario|Close Combat|p1a: Nidoqueen
|-resisted|p1a: Nidoqueen
|-damage|p1a: Nidoqueen|13\/321
|-unboost|p2a: Lucario|def|1
|-unboost|p2a: Lucario|spd|1
|-damage|p2a: Lucario|253\/281|[from] item: Life Orb
|move|p1a: Nidoqueen|Earth Power|p2a: Lucario
|-supereffective|p2a: Lucario
|-damage|p2a: Lucario|0 fnt
|faint|p2a: Lucario
|
|
|switch|p2a: Blastoise|Blastoise-Mega, M|333\/333
|turn|7
|
|move|p1a: Nidoqueen|Sludge Wave|p2a: Blastoise
|-damage|p2a: Blastoise|146\/333
|move|p2a: Blastoise|Dark Pulse|p1a: Nidoqueen
|-damage|p1a: Nidoqueen|0 fnt
|faint|p1a: Nidoqueen
|
|
|switch|p1a: Yanmega|Yanmega, M|313\/313
|turn|8
|
|switch|p2a: Jirachi|Jirachi|341\/341
|move|p1a: Yanmega|Bug Buzz|p2a: Jirachi
|-damage|p2a: Jirachi|111\/341
|-damage|p1a: Yanmega|282\/313|[from] item: Life Orb
|
|-boost|p1a: Yanmega|spe|1|[from] ability: Speed Boost
|turn|9
|
|move|p1a: Yanmega|Protect|p1a: Yanmega
|-singleturn|p1a: Yanmega|Protect
|move|p2a: Jirachi|Healing Wish|p2a: Jirachi
|faint|p2a: Jirachi
|
|-boost|p1a: Yanmega|spe|1|[from] ability: Speed Boost
|
|switch|p2a: Blastoise|Blastoise-Mega, M|146\/333
|-heal|p2a: Blastoise|333\/333|[from] move: Healing Wish
|turn|10
|
|move|p1a: Yanmega|Giga Drain|p2a: Blastoise
|-supereffective|p2a: Blastoise
|-damage|p2a: Blastoise|109\/333
|-heal|p1a: Yanmega|313\/313|[from] drain|[of] p2a: Blastoise
|-damage|p1a: Yanmega|282\/313|[from] item: Life Orb
|move|p2a: Blastoise|Ice Beam|p1a: Yanmega
|-supereffective|p1a: Yanmega
|-damage|p1a: Yanmega|0 fnt
|faint|p1a: Yanmega
|
|
|switch|p1a: Whimsicott|Whimsicott, M|261\/261
|turn|11
|
|switch|p2a: Raikou|Raikou|322\/322
|-ability|p2a: Raikou|Pressure
|move|p1a: Whimsicott|Giga Drain|p2a: Raikou
|-crit|p2a: Raikou
|-damage|p2a: Raikou|153\/322
|-damage|p1a: Whimsicott|235\/261|[from] item: Life Orb
|
|turn|12
|
|move|p1a: Whimsicott|Giga Drain|p2a: Raikou
|-crit|p2a: Raikou
|-damage|p2a: Raikou|0 fnt
|-heal|p1a: Whimsicott|261\/261|[from] drain|[of] p2a: Raikou
|-damage|p1a: Whimsicott|235\/261|[from] item: Life Orb
|faint|p2a: Raikou
|
|c|âtuRkles|kek
|
|switch|p2a: Zygarde|Zygarde|404\/404
|-ability|p2a: Zygarde|Aura Break
|turn|13
|
|move|p1a: Whimsicott|Moonblast|p2a: Zygarde
|-supereffective|p2a: Zygarde
|-damage|p2a: Zygarde|97\/404
|-unboost|p2a: Zygarde|spa|1
|-damage|p1a: Whimsicott|209\/261|[from] item: Life Orb
|move|p2a: Zygarde|Toxic|p1a: Whimsicott
|-status|p1a: Whimsicott|tox
|
|-heal|p2a: Zygarde|122\/404|[from] item: Leftovers
|-damage|p1a: Whimsicott|193\/261 tox|[from] psn
|turn|14
|
|switch|p2a: Blastoise|Blastoise-Mega, M|109\/333
|move|p1a: Whimsicott|Moonblast|p2a: Blastoise
|-damage|p2a: Blastoise|0 fnt
|-damage|p1a: Whimsicott|167\/261 tox|[from] item: Life Orb
|faint|p2a: Blastoise
|
|-damage|p1a: Whimsicott|135\/261 tox|[from] psn
|c|âtuRkles|gg
|c|âpokemonisfun|GG
|-message|tuRkles forfeited.
|leave|tuRkles
|
|switch|p2a: Krookodile|Krookodile, M|331\/331
|-ability|p2a: Krookodile|Intimidate|[of] p1a: Whimsicott
|-unboost|p1a: Whimsicott|atk|1
|turn|15
|
|win|pokemonisfun
|raw|Ladder updating...
|player|p2
|raw|pokemonisfun's rating: 1528 &rarr; <strong>1544<\/strong><br \/>(+16 for winning)
|raw|tuRkles's rating: 1457 &rarr; <strong>1441<\/strong><br \/>(-16 for losing)