|join|tuRkles
|join|Cat8752
|player|p1|tuRkles|115
|player|p2|Cat8752|209
|gametype|singles
|gen|6
|tier|UU
|rated
|rule|Sleep Clause Mod: Limit one foe put to sleep
|rule|Species Clause: Limit one of each PokÃ©mon
|rule|OHKO Clause: OHKO moves are banned
|rule|Moody Clause: Moody is banned
|rule|Evasion Moves Clause: Evasion moves are banned
|rule|Endless Battle Clause: Forcing endless battles is banned
|rule|HP Percentage Mod: HP is shown in percentages
|clearpoke
|poke|p1|Medicham, F
|poke|p1|Jirachi
|poke|p1|Krookodile, M
|poke|p1|Toxicroak, M
|poke|p1|Entei, shiny
|poke|p1|Doublade, M
|poke|p2|Azelf
|poke|p2|Lucario, M
|poke|p2|Entei, shiny
|poke|p2|Crobat, M
|poke|p2|Hydreigon, F
|poke|p2|Jirachi, shiny
|rule|Swagger Clause: Swagger is banned
|rule|Baton Pass Clause: Limit one PokÃ©mon knowing Baton Pass
|teampreview
|
|start
|switch|p1a: Jirachi|Jirachi|341\/341
|switch|p2a: Azelf|Azelf|291\/291
|turn|1
|
|switch|p2a: Jirachi|Jirachi, shiny|342\/342
|move|p1a: Jirachi|Iron Head|p2a: Jirachi
|-resisted|p2a: Jirachi
|-damage|p2a: Jirachi|282\/342
|
|turn|2
|
|move|p2a: Jirachi|U-turn|p1a: Jirachi
|-damage|p1a: Jirachi|274\/341
|
|switch|p2a: Entei|Entei, shiny|371\/371
|-ability|p2a: Entei|Pressure
|move|p1a: Jirachi|Iron Head|p2a: Entei
|-resisted|p2a: Entei
|-damage|p2a: Entei|308\/371
|
|turn|3
|
|switch|p1a: Entei|Entei, shiny|371\/371
|-ability|p1a: Entei|Pressure
|move|p2a: Entei|Flare Blitz|p1a: Entei
|-resisted|p1a: Entei
|-damage|p1a: Entei|198\/371
|-damage|p2a: Entei|251\/371|[from] recoil|[of] p1a: Entei
|
|turn|4
|
|switch|p2a: Jirachi|Jirachi, shiny|282\/342
|move|p1a: Entei|Sacred Fire|p2a: Jirachi
|-supereffective|p2a: Jirachi
|-damage|p2a: Jirachi|0 fnt
|faint|p2a: Jirachi
|
|
|switch|p2a: Azelf|Azelf|291\/291
|turn|5
|
|move|p2a: Azelf|Stealth Rock|p1a: Entei
|-sidestart|p1: tuRkles|move: Stealth Rock
|move|p1a: Entei|Sacred Fire|p2a: Azelf
|-enditem|p2a: Azelf|Focus Sash
|-damage|p2a: Azelf|1\/291
|
|turn|6
|c|âCat8752|nice and no burn
|
|move|p2a: Azelf|Knock Off|p1a: Entei
|-damage|p1a: Entei|65\/371
|-enditem|p1a: Entei|Choice Band|[from] move: Knock Off|[of] p2a: Azelf
|move|p1a: Entei|Sacred Fire|p2a: Azelf
|-damage|p2a: Azelf|0 fnt
|faint|p2a: Azelf
|
|
|switch|p2a: Brobat|Crobat, M|373\/373
|turn|7
|
|move|p1a: Entei|Extreme Speed|p2a: Brobat
|-damage|p2a: Brobat|253\/373
|move|p2a: Brobat|Brave Bird|p1a: Entei
|-crit|p1a: Entei
|-damage|p1a: Entei|0 fnt
|-damage|p2a: Brobat|232\/373|[from] recoil|[of] p1a: Entei
|faint|p1a: Entei
|
|-heal|p2a: Brobat|255\/373|[from] item: Black Sludge
|
|switch|p1a: Krookodile|Krookodile, M|331\/331
|-damage|p1a: Krookodile|311\/331|[from] Stealth Rock
|-ability|p1a: Krookodile|Intimidate|[of] p2a: Brobat
|-unboost|p2a: Brobat|atk|1
|turn|8
|c|âCat8752|hue hue hue
|c|âCat8752|funniest number
|
|move|p2a: Brobat|U-turn|p1a: Krookodile
|-supereffective|p1a: Krookodile
|-damage|p1a: Krookodile|229\/331
|
|switch|p2a: Hydreigon|Hydreigon, F|325\/325
|move|p1a: Krookodile|Knock Off|p2a: Hydreigon
|-resisted|p2a: Hydreigon
|-damage|p2a: Hydreigon|202\/325
|-enditem|p2a: Hydreigon|Life Orb|[from] move: Knock Off|[of] p1a: Krookodile
|
|turn|9
|
|switch|p1a: Toxicroak|Toxicroak, M|307\/307
|-damage|p1a: Toxicroak|288\/307|[from] Stealth Rock
|move|p2a: Hydreigon|Superpower|p1a: Toxicroak
|-resisted|p1a: Toxicroak
|-damage|p1a: Toxicroak|209\/307
|-unboost|p2a: Hydreigon|atk|1
|-unboost|p2a: Hydreigon|def|1
|
|turn|10
|c|âCat8752|shit I'm against someone 150 higher than me
|
|move|p1a: Toxicroak|Sucker Punch|p2a: Hydreigon
|-resisted|p2a: Hydreigon
|-damage|p2a: Hydreigon|107\/325
|-damage|p1a: Toxicroak|179\/307|[from] item: Life Orb
|move|p2a: Hydreigon|Draco Meteor|p1a: Toxicroak
|-damage|p1a: Toxicroak|0 fnt
|-unboost|p2a: Hydreigon|spa|2
|faint|p1a: Toxicroak
|
|
|switch|p1a: Jirachi|Jirachi|274\/341
|-damage|p1a: Jirachi|253\/341|[from] Stealth Rock
|turn|11
|
|move|p1a: Jirachi|U-turn|p2a: Hydreigon
|-supereffective|p2a: Hydreigon
|-damage|p2a: Hydreigon|0 fnt
|faint|p2a: Hydreigon
|
|switch|p1a: Medicham|Medicham, F|261\/261
|-damage|p1a: Medicham|245\/261|[from] Stealth Rock
|
|
|switch|p2a: Brobat|Crobat, M|255\/373
|turn|12
|
|detailschange|p1a: Medicham|Medicham-Mega, F
|-mega|p1a: Medicham|Medicham|Medichamite
|move|p1a: Medicham|Fake Out|p2a: Brobat
|-damage|p2a: Brobat|154\/373
|cant|p2a: Brobat|flinch
|
|-heal|p2a: Brobat|177\/373|[from] item: Black Sludge
|turn|13
|
|switch|p1a: Doublade|Doublade, M|312\/312
|-damage|p1a: Doublade|293\/312|[from] Stealth Rock
|move|p2a: Brobat|Brave Bird|p1a: Doublade
|-resisted|p1a: Doublade
|-damage|p1a: Doublade|263\/312
|-damage|p2a: Brobat|167\/373|[from] recoil|[of] p1a: Doublade
|
|-heal|p2a: Brobat|190\/373|[from] item: Black Sludge
|turn|14
|
|switch|p1a: Krookodile|Krookodile, M|229\/331
|-damage|p1a: Krookodile|209\/331|[from] Stealth Rock
|-ability|p1a: Krookodile|Intimidate|[of] p2a: Brobat
|-unboost|p2a: Brobat|atk|1
|move|p2a: Brobat|U-turn|p1a: Krookodile
|-supereffective|p1a: Krookodile
|-damage|p1a: Krookodile|125\/331
|
|switch|p2a: Lucario|Lucario, M|281\/281
|
|turn|15
|
|move|p1a: Krookodile|Superpower|p2a: Lucario
|-supereffective|p2a: Lucario
|-damage|p2a: Lucario|0 fnt
|-unboost|p1a: Krookodile|atk|1
|-unboost|p1a: Krookodile|def|1
|faint|p2a: Lucario
|
|
|switch|p2a: Brobat|Crobat, M|190\/373
|turn|16
|c|âCat8752|gg
|
|move|p2a: Brobat|U-turn|p1a: Krookodile
|-supereffective|p1a: Krookodile
|-damage|p1a: Krookodile|0 fnt
|faint|p1a: Krookodile
|
|switch|p2a: Entei|Entei, shiny|251\/371
|-ability|p2a: Entei|Pressure
|
|
|switch|p1a: Jirachi|Jirachi|253\/341
|-damage|p1a: Jirachi|232\/341|[from] Stealth Rock
|turn|17
|
|move|p1a: Jirachi|Iron Head|p2a: Entei
|-resisted|p2a: Entei
|-damage|p2a: Entei|179\/371
|cant|p2a: Entei|flinch
|
|turn|18
|c|âCat8752|course
|c|âCat8752|HAX GODS
|
|move|p1a: Jirachi|Iron Head|p2a: Entei
|-resisted|p2a: Entei
|-damage|p2a: Entei|109\/371
|move|p2a: Entei|Sacred Fire|p1a: Jirachi
|-supereffective|p1a: Jirachi
|-damage|p1a: Jirachi|0 fnt
|faint|p1a: Jirachi
|
|c|âCat8752|there we go
|c|âCat8752|no flinch, zone
|
|switch|p1a: Medicham|Medicham-Mega, F|245\/261
|-damage|p1a: Medicham|229\/261|[from] Stealth Rock
|turn|19
|
|switch|p2a: Brobat|Crobat, M|190\/373
|move|p1a: Medicham|Fake Out|p2a: Brobat
|-damage|p2a: Brobat|83\/373
|
|-heal|p2a: Brobat|106\/373|[from] item: Black Sludge
|turn|20
|
|switch|p1a: Doublade|Doublade, M|263\/312
|-damage|p1a: Doublade|244\/312|[from] Stealth Rock
|move|p2a: Brobat|Brave Bird|p1a: Doublade
|-crit|p1a: Doublade
|-resisted|p1a: Doublade
|-damage|p1a: Doublade|196\/312
|-damage|p2a: Brobat|90\/373|[from] recoil|[of] p1a: Doublade
|
|-heal|p2a: Brobat|113\/373|[from] item: Black Sludge
|turn|21
|
|move|p2a: Brobat|Roost|p2a: Brobat
|-heal|p2a: Brobat|300\/373
|move|p1a: Doublade|Swords Dance|p1a: Doublade
|-boost|p1a: Doublade|atk|2
|
|-heal|p2a: Brobat|323\/373|[from] item: Black Sludge
|turn|22
|
|move|p2a: Brobat|U-turn|p1a: Doublade
|-resisted|p1a: Doublade
|-damage|p1a: Doublade|190\/312
|c|âCat8752|gg
|
|switch|p2a: Entei|Entei, shiny|109\/371
|-ability|p2a: Entei|Pressure
|move|p1a: Doublade|Swords Dance|p1a: Doublade
|-boost|p1a: Doublade|atk|2
|
|turn|23
|
|move|p1a: Doublade|Shadow Sneak|p2a: Entei
|-damage|p2a: Entei|0 fnt
|faint|p2a: Entei
|
|c|âCat8752|yup
|c|âCat8752|that's the game
|
|switch|p2a: Brobat|Crobat, M|323\/373
|turn|24
|
|move|p1a: Doublade|Shadow Sneak|p2a: Brobat
|-damage|p2a: Brobat|73\/373
|move|p2a: Brobat|Brave Bird|p1a: Doublade
|-resisted|p1a: Doublade
|-damage|p1a: Doublade|154\/312
|-damage|p2a: Brobat|61\/373|[from] recoil|[of] p1a: Doublade
|
|-heal|p2a: Brobat|84\/373|[from] item: Black Sludge
|turn|25
|c|âtuRkles|gg
|
|move|p1a: Doublade|Shadow Sneak|p2a: Brobat
|-damage|p2a: Brobat|0 fnt
|faint|p2a: Brobat
|
|win|tuRkles
|raw|Ladder updating...
|raw|tuRkles's rating: 1599 &rarr; <strong>1610<\/strong><br \/>(+11 for winning)
|raw|Cat8752's rating: 1436 &rarr; <strong>1425<\/strong><br \/>(-11 for losing)