|join|sbb wont get gud
|join|Fritz Smith
|player|p1|sbb wont get gud|171
|player|p2|Fritz Smith|39
|gametype|singles
|gen|6
|tier|UU
|rated
|rule|Sleep Clause Mod: Limit one foe put to sleep
|rule|Species Clause: Limit one of each PokÃ©mon
|rule|OHKO Clause: OHKO moves are banned
|rule|Moody Clause: Moody is banned
|rule|Evasion Moves Clause: Evasion moves are banned
|rule|Endless Battle Clause: Forcing endless battles is banned
|rule|HP Percentage Mod: HP is shown in percentages
|clearpoke
|poke|p1|Mienshao, F
|poke|p1|Empoleon, M
|poke|p1|Pidgeot, F
|poke|p1|Krookodile, M
|poke|p1|Florges, F
|poke|p1|Zygarde
|poke|p2|Sharpedo, M
|poke|p2|Nidoqueen, F
|poke|p2|Forretress, M, shiny
|poke|p2|Mienshao, M, shiny
|poke|p2|Vaporeon, F
|poke|p2|Whimsicott, M, shiny
|rule|Swagger Clause: Swagger is banned
|rule|Baton Pass Clause: Limit one PokÃ©mon knowing Baton Pass
|teampreview
|
|start
|switch|p1a: Krookodile|Krookodile, M|331\/331
|switch|p2a: Carl Douglas|Mienshao, M, shiny|271\/271
|-ability|p1a: Krookodile|Intimidate|[of] p2a: Carl Douglas
|-unboost|p2a: Carl Douglas|atk|1
|turn|1
|
|move|p2a: Carl Douglas|U-turn|p1a: Krookodile
|-supereffective|p1a: Krookodile
|-damage|p1a: Krookodile|195\/331
|
|switch|p2a: Gotye|Whimsicott, M, shiny|323\/323
|move|p1a: Krookodile|Knock Off|p2a: Gotye
|-resisted|p2a: Gotye
|-damage|p2a: Gotye|251\/323
|-enditem|p2a: Gotye|Leftovers|[from] move: Knock Off|[of] p1a: Krookodile
|
|turn|2
|
|switch|p1a: Empoleon|Empoleon, M|361\/361
|move|p2a: Gotye|Encore|p1a: Empoleon
|-fail|p1a: Empoleon
|
|turn|3
|
|move|p2a: Gotye|U-turn|p1a: Empoleon
|-resisted|p1a: Empoleon
|-damage|p1a: Empoleon|342\/361
|
|switch|p2a: Ruto|Vaporeon, F|464\/464
|move|p1a: Empoleon|Stealth Rock|p2a: Ruto
|-sidestart|p2: Fritz Smith|move: Stealth Rock
|
|-heal|p1a: Empoleon|361\/361|[from] item: Leftovers
|turn|4
|
|switch|p1a: Florges|Florges, F|357\/357
|move|p2a: Ruto|Scald|p1a: Florges
|-damage|p1a: Florges|288\/357
|
|-heal|p1a: Florges|310\/357|[from] item: Leftovers
|turn|5
|
|switch|p1a: Krookodile|Krookodile, M|195\/331
|-ability|p1a: Krookodile|Intimidate|[of] p2a: Ruto
|-unboost|p2a: Ruto|atk|1
|switch|p2a: Golden Freddy|Forretress, M, shiny|354\/354
|-damage|p2a: Golden Freddy|310\/354|[from] Stealth Rock
|
|-heal|p2a: Golden Freddy|332\/354|[from] item: Leftovers
|turn|6
|
|move|p1a: Krookodile|Knock Off|p2a: Golden Freddy
|-damage|p2a: Golden Freddy|218\/354
|-enditem|p2a: Golden Freddy|Leftovers|[from] move: Knock Off|[of] p1a: Krookodile
|move|p2a: Golden Freddy|Toxic|p1a: Krookodile
|-status|p1a: Krookodile|tox
|
|-damage|p1a: Krookodile|175\/331 tox|[from] psn
|turn|7
|
|switch|p1a: Empoleon|Empoleon, M|361\/361
|move|p2a: Golden Freddy|Rapid Spin|p1a: Empoleon
|-resisted|p1a: Empoleon
|-damage|p1a: Empoleon|353\/361
|-sideend|p2: Fritz Smith|Stealth Rock|[from] move: Rapid Spin|[of] p2a: Golden Freddy
|
|-heal|p1a: Empoleon|361\/361|[from] item: Leftovers
|turn|8
|
|move|p1a: Empoleon|Hydro Pump|p2a: Golden Freddy|[miss]
|-miss|p1a: Empoleon|p2a: Golden Freddy
|move|p2a: Golden Freddy|Volt Switch|p1a: Empoleon
|-supereffective|p1a: Empoleon
|-damage|p1a: Empoleon|281\/361
|
|switch|p2a: Carl Douglas|Mienshao, M, shiny|271\/271
|
|-heal|p1a: Empoleon|303\/361|[from] item: Leftovers
|turn|9
|
|switch|p1a: Florges|Florges, F|310\/357
|move|p2a: Carl Douglas|High Jump Kick|p1a: Florges|[miss]
|-miss|p2a: Carl Douglas|p1a: Florges
|-damage|p2a: Carl Douglas|136\/271|[from] highjumpkick
|
|-heal|p1a: Florges|332\/357|[from] item: Leftovers
|turn|10
|
|switch|p2a: Nihoqueen|Nidoqueen, F|383\/383
|switch|p1a: Krookodile|Krookodile, M|175\/331 tox
|-ability|p1a: Krookodile|Intimidate|[of] p2a: Nihoqueen
|-unboost|p2a: Nihoqueen|atk|1
|
|-damage|p1a: Krookodile|155\/331 tox|[from] psn
|turn|11
|
|switch|p2a: Gotye|Whimsicott, M, shiny|251\/323
|move|p1a: Krookodile|Earthquake|p2a: Gotye
|-resisted|p2a: Gotye
|-damage|p2a: Gotye|189\/323
|
|-damage|p1a: Krookodile|115\/331 tox|[from] psn
|turn|12
|
|switch|p1a: Empoleon|Empoleon, M|303\/361
|move|p2a: Gotye|Leech Seed|p1a: Empoleon
|-start|p1a: Empoleon|move: Leech Seed
|
|-heal|p1a: Empoleon|325\/361|[from] item: Leftovers
|-damage|p1a: Empoleon|280\/361|[from] Leech Seed|[of] p2a: Gotye
|-heal|p2a: Gotye|234\/323|[silent]
|turn|13
|
|move|p2a: Gotye|U-turn|p1a: Empoleon
|-resisted|p1a: Empoleon
|-damage|p1a: Empoleon|259\/361
|
|switch|p2a: Ruto|Vaporeon, F|464\/464
|move|p1a: Empoleon|Stealth Rock|p2a: Ruto
|-sidestart|p2: Fritz Smith|move: Stealth Rock
|
|-heal|p1a: Empoleon|281\/361|[from] item: Leftovers
|-damage|p1a: Empoleon|236\/361|[from] Leech Seed|[of] p2a: Ruto
|turn|14
|
|switch|p1a: Florges|Florges, F|332\/357
|move|p2a: Ruto|Scald|p1a: Florges
|-damage|p1a: Florges|259\/357
|
|-heal|p1a: Florges|281\/357|[from] item: Leftovers
|turn|15
|
|switch|p2a: Nihoqueen|Nidoqueen, F|383\/383
|-damage|p2a: Nihoqueen|360\/383|[from] Stealth Rock
|move|p1a: Florges|Aromatherapy|p1a: Florges
|-cureteam|p1a: Florges|[from] move: Aromatherapy
|
|-heal|p2a: Nihoqueen|383\/383|[from] item: Black Sludge
|-heal|p1a: Florges|303\/357|[from] item: Leftovers
|turn|16
|
|switch|p1a: Krookodile|Krookodile, M|115\/331
|-ability|p1a: Krookodile|Intimidate|[of] p2a: Nihoqueen
|-unboost|p2a: Nihoqueen|atk|1
|move|p2a: Nihoqueen|Sludge Wave|p1a: Krookodile
|-resisted|p1a: Krookodile
|-damage|p1a: Krookodile|37\/331
|
|turn|17
|
|move|p1a: Krookodile|Pursuit|p2a: Nihoqueen|[from]Pursuit
|-damage|p2a: Nihoqueen|259\/383
|switch|p2a: Gotye|Whimsicott, M, shiny|234\/323
|-damage|p2a: Gotye|194\/323|[from] Stealth Rock
|
|turn|18
|
|switch|p1a: Empoleon|Empoleon, M|236\/361
|move|p2a: Gotye|Leech Seed|p1a: Empoleon
|-start|p1a: Empoleon|move: Leech Seed
|
|-heal|p1a: Empoleon|258\/361|[from] item: Leftovers
|-damage|p1a: Empoleon|213\/361|[from] Leech Seed|[of] p2a: Gotye
|-heal|p2a: Gotye|239\/323|[silent]
|turn|19
|
|switch|p1a: Pidgeot|Pidgeot, F|307\/307
|move|p2a: Gotye|U-turn|p1a: Pidgeot
|-resisted|p1a: Pidgeot
|-damage|p1a: Pidgeot|285\/307
|
|switch|p2a: Carl Douglas|Mienshao, M, shiny|136\/271
|-damage|p2a: Carl Douglas|120\/271|[from] Stealth Rock
|
|turn|20
|
|switch|p1a: Florges|Florges, F|303\/357
|move|p2a: Carl Douglas|High Jump Kick|p1a: Florges
|-resisted|p1a: Florges
|-damage|p1a: Florges|174\/357
|
|-heal|p1a: Florges|196\/357|[from] item: Leftovers
|turn|21
|
|switch|p2a: Nihoqueen|Nidoqueen, F|259\/383
|-damage|p2a: Nihoqueen|236\/383|[from] Stealth Rock
|move|p1a: Florges|Synthesis|p1a: Florges
|-heal|p1a: Florges|357\/357
|
|-heal|p2a: Nihoqueen|259\/383|[from] item: Black Sludge
|turn|22
|
|switch|p1a: Pidgeot|Pidgeot, F|285\/307
|move|p2a: Nihoqueen|Sludge Wave|p1a: Pidgeot
|-damage|p1a: Pidgeot|123\/307
|
|-heal|p2a: Nihoqueen|282\/383|[from] item: Black Sludge
|turn|23
|
|detailschange|p1a: Pidgeot|Pidgeot-Mega, F
|message|Pidgeot has Mega Evolved into Mega Pidgeot!
|move|p1a: Pidgeot|Hurricane|p2a: Nihoqueen
|-damage|p2a: Nihoqueen|56\/383
|-start|p2a: Nihoqueen|confusion
|-activate|p2a: Nihoqueen|confusion
|-damage|p2a: Nihoqueen|36\/383|[from] confusion
|
|-heal|p2a: Nihoqueen|59\/383|[from] item: Black Sludge
|turn|24
|
|move|p1a: Pidgeot|Hurricane|p2a: Nihoqueen
|-damage|p2a: Nihoqueen|0 fnt
|faint|p2a: Nihoqueen
|
|
|switch|p2a: Carl Douglas|Mienshao, M, shiny|120\/271
|-damage|p2a: Carl Douglas|104\/271|[from] Stealth Rock
|turn|25
|
|switch|p1a: Florges|Florges, F|357\/357
|move|p2a: Carl Douglas|High Jump Kick|p1a: Florges
|-resisted|p1a: Florges
|-damage|p1a: Florges|225\/357
|
|-heal|p1a: Florges|247\/357|[from] item: Leftovers
|turn|26
|
|switch|p2a: Ruto|Vaporeon, F|464\/464
|-damage|p2a: Ruto|406\/464|[from] Stealth Rock
|move|p1a: Florges|Moonblast|p2a: Ruto
|-damage|p2a: Ruto|298\/464
|
|-heal|p1a: Florges|269\/357|[from] item: Leftovers
|-heal|p2a: Ruto|327\/464|[from] item: Leftovers
|turn|27
|
|move|p1a: Florges|Calm Mind|p1a: Florges
|-boost|p1a: Florges|spa|1
|-boost|p1a: Florges|spd|1
|move|p2a: Ruto|Scald|p1a: Florges
|-damage|p1a: Florges|221\/357
|
|-heal|p1a: Florges|243\/357|[from] item: Leftovers
|-heal|p2a: Ruto|356\/464|[from] item: Leftovers
|turn|28
|
|move|p1a: Florges|Calm Mind|p1a: Florges
|-boost|p1a: Florges|spa|1
|-boost|p1a: Florges|spd|1
|move|p2a: Ruto|Scald|p1a: Florges
|-damage|p1a: Florges|206\/357
|-status|p1a: Florges|brn
|
|-heal|p1a: Florges|228\/357 brn|[from] item: Leftovers
|-heal|p2a: Ruto|385\/464|[from] item: Leftovers
|-damage|p1a: Florges|184\/357 brn|[from] brn
|turn|29
|
|switch|p2a: Gotye|Whimsicott, M, shiny|239\/323
|-damage|p2a: Gotye|199\/323|[from] Stealth Rock
|move|p1a: Florges|Synthesis|p1a: Florges
|-heal|p1a: Florges|357\/357 brn
|
|-damage|p1a: Florges|313\/357 brn|[from] brn
|turn|30
|
|move|p2a: Gotye|Encore|p1a: Florges
|-start|p1a: Florges|Encore
|move|p1a: Florges|Synthesis|p1a: Florges
|-heal|p1a: Florges|357\/357 brn
|
|-damage|p1a: Florges|313\/357 brn|[from] brn
|turn|31
|
|switch|p1a: Empoleon|Empoleon, M|213\/361
|move|p2a: Gotye|Leech Seed|p1a: Empoleon
|-start|p1a: Empoleon|move: Leech Seed
|
|-heal|p1a: Empoleon|235\/361|[from] item: Leftovers
|-damage|p1a: Empoleon|190\/361|[from] Leech Seed|[of] p2a: Gotye
|-heal|p2a: Gotye|244\/323|[silent]
|turn|32
|
|move|p2a: Gotye|U-turn|p1a: Empoleon
|-resisted|p1a: Empoleon
|-damage|p1a: Empoleon|169\/361
|
|switch|p2a: Ruto|Vaporeon, F|385\/464
|-damage|p2a: Ruto|327\/464|[from] Stealth Rock
|move|p1a: Empoleon|Grass Knot|p2a: Ruto
|-supereffective|p2a: Ruto
|-damage|p2a: Ruto|201\/464
|
|-heal|p1a: Empoleon|191\/361|[from] item: Leftovers
|-heal|p2a: Ruto|230\/464|[from] item: Leftovers
|-damage|p1a: Empoleon|146\/361|[from] Leech Seed|[of] p2a: Ruto
|-heal|p2a: Ruto|275\/464|[silent]
|turn|33
|
|switch|p1a: Krookodile|Krookodile, M|37\/331
|-ability|p1a: Krookodile|Intimidate|[of] p2a: Ruto
|-unboost|p2a: Ruto|atk|1
|move|p2a: Ruto|Wish|p2a: Ruto
|
|-heal|p2a: Ruto|304\/464|[from] item: Leftovers
|turn|34
|
|move|p2a: Ruto|Protect|p2a: Ruto
|-singleturn|p2a: Ruto|Protect
|move|p1a: Krookodile|Knock Off|p2a: Ruto
|-activate|p2a: Ruto|Protect
|
|-heal|p2a: Ruto|464\/464|[from] move: Wish|[wisher] Ruto
|turn|35
|
|move|p1a: Krookodile|Knock Off|p2a: Ruto
|-damage|p2a: Ruto|227\/464
|-enditem|p2a: Ruto|Leftovers|[from] move: Knock Off|[of] p1a: Krookodile
|move|p2a: Ruto|Wish|p2a: Ruto
|
|turn|36
|
|move|p1a: Krookodile|Earthquake|p2a: Ruto
|-damage|p2a: Ruto|25\/464
|move|p2a: Ruto|Scald|p1a: Krookodile
|-supereffective|p1a: Krookodile
|-damage|p1a: Krookodile|0 fnt
|faint|p1a: Krookodile
|
|-heal|p2a: Ruto|257\/464|[from] move: Wish|[wisher] Ruto
|
|switch|p1a: Zygarde|Zygarde|357\/357
|-ability|p1a: Zygarde|Aura Break
|turn|37
|
|switch|p2a: Gotye|Whimsicott, M, shiny|244\/323
|-damage|p2a: Gotye|204\/323|[from] Stealth Rock
|move|p1a: Zygarde|Earthquake|p2a: Gotye
|-resisted|p2a: Gotye
|-damage|p2a: Gotye|122\/323
|-damage|p1a: Zygarde|322\/357|[from] item: Life Orb
|
|turn|38
|
|switch|p1a: Empoleon|Empoleon, M|146\/361
|move|p2a: Gotye|Leech Seed|p1a: Empoleon
|-start|p1a: Empoleon|move: Leech Seed
|
|-heal|p1a: Empoleon|168\/361|[from] item: Leftovers
|-damage|p1a: Empoleon|123\/361|[from] Leech Seed|[of] p2a: Gotye
|-heal|p2a: Gotye|167\/323|[silent]
|turn|39
|
|move|p2a: Gotye|U-turn|p1a: Empoleon
|-resisted|p1a: Empoleon
|-damage|p1a: Empoleon|102\/361
|
|switch|p2a: Golden Freddy|Forretress, M, shiny|218\/354
|-damage|p2a: Golden Freddy|174\/354|[from] Stealth Rock
|move|p1a: Empoleon|Grass Knot|p2a: Golden Freddy
|-crit|p2a: Golden Freddy
|-resisted|p2a: Golden Freddy
|-damage|p2a: Golden Freddy|106\/354
|
|-heal|p1a: Empoleon|124\/361|[from] item: Leftovers
|-damage|p1a: Empoleon|79\/361|[from] Leech Seed|[of] p2a: Golden Freddy
|-heal|p2a: Golden Freddy|151\/354|[silent]
|turn|40
|
|move|p1a: Empoleon|Hydro Pump|p2a: Golden Freddy
|-damage|p2a: Golden Freddy|0 fnt
|faint|p2a: Golden Freddy
|
|-heal|p1a: Empoleon|101\/361|[from] item: Leftovers
|
|switch|p2a: Ruto|Vaporeon, F|257\/464
|-damage|p2a: Ruto|199\/464|[from] Stealth Rock
|turn|41
|
|move|p1a: Empoleon|Grass Knot|p2a: Ruto
|-supereffective|p2a: Ruto
|-damage|p2a: Ruto|65\/464
|move|p2a: Ruto|Wish|p2a: Ruto
|
|-heal|p1a: Empoleon|123\/361|[from] item: Leftovers
|-damage|p1a: Empoleon|78\/361|[from] Leech Seed|[of] p2a: Ruto
|-heal|p2a: Ruto|110\/464|[silent]
|turn|42
|
|switch|p1a: Florges|Florges, F|313\/357 brn
|move|p2a: Ruto|Protect|p2a: Ruto
|-fail|p2a: Ruto
|
|-heal|p2a: Ruto|342\/464|[from] move: Wish|[wisher] Ruto
|-heal|p1a: Florges|335\/357 brn|[from] item: Leftovers
|-damage|p1a: Florges|291\/357 brn|[from] brn
|turn|43
|
|switch|p2a: Gotye|Whimsicott, M, shiny|167\/323
|-damage|p2a: Gotye|127\/323|[from] Stealth Rock
|move|p1a: Florges|Aromatherapy|p1a: Florges
|-cureteam|p1a: Florges|[from] move: Aromatherapy
|
|-heal|p1a: Florges|313\/357|[from] item: Leftovers
|turn|44
|
|switch|p1a: Pidgeot|Pidgeot-Mega, F|123\/307
|move|p2a: Gotye|Encore|p1a: Pidgeot
|-fail|p1a: Pidgeot
|
|turn|45
|
|switch|p2a: Carl Douglas|Mienshao, M, shiny|104\/271
|-damage|p2a: Carl Douglas|88\/271|[from] Stealth Rock
|move|p1a: Pidgeot|Hurricane|p2a: Carl Douglas
|-supereffective|p2a: Carl Douglas
|-damage|p2a: Carl Douglas|0 fnt
|faint|p2a: Carl Douglas
|
|
|switch|p2a: Pedo Shark|Sharpedo, M|281\/281
|-damage|p2a: Pedo Shark|246\/281|[from] Stealth Rock
|turn|46
|
|move|p2a: Pedo Shark|Protect|p2a: Pedo Shark
|-singleturn|p2a: Pedo Shark|Protect
|move|p1a: Pidgeot|Substitute|p1a: Pidgeot
|-start|p1a: Pidgeot|Substitute
|-damage|p1a: Pidgeot|47\/307
|
|-boost|p2a: Pedo Shark|spe|1|[from] ability: Speed Boost
|turn|47
|
|switch|p2a: Ruto|Vaporeon, F|342\/464
|-damage|p2a: Ruto|284\/464|[from] Stealth Rock
|move|p1a: Pidgeot|Hurricane|p2a: Ruto
|-damage|p2a: Ruto|88\/464
|-start|p2a: Ruto|confusion
|
|turn|48
|-message|Fritz Smith forfeited.
|leave|Fritz Smith
|
|win|sbb wont get gud
|raw|Ladder updating...
|player|p2