|join|sbb wont get gud
|join|MrMaxAwesome
|player|p1|sbb wont get gud|171
|player|p2|MrMaxAwesome|120
|gametype|singles
|gen|6
|tier|UU
|rated
|rule|Sleep Clause Mod: Limit one foe put to sleep
|rule|Species Clause: Limit one of each PokÃ©mon
|rule|OHKO Clause: OHKO moves are banned
|rule|Moody Clause: Moody is banned
|rule|Evasion Moves Clause: Evasion moves are banned
|rule|Endless Battle Clause: Forcing endless battles is banned
|rule|HP Percentage Mod: HP is shown in percentages
|clearpoke
|poke|p1|Mienshao, F
|poke|p1|Empoleon, F
|poke|p1|Pidgeot, M
|poke|p1|Krookodile, F
|poke|p1|Florges, F
|poke|p1|Zygarde
|poke|p2|Porygon2
|poke|p2|Escavalier, F
|poke|p2|Haxorus, M, shiny
|poke|p2|Yanmega, F
|poke|p2|Blastoise, M
|poke|p2|Dugtrio, F, shiny
|rule|Swagger Clause: Swagger is banned
|rule|Baton Pass Clause: Limit one PokÃ©mon knowing Baton Pass
|teampreview
|
|start
|switch|p1a: Mienshao|Mienshao, F|271\/271
|switch|p2a: Escavalier|Escavalier, F|344\/344
|turn|1
|
|move|p1a: Mienshao|U-turn|p2a: Escavalier
|-resisted|p2a: Escavalier
|-damage|p2a: Escavalier|302\/344
|
|switch|p1a: Empoleon|Empoleon, F|361\/361
|move|p2a: Escavalier|Megahorn|p1a: Empoleon
|-resisted|p1a: Empoleon
|-damage|p1a: Empoleon|238\/361
|
|-heal|p1a: Empoleon|260\/361|[from] item: Leftovers
|turn|2
|
|move|p1a: Empoleon|Hydro Pump|p2a: Escavalier
|-damage|p2a: Escavalier|181\/344
|move|p2a: Escavalier|Knock Off|p1a: Empoleon
|-damage|p1a: Empoleon|119\/361
|-enditem|p1a: Empoleon|Leftovers|[from] move: Knock Off|[of] p2a: Escavalier
|
|turn|3
|
|move|p1a: Empoleon|Hydro Pump|p2a: Escavalier
|-damage|p2a: Escavalier|0 fnt
|faint|p2a: Escavalier
|
|
|switch|p2a: Dugtrio|Dugtrio, F, shiny|211\/211
|turn|4
|
|move|p2a: Dugtrio|Earthquake|p1a: Empoleon
|-supereffective|p1a: Empoleon
|-damage|p1a: Empoleon|0 fnt
|faint|p1a: Empoleon
|
|
|switch|p1a: Krookodile|Krookodile, F|331\/331
|-ability|p1a: Krookodile|Intimidate|[of] p2a: Dugtrio
|-unboost|p2a: Dugtrio|atk|1
|turn|5
|
|move|p2a: Dugtrio|Earthquake|p1a: Krookodile
|-damage|p1a: Krookodile|217\/331
|move|p1a: Krookodile|Pursuit|p2a: Dugtrio
|-damage|p2a: Dugtrio|67\/211
|
|turn|6
|
|move|p2a: Dugtrio|Reversal|p1a: Krookodile
|-supereffective|p1a: Krookodile
|-damage|p1a: Krookodile|85\/331
|move|p1a: Krookodile|Pursuit|p2a: Dugtrio
|-damage|p2a: Dugtrio|0 fnt
|faint|p2a: Dugtrio
|
|
|switch|p2a: Yanmega|Yanmega, F|313\/313
|turn|7
|
|move|p2a: Yanmega|Bug Buzz|p1a: Krookodile
|-supereffective|p1a: Krookodile
|-damage|p1a: Krookodile|0 fnt
|faint|p1a: Krookodile
|
|
|switch|p1a: Pidgeot|Pidgeot, M|307\/307
|turn|8
|
|switch|p2a: Porygon2|Porygon2|374\/374
|-ability|p2a: Porygon2|Keen Eye|[from] ability: Trace|[of] p1a: Pidgeot
|detailschange|p1a: Pidgeot|Pidgeot-Mega, M
|message|Pidgeot has Mega Evolved into Mega Pidgeot!
|move|p1a: Pidgeot|Hurricane|p2a: Porygon2
|-damage|p2a: Porygon2|272\/374
|
|turn|9
|
|switch|p1a: Florges|Florges, F|357\/357
|move|p2a: Porygon2|Thunderbolt|p1a: Florges
|-damage|p1a: Florges|307\/357
|
|-heal|p1a: Florges|329\/357|[from] item: Leftovers
|turn|10
|
|move|p1a: Florges|Calm Mind|p1a: Florges
|-boost|p1a: Florges|spa|1
|-boost|p1a: Florges|spd|1
|move|p2a: Porygon2|Toxic|p1a: Florges
|-status|p1a: Florges|tox
|
|-heal|p1a: Florges|351\/357 tox|[from] item: Leftovers
|-damage|p1a: Florges|329\/357 tox|[from] psn
|turn|11
|
|switch|p2a: Haxorus|Haxorus, M, shiny|302\/302
|-ability|p2a: Haxorus|Mold Breaker
|move|p1a: Florges|Calm Mind|p1a: Florges
|-boost|p1a: Florges|spa|1
|-boost|p1a: Florges|spd|1
|
|-heal|p1a: Florges|351\/357 tox|[from] item: Leftovers
|-damage|p1a: Florges|307\/357 tox|[from] psn
|turn|12
|
|move|p2a: Haxorus|Poison Jab|p1a: Florges
|-supereffective|p1a: Florges
|-damage|p1a: Florges|127\/357 tox
|move|p1a: Florges|Moonblast|p2a: Haxorus
|-supereffective|p2a: Haxorus
|-enditem|p2a: Haxorus|Focus Sash
|-damage|p2a: Haxorus|1\/302
|
|-heal|p1a: Florges|149\/357 tox|[from] item: Leftovers
|-damage|p1a: Florges|83\/357 tox|[from] psn
|turn|13
|
|move|p2a: Haxorus|Poison Jab|p1a: Florges
|-supereffective|p1a: Florges
|-damage|p1a: Florges|0 fnt
|faint|p1a: Florges
|
|
|switch|p1a: Pidgeot|Pidgeot-Mega, M|307\/307
|turn|14
|
|switch|p2a: Porygon2|Porygon2|272\/374
|-ability|p2a: Porygon2|No Guard|[from] ability: Trace|[of] p1a: Pidgeot
|move|p1a: Pidgeot|Hurricane|p2a: Porygon2
|-damage|p2a: Porygon2|172\/374
|
|turn|15
|
|switch|p1a: Mienshao|Mienshao, F|271\/271
|move|p2a: Porygon2|Recover|p2a: Porygon2
|-heal|p2a: Porygon2|359\/374
|
|turn|16
|
|switch|p2a: Haxorus|Haxorus, M, shiny|1\/302
|-ability|p2a: Haxorus|Mold Breaker
|move|p1a: Mienshao|High Jump Kick|p2a: Haxorus
|-damage|p2a: Haxorus|0 fnt
|faint|p2a: Haxorus
|
|
|switch|p2a: Yanmega|Yanmega, F|313\/313
|turn|17
|
|switch|p1a: Pidgeot|Pidgeot-Mega, M|307\/307
|move|p2a: Yanmega|Bug Buzz|p1a: Pidgeot
|-resisted|p1a: Pidgeot
|-damage|p1a: Pidgeot|37\/307
|
|turn|18
|
|switch|p1a: Mienshao|Mienshao, F|271\/271
|switch|p2a: Porygon2|Porygon2|359\/374
|-ability|p2a: Porygon2|Reckless|[from] ability: Trace|[of] p1a: Mienshao
|
|turn|19
|
|switch|p2a: Blastoise|Blastoise, M|358\/358
|move|p1a: Mienshao|High Jump Kick|p2a: Blastoise
|-damage|p2a: Blastoise|169\/358
|
|turn|20
|
|detailschange|p2a: Blastoise|Blastoise-Mega, M
|message|Blastoise has Mega Evolved into Mega Blastoise!
|move|p1a: Mienshao|High Jump Kick|p2a: Blastoise
|-damage|p2a: Blastoise|0 fnt
|faint|p2a: Blastoise
|
|
|switch|p2a: Yanmega|Yanmega, F|313\/313
|turn|21
|
|switch|p1a: Pidgeot|Pidgeot-Mega, M|37\/307
|move|p2a: Yanmega|Bug Buzz|p1a: Pidgeot
|-resisted|p1a: Pidgeot
|-damage|p1a: Pidgeot|0 fnt
|faint|p1a: Pidgeot
|
|
|switch|p1a: Mienshao|Mienshao, F|271\/271
|turn|22
|
|move|p1a: Mienshao|Knock Off|p2a: Yanmega
|-damage|p2a: Yanmega|175\/313
|-enditem|p2a: Yanmega|Choice Specs|[from] move: Knock Off|[of] p1a: Mienshao
|move|p2a: Yanmega|Bug Buzz|p1a: Mienshao
|-resisted|p1a: Mienshao
|-damage|p1a: Mienshao|31\/271
|
|turn|23
|
|switch|p1a: Zygarde|Zygarde|357\/357
|-ability|p1a: Zygarde|Aura Break
|move|p2a: Yanmega|Air Slash|p1a: Zygarde
|-damage|p1a: Zygarde|228\/357
|
|turn|24
|
|move|p2a: Yanmega|Air Slash|p1a: Zygarde
|-damage|p1a: Zygarde|95\/357
|cant|p1a: Zygarde|flinch
|
|turn|25
|
|move|p1a: Zygarde|Extreme Speed|p2a: Yanmega
|-damage|p2a: Yanmega|48\/313
|-damage|p1a: Zygarde|60\/357|[from] item: Life Orb
|move|p2a: Yanmega|Air Slash|p1a: Zygarde
|-damage|p1a: Zygarde|0 fnt
|faint|p1a: Zygarde
|
|
|switch|p1a: Mienshao|Mienshao, F|31\/271
|turn|26
|
|move|p1a: Mienshao|High Jump Kick|p2a: Yanmega
|-resisted|p2a: Yanmega
|-damage|p2a: Yanmega|0 fnt
|faint|p2a: Yanmega
|
|
|switch|p2a: Porygon2|Porygon2|359\/374
|-ability|p2a: Porygon2|Reckless|[from] ability: Trace|[of] p1a: Mienshao
|turn|27
|
|move|p1a: Mienshao|High Jump Kick|p2a: Porygon2
|-supereffective|p2a: Porygon2
|-damage|p2a: Porygon2|0 fnt
|faint|p2a: Porygon2
|
|win|sbb wont get gud
|raw|Ladder updating...