|J|Caesar Dressing
|J|Mistaken
|player|p1|Caesar Dressing|1
|player|p2|Mistaken|264
|gametype|singles
|gen|6
|tier|OU
|clearpoke
|poke|p1|Bisharp, M
|poke|p1|Landorus-Therian, M
|poke|p1|Keldeo
|poke|p1|Tyranitar, M
|poke|p1|Excadrill, M
|poke|p1|Conkeldurr, M
|poke|p2|Terrakion
|poke|p2|Charizard, M
|poke|p2|Venusaur, M
|poke|p2|Kyurem-Black
|poke|p2|Starmie
|poke|p2|Landorus, M
|rule|Swagger Clause: Swagger is banned
|rule|Baton Pass Clause: Limit one PokÃ©mon knowing Baton Pass
|rule|Sleep Clause Mod: Limit one foe put to sleep
|rule|Species Clause: Limit one of each PokÃ©mon
|rule|OHKO Clause: OHKO moves are banned
|rule|Moody Clause: Moody is banned
|rule|Evasion Moves Clause: Evasion moves are banned
|rule|Endless Battle Clause: Forcing endless battles is banned
|rule|HP Percentage Mod: HP is shown in percentages
|teampreview
|c|âCaesar Dressing|oops
|c|âMistaken|I JUST REALIZED SOMETHING BIG
|c|âCaesar Dressing|3 move conk team
|c|âCaesar Dressing|what
|
|start
|switch|p1a: Conkeldurr|Conkeldurr, M|403\/403
|switch|p2a: Terrakion|Terrakion|323\/323
|turn|1
|c|âMistaken|I PLAY MY BEST WHEN IM HAPPY
|
|move|p2a: Terrakion|Stealth Rock|p1a: Conkeldurr
|-sidestart|p1: Caesar Dressing|move: Stealth Rock
|move|p1a: Conkeldurr|Drain Punch|p2a: Terrakion
|-supereffective|p2a: Terrakion
|-enditem|p2a: Terrakion|Focus Sash
|-damage|p2a: Terrakion|1\/323
|
|turn|2
|c|âCaesar Dressing|really
|
|move|p1a: Conkeldurr|Mach Punch|p2a: Terrakion
|-supereffective|p2a: Terrakion
|-damage|p2a: Terrakion|0 fnt
|faint|p2a: Terrakion
|
|c|âMistaken|yeah 
|c|âCaesar Dressing|same goes for me
|c|âMistaken|I'm playing like 3x better
|
|switch|p2a: Starmie|Starmie|261\/261
|turn|3
|c|âCaesar Dressing|what brings you joy at this hour
|
|move|p2a: Starmie|Psyshock|p1a: Conkeldurr
|-supereffective|p1a: Conkeldurr
|-damage|p1a: Conkeldurr|88\/403
|-damage|p2a: Starmie|235\/261|[from] item: Life Orb
|move|p1a: Conkeldurr|Knock Off|p2a: Starmie
|-supereffective|p2a: Starmie
|-damage|p2a: Starmie|0 fnt
|-enditem|p2a: Starmie|Life Orb|[from] move: Knock Off|[of] p1a: Conkeldurr
|faint|p2a: Starmie
|
|c|âMistaken|that miss click on lil manaphy
|c|âCaesar Dressing|that was pure gold
|c|âMistaken|and pandora is playing good music
|
|switch|p2a: Landorus|Landorus, M|319\/319
|turn|4
|
|switch|p1a: Tyranitar|Tyranitar, M|384\/384
|-damage|p1a: Tyranitar|336\/384|[from] Stealth Rock
|-weather|Sandstorm
|move|p2a: Landorus|Earth Power|p1a: Tyranitar
|-supereffective|p1a: Tyranitar
|-damage|p1a: Tyranitar|40\/384
|
|-weather|Sandstorm|[upkeep]
|turn|5
|
|switch|p1a: Landorus-Therian|Landorus-Therian, M|319\/319
|-damage|p1a: Landorus-Therian|280\/319|[from] Stealth Rock
|-ability|p1a: Landorus-Therian|Intimidate|[of] p2a: Landorus
|-unboost|p2a: Landorus|atk|1
|move|p2a: Landorus|Earth Power|p1a: Landorus-Therian
|-immune|p1a: Landorus-Therian|[msg]
|
|-weather|Sandstorm|[upkeep]
|turn|6
|
|move|p1a: Landorus-Therian|Knock Off|p2a: Landorus
|-damage|p2a: Landorus|189\/319
|-enditem|p2a: Landorus|Life Orb|[from] move: Knock Off|[of] p1a: Landorus-Therian
|move|p2a: Landorus|Psychic|p1a: Landorus-Therian
|-damage|p1a: Landorus-Therian|121\/319
|
|-weather|Sandstorm|[upkeep]
|turn|7
|
|switch|p1a: Excadrill|Excadrill, M|361\/361
|-damage|p1a: Excadrill|350\/361|[from] Stealth Rock
|move|p2a: Landorus|Earth Power|p1a: Excadrill
|-supereffective|p1a: Excadrill
|-damage|p1a: Excadrill|0 fnt
|faint|p1a: Excadrill
|
|-weather|Sandstorm|[upkeep]
|c|âCaesar Dressing|hjkthtgf
|c|âCaesar Dressing|dasf;hlg
|
|switch|p1a: Keldeo|Keldeo|323\/323
|-damage|p1a: Keldeo|303\/323|[from] Stealth Rock
|turn|8
|c|âMistaken|i told u I'm on point
|c|âCaesar Dressing|reminds me of this
|
|switch|p2a: Kyurem-Black|Kyurem-Black|391\/391
|-ability|p2a: Kyurem-Black|Teravolt
|move|p1a: Keldeo|Scald|p2a: Kyurem-Black
|-resisted|p2a: Kyurem-Black
|-damage|p2a: Kyurem-Black|273\/391
|-status|p2a: Kyurem-Black|brn
|
|-weather|Sandstorm|[upkeep]
|-damage|p1a: Keldeo|283\/323|[from] sandstorm
|-damage|p2a: Kyurem-Black|249\/391 brn|[from] sandstorm
|-damage|p2a: Kyurem-Black|201\/391 brn|[from] brn
|turn|9
|c|âMistaken|ur hax
|c|âMistaken|bring me pain
|c|âCaesar Dressing|lol
|
|switch|p1a: Landorus-Therian|Landorus-Therian, M|121\/319
|-damage|p1a: Landorus-Therian|82\/319|[from] Stealth Rock
|-ability|p1a: Landorus-Therian|Intimidate|[of] p2a: Kyurem-Black
|-unboost|p2a: Kyurem-Black|atk|1
|move|p2a: Kyurem-Black|Fusion Bolt|p1a: Landorus-Therian
|-immune|p1a: Landorus-Therian|[msg]
|
|-weather|Sandstorm|[upkeep]
|-damage|p2a: Kyurem-Black|177\/391 brn|[from] sandstorm
|-damage|p2a: Kyurem-Black|129\/391 brn|[from] brn
|turn|10
|c|âCaesar Dressing|watch this real quick
|c|âCaesar Dressing|http:\/\/replay.pokemonshowdown.com\/ou-198881513
|c|âMistaken|i hit outrag
|c|âMistaken|e
|c|âCaesar Dressing|was vs a friend
|
|move|p1a: Landorus-Therian|U-turn|p2a: Kyurem-Black
|-damage|p2a: Kyurem-Black|31\/391 brn
|
|switch|p1a: Tyranitar|Tyranitar, M|40\/384
|-damage|p1a: Tyranitar|0 fnt|[from] Stealth Rock
|faint|p1a: Tyranitar
|move|p2a: Kyurem-Black|Outrage|p1: Tyranitar|[notarget]
|-notarget
|
|-weather|Sandstorm|[upkeep]
|-damage|p2a: Kyurem-Black|7\/391 brn|[from] sandstorm
|-damage|p2a: Kyurem-Black|0 fnt|[from] brn
|faint|p2a: Kyurem-Black
|
|switch|p1a: Keldeo|Keldeo|283\/323
|switch|p2a: Charizard|Charizard, M|297\/297
|-damage|p1a: Keldeo|263\/323|[from] Stealth Rock
|turn|11
|c|âCaesar Dressing|did you see it
|c|âMistaken|yeah
|
|switch|p1a: Conkeldurr|Conkeldurr, M|88\/403
|-damage|p1a: Conkeldurr|63\/403|[from] Stealth Rock
|detailschange|p2a: Charizard|Charizard-Mega-Y, M
|-mega|p2a: Charizard|Charizard|Charizardite Y
|-weather|SunnyDay
|move|p2a: Charizard|Solar Beam|p1a: Conkeldurr|[still]
|-prepare|p2a: Charizard|Solar Beam|p1a: Conkeldurr
|-anim|p2a: Charizard|Solar Beam|p1a: Conkeldurr
|-damage|p1a: Conkeldurr|0 fnt
|faint|p1a: Conkeldurr
|
|-weather|SunnyDay|[upkeep]
|
|switch|p1a: Landorus-Therian|Landorus-Therian, M|82\/319
|-damage|p1a: Landorus-Therian|43\/319|[from] Stealth Rock
|-ability|p1a: Landorus-Therian|Intimidate|[of] p2a: Charizard
|-unboost|p2a: Charizard|atk|1
|turn|12
|
|switch|p2a: Landorus|Landorus, M|189\/319
|move|p1a: Landorus-Therian|Earthquake|p2a: Landorus
|-immune|p2a: Landorus|[msg]
|
|-weather|SunnyDay|[upkeep]
|turn|13
|
|move|p1a: Landorus-Therian|Earthquake|p2a: Landorus
|-immune|p2a: Landorus|[msg]
|move|p2a: Landorus|Earth Power|p1a: Landorus-Therian
|-immune|p1a: Landorus-Therian|[msg]
|
|-weather|SunnyDay|[upkeep]
|turn|14
|
|switch|p1a: Bisharp|Bisharp, M|271\/271
|-damage|p1a: Bisharp|255\/271|[from] Stealth Rock
|move|p2a: Landorus|Psychic|p1a: Bisharp
|-immune|p1a: Bisharp|[msg]
|
|-weather|SunnyDay|[upkeep]
|turn|15
|c|âMistaken|fine ....
|c|âMistaken|no
|c|âMistaken|u ass
|
|move|p1a: Bisharp|Sucker Punch|p2a: Landorus
|-damage|p2a: Landorus|0 fnt
|-damage|p1a: Bisharp|228\/271|[from] item: Life Orb
|faint|p2a: Landorus
|
|-weather|none
|c|âMistaken|i was doing u a favor
|c|âMistaken|u ass
|c|âCaesar Dressing|lol
|
|switch|p2a: Charizard|Charizard-Mega-Y, M|297\/297
|-weather|SunnyDay
|turn|16
|
|move|p1a: Bisharp|Sucker Punch|p2a: Charizard
|-crit|p2a: Charizard
|-damage|p2a: Charizard|0 fnt
|-damage|p1a: Bisharp|201\/271|[from] item: Life Orb
|faint|p2a: Charizard
|
|-weather|SunnyDay|[upkeep]
|c|âMistaken|....
|
|switch|p2a: Venusaur|Venusaur, M|301\/301
|turn|17
|c|âCaesar Dressing|the hax
|c|âCaesar Dressing|wow
|c|âCaesar Dressing|luckiest ive been in this game
|c|âCaesar Dressing|ever
|
|move|p2a: Venusaur|Sleep Powder|p1a: Bisharp
|-status|p1a: Bisharp|slp
|cant|p1a: Bisharp|slp
|
|-weather|SunnyDay|[upkeep]
|turn|18
|
|switch|p1a: Keldeo|Keldeo|263\/323
|-damage|p1a: Keldeo|243\/323|[from] Stealth Rock
|move|p2a: Venusaur|Hidden Power|p1a: Keldeo
|-resisted|p1a: Keldeo
|-damage|p1a: Keldeo|169\/323
|-damage|p2a: Venusaur|271\/301|[from] item: Life Orb
|
|-weather|SunnyDay|[upkeep]
|turn|19
|c|âMistaken|bad on my part
|
|move|p2a: Venusaur|Solar Beam|p1a: Keldeo|[still]
|-prepare|p2a: Venusaur|Solar Beam|p1a: Keldeo
|-anim|p2a: Venusaur|Solar Beam|p1a: Keldeo
|-supereffective|p1a: Keldeo
|-damage|p1a: Keldeo|0 fnt
|-damage|p2a: Venusaur|241\/301|[from] item: Life Orb
|faint|p1a: Keldeo
|
|-weather|SunnyDay|[upkeep]
|
|switch|p1a: Bisharp|Bisharp, M|201\/271 slp
|-damage|p1a: Bisharp|185\/271 slp|[from] Stealth Rock
|turn|20
|
|cant|p1a: Bisharp|slp
|move|p2a: Venusaur|Hidden Power|p1a: Bisharp
|-supereffective|p1a: Bisharp
|-damage|p1a: Bisharp|0 fnt
|-damage|p2a: Venusaur|211\/301|[from] item: Life Orb
|faint|p1a: Bisharp
|
|-weather|none
|
|switch|p1a: Landorus-Therian|Landorus-Therian, M|43\/319
|-damage|p1a: Landorus-Therian|4\/319|[from] Stealth Rock
|-ability|p1a: Landorus-Therian|Intimidate|[of] p2a: Venusaur
|-unboost|p2a: Venusaur|atk|1
|turn|21
|c|âCaesar Dressing|use whats it called
|c|âCaesar Dressing|weather ball
|c|âCaesar Dressing|!learn venusaur, weather ball
|raw|<div class="infobox">Venusaur <span class="message-learn-canlearn">can<\/span> learn Weather Ball only when obtained from:<ul class="message-learn-list"><li>gen 5 event: 3 bulbasaur<\/ul><\/div>
|c|âMistaken|!dt weather ball
|c|~|\/data-move Weather Ball
|raw|<font size="1"><font color=#585858>Priority:<\/font> 0&nbsp;|&ThickSpace;<font color=#585858><font color=black>&#10003; Bullet<\/font><\/font>&nbsp;|&ThickSpace;<font color=#585858><font color=black>&#10003; Blocked by Protect<\/font><\/font>&nbsp;|&ThickSpace;<font color=#585858>Target:<\/font> One Adjacent Pokemon<\/font>
|c|âCaesar Dressing|base 100 fire move in sun
|c|âMistaken|so would it be fire
|c|âCaesar Dressing|power doubles in weather
|c|âMistaken|ok
|
|move|p1a: Landorus-Therian|Earthquake|p2a: Venusaur
|-damage|p2a: Venusaur|0 fnt
|faint|p2a: Venusaur
|
|win|Caesar Dressing
|c|âCaesar Dressing|gg