|J|Caesar Dressing
|J|Mistaken
|player|p1|Caesar Dressing|1
|player|p2|Mistaken|264
|gametype|singles
|gen|6
|tier|OU
|clearpoke
|poke|p1|Latias, F
|poke|p1|Excadrill, F
|poke|p1|Tyranitar, F
|poke|p1|Altaria, F
|poke|p1|Talonflame, M
|poke|p1|Slowbro, F
|poke|p2|Thundurus, M
|poke|p2|Landorus, M
|poke|p2|Charizard, F
|poke|p2|Starmie, shiny
|poke|p2|Bisharp, M
|poke|p2|Keldeo
|rule|Swagger Clause: Swagger is banned
|rule|Baton Pass Clause: Limit one PokÃ©mon knowing Baton Pass
|rule|Sleep Clause Mod: Limit one foe put to sleep
|rule|Species Clause: Limit one of each PokÃ©mon
|rule|OHKO Clause: OHKO moves are banned
|rule|Moody Clause: Moody is banned
|rule|Evasion Moves Clause: Evasion moves are banned
|rule|Endless Battle Clause: Forcing endless battles is banned
|rule|HP Percentage Mod: HP is shown in percentages
|teampreview
|c|âCaesar Dressing|alright im gonna say
|c|âCaesar Dressing|its weak to sand offense
|
|start
|switch|p1a: Latias|Latias, F|364\/364
|switch|p2a: Landorus|Landorus, M|319\/319
|turn|1
|c|âMistaken|im gonna disagree
|
|switch|p1a: Altaria|Altaria, F|353\/353
|switch|p2a: Bisharp|Bisharp, M|296\/296
|
|turn|2
|
|detailschange|p1a: Altaria|Altaria-Mega, F
|-mega|p1a: Altaria|Altaria|Altarianite
|move|p2a: Bisharp|Iron Head|p1a: Altaria
|-supereffective|p1a: Altaria
|-damage|p1a: Altaria|129\/353
|move|p1a: Altaria|Hyper Voice|p2a: Bisharp
|-damage|p2a: Bisharp|152\/296
|
|turn|3
|
|switch|p1a: Talonflame|Talonflame, M|360\/360
|move|p2a: Bisharp|Iron Head|p1a: Talonflame
|-resisted|p1a: Talonflame
|-damage|p1a: Talonflame|257\/360
|
|-heal|p1a: Talonflame|279\/360|[from] item: Leftovers
|turn|4
|
|switch|p1a: Latias|Latias, F|364\/364
|switch|p2a: Starmie|Starmie, shiny|261\/261
|
|turn|5
|c|âMistaken|weak to talon yes
|
|move|p2a: Starmie|Ice Beam|p1a: Latias
|-supereffective|p1a: Latias
|-damage|p1a: Latias|172\/364
|-damage|p2a: Starmie|235\/261|[from] item: Life Orb
|move|p1a: Latias|Thunder Wave|p2a: Starmie
|-status|p2a: Starmie|par
|
|-heal|p1a: Latias|194\/364|[from] item: Leftovers
|turn|6
|
|switch|p1a: Tyranitar|Tyranitar, F|404\/404
|-weather|Sandstorm
|switch|p2a: Bisharp|Bisharp, M|152\/296
|
|-weather|Sandstorm|[upkeep]
|turn|7
|
|switch|p1a: Talonflame|Talonflame, M|279\/360
|move|p2a: Bisharp|Iron Head|p1a: Talonflame
|-resisted|p1a: Talonflame
|-damage|p1a: Talonflame|170\/360
|
|-weather|Sandstorm|[upkeep]
|-damage|p1a: Talonflame|148\/360|[from] sandstorm
|-heal|p1a: Talonflame|170\/360|[from] item: Leftovers
|turn|8
|
|move|p1a: Talonflame|Will-O-Wisp|p2a: Bisharp
|-status|p2a: Bisharp|brn
|move|p2a: Bisharp|Knock Off|p1a: Talonflame
|-crit|p1a: Talonflame
|-damage|p1a: Talonflame|0 fnt
|-enditem|p1a: Talonflame|Leftovers|[from] move: Knock Off|[of] p2a: Bisharp
|faint|p1a: Talonflame
|
|-weather|Sandstorm|[upkeep]
|-damage|p2a: Bisharp|115\/296 brn|[from] brn
|c|âMistaken|zard y does enough vs sand
|c|âMistaken|lol
|
|switch|p1a: Tyranitar|Tyranitar, F|404\/404
|turn|9
|
|move|p2a: Bisharp|Iron Head|p1a: Tyranitar
|-supereffective|p1a: Tyranitar
|-damage|p1a: Tyranitar|248\/404
|move|p1a: Tyranitar|Stealth Rock|p2a: Bisharp
|-sidestart|p2: Mistaken|move: Stealth Rock
|
|-weather|Sandstorm|[upkeep]
|-heal|p1a: Tyranitar|273\/404|[from] item: Leftovers
|-damage|p2a: Bisharp|78\/296 brn|[from] brn
|turn|10
|
|switch|p1a: Altaria|Altaria-Mega, F|129\/353
|move|p2a: Bisharp|Iron Head|p1a: Altaria
|-supereffective|p1a: Altaria
|-damage|p1a: Altaria|1\/353
|
|-weather|none
|-damage|p2a: Bisharp|41\/296 brn|[from] brn
|turn|11
|
|move|p2a: Bisharp|Iron Head|p1a: Altaria
|-supereffective|p1a: Altaria
|-damage|p1a: Altaria|0 fnt
|faint|p1a: Altaria
|
|-damage|p2a: Bisharp|4\/296 brn|[from] brn
|
|switch|p1a: Latias|Latias, F|194\/364
|turn|12
|
|move|p2a: Bisharp|Pursuit|p1a: Latias|[from]Pursuit
|-supereffective|p1a: Latias
|-damage|p1a: Latias|26\/364
|switch|p1a: Tyranitar|Tyranitar, F|273\/404
|-weather|Sandstorm
|
|-weather|Sandstorm|[upkeep]
|-heal|p1a: Tyranitar|298\/404|[from] item: Leftovers
|-damage|p2a: Bisharp|0 fnt|[from] brn
|faint|p2a: Bisharp
|c|âMistaken|lol
|c|âCaesar Dressing|.
|c|âMistaken|what was that for
|
|switch|p2a: Starmie|Starmie, shiny|235\/261
|-damage|p2a: Starmie|203\/261|[from] Stealth Rock
|turn|13
|
|move|p2a: Starmie|Rapid Spin|p1a: Tyranitar
|-resisted|p1a: Tyranitar
|-damage|p1a: Tyranitar|292\/404
|-sideend|p2: Mistaken|Stealth Rock|[from] move: Rapid Spin|[of] p2a: Starmie
|-damage|p2a: Starmie|177\/261|[from] item: Life Orb
|move|p1a: Tyranitar|Pursuit|p2a: Starmie
|-crit|p2a: Starmie
|-supereffective|p2a: Starmie
|-damage|p2a: Starmie|0 fnt
|faint|p2a: Starmie
|
|-weather|Sandstorm|[upkeep]
|-heal|p1a: Tyranitar|317\/404|[from] item: Leftovers
|c|âMistaken|so lets say hard y comes in on drill
|c|âMistaken|am i faster
|
|switch|p2a: Charizard|Charizard, F|297\/297
|turn|14
|c|âCaesar Dressing|no
|
|switch|p1a: Slowbro|Slowbro, F|394\/394
|detailschange|p2a: Charizard|Charizard-Mega-Y, F
|-mega|p2a: Charizard|Charizard|Charizardite Y
|-weather|SunnyDay
|move|p2a: Charizard|Fire Blast|p1a: Slowbro
|-resisted|p1a: Slowbro
|-damage|p1a: Slowbro|156\/394
|
|-weather|SunnyDay|[upkeep]
|-heal|p1a: Slowbro|180\/394|[from] item: Leftovers
|turn|15
|
|move|p2a: Charizard|Fire Blast|p1a: Slowbro
|-resisted|p1a: Slowbro
|-damage|p1a: Slowbro|0 fnt
|faint|p1a: Slowbro
|
|-weather|SunnyDay|[upkeep]
|
|switch|p1a: Latias|Latias, F|26\/364
|turn|16
|
|switch|p1a: Tyranitar|Tyranitar, F|317\/404
|-weather|Sandstorm
|switch|p2a: Landorus|Landorus, M|319\/319
|
|-weather|Sandstorm|[upkeep]
|-heal|p1a: Tyranitar|342\/404|[from] item: Leftovers
|turn|17
|
|switch|p1a: Latias|Latias, F|26\/364
|move|p2a: Landorus|Focus Blast|p1a: Latias|[miss]
|-miss|p2a: Landorus|p1a: Latias
|
|-weather|Sandstorm|[upkeep]
|-damage|p1a: Latias|4\/364|[from] sandstorm
|-heal|p1a: Latias|26\/364|[from] item: Leftovers
|turn|18
|
|switch|p2a: Thundurus|Thundurus, M|299\/299
|move|p1a: Latias|Psyshock|p2a: Thundurus
|-damage|p2a: Thundurus|161\/299
|
|-weather|Sandstorm|[upkeep]
|-damage|p2a: Thundurus|143\/299|[from] sandstorm
|-damage|p1a: Latias|4\/364|[from] sandstorm
|-heal|p1a: Latias|26\/364|[from] item: Leftovers
|turn|19
|
|move|p2a: Thundurus|Hidden Power|p1a: Latias
|-supereffective|p1a: Latias
|-damage|p1a: Latias|0 fnt
|-damage|p2a: Thundurus|114\/299|[from] item: Life Orb
|faint|p1a: Latias
|
|-weather|Sandstorm|[upkeep]
|-damage|p2a: Thundurus|96\/299|[from] sandstorm
|
|switch|p1a: Excadrill|Excadrill, F|424\/424
|-ability|p1a: Excadrill|Mold Breaker
|turn|20
|c|âMistaken|man my battling is on point
|c|âMistaken|rn
|c|âCaesar Dressing|WHY AM I MOLD BREAKER
|
|move|p2a: Thundurus|Focus Blast|p1a: Excadrill
|-supereffective|p1a: Excadrill
|-damage|p1a: Excadrill|63\/424
|-damage|p2a: Thundurus|67\/299|[from] item: Life Orb
|move|p1a: Excadrill|Iron Head|p2a: Thundurus
|-resisted|p2a: Thundurus
|-damage|p2a: Thundurus|0 fnt
|faint|p2a: Thundurus
|
|-weather|none
|-heal|p1a: Excadrill|89\/424|[from] item: Leftovers
|
|switch|p2a: Landorus|Landorus, M|319\/319
|turn|21
|c|âMistaken|didnt matter
|c|âCaesar Dressing|go for fb
|
|move|p2a: Landorus|Earth Power|p1a: Excadrill
|-supereffective|p1a: Excadrill
|-damage|p1a: Excadrill|0 fnt
|faint|p1a: Excadrill
|
|
|switch|p1a: Tyranitar|Tyranitar, F|342\/404
|-weather|Sandstorm
|turn|22
|c|âMistaken|ok 
|c|âMistaken|i will
|
|move|p2a: Landorus|Focus Blast|p1a: Tyranitar|[miss]
|-miss|p2a: Landorus|p1a: Tyranitar
|move|p1a: Tyranitar|Stealth Rock|p2a: Landorus
|-sidestart|p2: Mistaken|move: Stealth Rock
|
|-weather|Sandstorm|[upkeep]
|-heal|p1a: Tyranitar|367\/404|[from] item: Leftovers
|turn|23
|c|âCaesar Dressing|again!
|c|âMistaken|LOL
|
|move|p2a: Landorus|Focus Blast|p1a: Tyranitar
|-supereffective|p1a: Tyranitar
|-damage|p1a: Tyranitar|0 fnt
|faint|p1a: Tyranitar
|
|win|Mistaken
|c|âCaesar Dressing|gf;ld