|join|Mistaken
|join|GGamer745
|player|p1|Mistaken|92
|player|p2|GGamer745|25
|gametype|singles
|gen|6
|tier|OU
|clearpoke
|poke|p1|Azelf
|poke|p1|Azumarill, M
|poke|p1|Talonflame, F
|poke|p1|Scizor, F
|poke|p1|Raikou
|poke|p1|Starmie
|poke|p2|Garchomp, F
|poke|p2|Conkeldurr, F
|poke|p2|Jirachi
|poke|p2|Gyarados, F
|poke|p2|Kyurem-Black
|poke|p2|Latios, M
|rule|Swagger Clause: Swagger is banned
|rule|Baton Pass Clause: Limit one PokÃ©mon knowing Baton Pass
|rule|Sleep Clause Mod: Limit one foe put to sleep
|rule|Species Clause: Limit one of each PokÃ©mon
|rule|OHKO Clause: OHKO moves are banned
|rule|Moody Clause: Moody is banned
|rule|Evasion Moves Clause: Evasion moves are banned
|rule|Endless Battle Clause: Forcing endless battles is banned
|rule|HP Percentage Mod: HP is shown in percentages
|teampreview
|c|âMistaken|gl hf
|join|Guesst 50793
|c|âGGamer745|u2
|join|Geotal
|
|start
|switch|p1a: Azelf|Azelf|291\/291
|switch|p2a: Garchomp|Garchomp, F|357\/357
|turn|1
|join|Fortune
|
|switch|p2a: Jirachi|Jirachi|342\/342
|move|p1a: Azelf|Stealth Rock|p2a: Jirachi
|-sidestart|p2: GGamer745|move: Stealth Rock
|
|turn|2
|
|move|p2a: Jirachi|Iron Head|p1a: Azelf
|-damage|p1a: Azelf|141\/291
|move|p1a: Azelf|Fire Blast|p2a: Jirachi
|-crit|p2a: Jirachi
|-supereffective|p2a: Jirachi
|-damage|p2a: Jirachi|0 fnt
|faint|p2a: Jirachi
|
|c|âMistaken|sry
|c|âGGamer745|np
|
|switch|p2a: Gyarados|Gyarados, F|331\/331
|-damage|p2a: Gyarados|249\/331|[from] Stealth Rock
|-ability|p2a: Gyarados|Intimidate|[of] p1a: Azelf
|-unboost|p1a: Azelf|atk|1
|turn|3
|
|switch|p2a: Garchomp|Garchomp, F|357\/357
|-damage|p2a: Garchomp|335\/357|[from] Stealth Rock
|move|p1a: Azelf|Explosion|p2a: Garchomp
|-damage|p2a: Garchomp|145\/357
|faint|p1a: Azelf
|
|c|âGGamer745|fren?
|join|Tbh JS
|
|switch|p1a: Starmie|Starmie|261\/261
|turn|4
|c|âMistaken|just lagging  a bit
|c|âGGamer745|ah
|c|âGGamer745|aite
|leave|Tbh JS
|
|switch|p2a: Kyurem-Black|Kyurem-Black|391\/391
|-damage|p2a: Kyurem-Black|294\/391|[from] Stealth Rock
|-ability|p2a: Kyurem-Black|Teravolt
|move|p1a: Starmie|Scald|p2a: Kyurem-Black
|-resisted|p2a: Kyurem-Black
|-damage|p2a: Kyurem-Black|197\/391
|-status|p2a: Kyurem-Black|brn
|-damage|p1a: Starmie|235\/261|[from] item: Life Orb
|
|-damage|p2a: Kyurem-Black|149\/391 brn|[from] brn
|turn|5
|c|âMistaken|haxy game
|c| Fortune|redo
|c| Fortune|same moves
|c|âGGamer745|?
|c| Fortune|restart
|c|âGGamer745|lol
|c| Fortune|we cant have any haxy wins in spl farm league
|
|move|p2a: Kyurem-Black|Fusion Bolt|p1a: Starmie
|-supereffective|p1a: Starmie
|-damage|p1a: Starmie|67\/261
|move|p1a: Starmie|Psychic|p2a: Kyurem-Black
|-damage|p2a: Kyurem-Black|0 fnt
|-damage|p1a: Starmie|41\/261|[from] item: Life Orb
|faint|p2a: Kyurem-Black
|
|
|switch|p2a: Conkeldurr|Conkeldurr, F|351\/351
|-damage|p2a: Conkeldurr|330\/351|[from] Stealth Rock
|turn|6
|
|move|p2a: Conkeldurr|Mach Punch|p1a: Starmie
|-resisted|p1a: Starmie
|-damage|p1a: Starmie|0 fnt
|faint|p1a: Starmie
|
|
|switch|p1a: Talonflame|Talonflame, F|297\/297
|turn|7
|
|switch|p2a: Garchomp|Garchomp, F|145\/357
|-damage|p2a: Garchomp|123\/357|[from] Stealth Rock
|move|p1a: Talonflame|Brave Bird|p2a: Garchomp
|-damage|p2a: Garchomp|0 fnt
|-damage|p1a: Talonflame|260\/297|[from] ability: Rough Skin|[of] p2a: Garchomp
|-damage|p1a: Talonflame|219\/297|[from] recoil|[of] p2a: Garchomp
|faint|p2a: Garchomp
|
|
|switch|p2a: Gyarados|Gyarados, F|249\/331
|-damage|p2a: Gyarados|167\/331|[from] Stealth Rock
|-ability|p2a: Gyarados|Intimidate|[of] p1a: Talonflame
|-unboost|p1a: Talonflame|atk|1
|turn|8
|
|switch|p1a: Raikou|Raikou|321\/321
|-ability|p1a: Raikou|Pressure
|detailschange|p2a: Gyarados|Gyarados-Mega, F
|-mega|p2a: Gyarados|Gyarados|Gyaradosite
|-ability|p2a: Gyarados|Mold Breaker
|move|p2a: Gyarados|Waterfall|p1a: Raikou
|-damage|p1a: Raikou|80\/321
|
|turn|9
|
|move|p1a: Raikou|Thunderbolt|p2a: Gyarados
|-supereffective|p2a: Gyarados
|-damage|p2a: Gyarados|0 fnt
|faint|p2a: Gyarados
|
|
|switch|p2a: Conkeldurr|Conkeldurr, F|330\/351
|-damage|p2a: Conkeldurr|309\/351|[from] Stealth Rock
|turn|10
|
|move|p1a: Raikou|Thunderbolt|p2a: Conkeldurr
|-damage|p2a: Conkeldurr|144\/351
|move|p2a: Conkeldurr|Poison Jab|p1a: Raikou
|-damage|p1a: Raikou|0 fnt
|faint|p1a: Raikou
|
|
|switch|p1a: Talonflame|Talonflame, F|219\/297
|turn|11
|
|move|p1a: Talonflame|Brave Bird|p2a: Conkeldurr
|-crit|p2a: Conkeldurr
|-supereffective|p2a: Conkeldurr
|-damage|p2a: Conkeldurr|0 fnt
|-damage|p1a: Talonflame|171\/297|[from] recoil|[of] p2a: Conkeldurr
|faint|p2a: Conkeldurr
|
|
|switch|p2a: Latios|Latios, M|301\/301
|-damage|p2a: Latios|264\/301|[from] Stealth Rock
|turn|12
|leave|Fortune
|c|âGGamer745|gg bro
|
|move|p1a: Talonflame|Brave Bird|p2a: Latios
|-crit|p2a: Latios
|-damage|p2a: Latios|0 fnt
|-damage|p1a: Talonflame|84\/297|[from] recoil|[of] p2a: Latios
|faint|p2a: Latios
|
|win|Mistaken
|c|âMistaken|gg
|leave|Geotal