|join|CaptainUnknown
|join|Mistaken
|player|p1|CaptainUnknown|167
|player|p2|Mistaken|92
|gametype|singles
|gen|6
|tier|OU
|clearpoke
|poke|p1|Gyarados, M
|poke|p1|Talonflame, M
|poke|p1|Kyurem-Black
|poke|p1|Ferrothorn, M
|poke|p1|Latias, F
|poke|p1|Clefable, F
|poke|p2|Tyranitar, F
|poke|p2|Excadrill, M
|poke|p2|Greninja, F
|poke|p2|Pinsir, F
|poke|p2|Talonflame, M
|poke|p2|Dragonite, M
|rule|Swagger Clause: Swagger is banned
|rule|Baton Pass Clause: Limit one PokÃ©mon knowing Baton Pass
|rule|Sleep Clause Mod: Limit one foe put to sleep
|rule|Species Clause: Limit one of each PokÃ©mon
|rule|OHKO Clause: OHKO moves are banned
|rule|Moody Clause: Moody is banned
|rule|Evasion Moves Clause: Evasion moves are banned
|rule|Endless Battle Clause: Forcing endless battles is banned
|rule|HP Percentage Mod: HP is shown in percentages
|teampreview
|join|Alakabamm
|join|LeCoqGrande
|join|cfgvykhj
|join|Kal66
|join|Mr.378
|join|Woolytop
|join|The Siegfried
|join|whyywhy
|c| Alakabamm|no diggersby?
|join|riraiteu
|join|bigboycupcakes
|join|Numera
|c| Alakabamm|fo' shame
|join|Alvok
|leave|Numera
|join|ThatGuyTee
|join|The TurtleLard
|join|TyranitarTerror
|
|start
|switch|p1a: Talonflame|Talonflame, M|297\/297
|switch|p2a: 1|Tyranitar, F|341\/341
|-weather|Sandstorm
|turn|1
|c| Alvok|HUGE FAN MISTAKEN
|c| The TurtleLard|wtf
|join|LBJames
|join|Numera
|leave|Numera
|c| Alvok|TEACH ME SENPAI
|c| The TurtleLard|generic xy ctc team
|c| The TurtleLard|why
|c| Alakabamm|that's joey's olold team
|c| The TurtleLard|???
|
|move|p1a: Talonflame|U-turn|p2a: 1
|-supereffective|p2a: 1
|-damage|p2a: 1|157\/341
|join|Grumtastic
|c| Alvok|its ctc's not joey
|c| Alakabamm|is it?
|leave|The TurtleLard
|
|switch|p1a: Ferrothorn|Ferrothorn, M|352\/352
|move|p2a: 1|Stealth Rock|p1a: Ferrothorn
|-sidestart|p1: CaptainUnknown|move: Stealth Rock
|
|-weather|Sandstorm|[upkeep]
|turn|2
|c| Alvok|senpai mistaken
|c| Alakabamm|I saw it in his videos, but it has been a while
|c| Alvok|teach me pls
|raw|<div class="broadcast-red"><b>Moderated chat was set to +!<\/b><br \/>Only users of rank + and higher can talk.<\/div>
Alvok was promoted to Room Voice by Mistaken.
|
|move|p2a: 1|Fire Blast|p1a: Ferrothorn|[miss]
|-miss|p2a: 1|p1a: Ferrothorn
|move|p1a: Ferrothorn|Thunder Wave|p2a: 1
|-status|p2a: 1|par
|
|-weather|Sandstorm|[upkeep]
|turn|3
|c|+Alvok|hehehe
|
|switch|p1a: Clefable|Clefable, F|394\/394
|move|p2a: 1|Fire Blast|p1a: Clefable
|-damage|p1a: Clefable|308\/394
|
|-weather|Sandstorm|[upkeep]
|-heal|p1a: Clefable|332\/394|[from] item: Leftovers
|turn|4
|c|+Alvok|joey using it =\/= joey made it
|c|+Alvok|its ctc
|c|âMistaken|**Hax keep coming back GOLD FISH**
|
|move|p1a: Clefable|Moonblast|p2a: 1
|-supereffective|p2a: 1
|-damage|p2a: 1|0 fnt
|faint|p2a: 1
|
|-weather|Sandstorm|[upkeep]
|-heal|p1a: Clefable|356\/394|[from] item: Leftovers
|
|switch|p2a: 2|Excadrill, M|369\/369
|turn|5
|c|+Alvok|imo use aerial ace
|
|switch|p1a: Ferrothorn|Ferrothorn, M|352\/352
|-damage|p1a: Ferrothorn|330\/352|[from] Stealth Rock
|move|p2a: 2|Iron Head|p1a: Ferrothorn
|-resisted|p1a: Ferrothorn
|-damage|p1a: Ferrothorn|257\/352
|-damage|p2a: 2|323\/369|[from] ability: Iron Barbs|[of] p1a: Ferrothorn
|-damage|p2a: 2|262\/369|[from] item: Rocky Helmet|[of] p1a: Ferrothorn
|-damage|p2a: 2|226\/369|[from] item: Life Orb
|
|-weather|none
|turn|6
|c|+Alvok|to not miss
|c|+Alvok|lol didnt sd
|
|move|p2a: 2|Earthquake|p1a: Ferrothorn
|-damage|p1a: Ferrothorn|85\/352
|-damage|p2a: 2|190\/369|[from] item: Life Orb
|move|p1a: Ferrothorn|Stealth Rock|p2a: 2
|-sidestart|p2: Mistaken|move: Stealth Rock
|
|turn|7
|leave|LBJames
|
|move|p2a: 2|Earthquake|p1a: Ferrothorn
|-damage|p1a: Ferrothorn|0 fnt
|-damage|p2a: 2|154\/369|[from] item: Life Orb
|faint|p1a: Ferrothorn
|
|join|Trinary Wind
|join|Skuukzky Wish
|join|Bulky Deoxys-A
|join|DerpaniteX
|join|Guesst 50792
|
|switch|p1a: Gyarados|Gyarados, M|357\/357
|-damage|p1a: Gyarados|268\/357|[from] Stealth Rock
|-ability|p1a: Gyarados|Intimidate|[of] p2a: 2
|-unboost|p2a: 2|atk|1
|turn|8
|
|detailschange|p1a: Gyarados|Gyarados-Mega, M
|-mega|p1a: Gyarados|Gyarados|Gyaradosite
|-ability|p1a: Gyarados|Mold Breaker
|move|p2a: 2|Rapid Spin|p1a: Gyarados
|-damage|p1a: Gyarados|246\/357
|-sideend|p2: Mistaken|Stealth Rock|[from] move: Rapid Spin|[of] p2a: 2
|-damage|p2a: 2|118\/369|[from] item: Life Orb
|move|p1a: Gyarados|Waterfall|p2a: 2
|-crit|p2a: 2
|-supereffective|p2a: 2
|-damage|p2a: 2|0 fnt
|faint|p2a: 2
|
|
|switch|p2a: 4|Pinsir, F|271\/271
|turn|9
|leave|ThatGuyTee
|c|+Alvok|gdi
|c|+Alvok|you had 1 job, that is to go by the number
|
|detailschange|p2a: 4|Pinsir-Mega, F
|-mega|p2a: 4|Pinsir|Pinsirite
|move|p2a: 4|Return|p1a: Gyarados
|-damage|p1a: Gyarados|8\/357
|move|p1a: Gyarados|Waterfall|p2a: 4
|-crit|p2a: 4
|-damage|p2a: 4|58\/271
|
|turn|10
|
|move|p2a: 4|Return|p1a: Gyarados
|-damage|p1a: Gyarados|0 fnt
|faint|p1a: Gyarados
|
|c|+Alvok|lol
|c|âMistaken|guess my calc was stale
|c|+Alvok|shoulda SD and reveal the feint on that darn tflame
|c|+Alvok|and swept
|c|âCaptainUnknown|bulky gyara
|join|Omegasization
|c|âMistaken|i c that
|c|+Alvok|Omeegasization
|leave|Skuukzky Wish
|join|Skuukzky Wish
|
|switch|p1a: Latias|Latias, F|319\/319
|-damage|p1a: Latias|280\/319|[from] Stealth Rock
|turn|11
|join|fuck christmas
|leave|fuck christmas
|
|move|p1a: Latias|Psyshock|p2a: 4
|-damage|p2a: 4|0 fnt
|-damage|p1a: Latias|249\/319|[from] item: Life Orb
|faint|p2a: 4
|
|
|switch|p2a: 3|Greninja, F|285\/285
|turn|12
|
|switch|p1a: Clefable|Clefable, F|356\/394
|move|p2a: 3|Ice Beam|p1a: Clefable
|-start|p2a: 3|typechange|Ice|[from] Protean
|-damage|p1a: Clefable|208\/394
|-damage|p2a: 3|257\/285|[from] item: Life Orb
|
|-heal|p1a: Clefable|232\/394|[from] item: Leftovers
|turn|13
|
|move|p2a: 3|Gunk Shot|p1a: Clefable
|-start|p2a: 3|typechange|Poison|[from] Protean
|-supereffective|p1a: Clefable
|-damage|p1a: Clefable|0 fnt
|-damage|p2a: 3|229\/285|[from] item: Life Orb
|faint|p1a: Clefable
|
|leave|Trinary Wind
|
|switch|p1a: Kyurem-Black|Kyurem-Black|391\/391
|-damage|p1a: Kyurem-Black|294\/391|[from] Stealth Rock
|-ability|p1a: Kyurem-Black|Teravolt
|turn|14
|
|move|p2a: 3|Ice Beam|p1a: Kyurem-Black
|-start|p2a: 3|typechange|Ice|[from] Protean
|-damage|p1a: Kyurem-Black|87\/391
|-damage|p2a: 3|201\/285|[from] item: Life Orb
|move|p1a: Kyurem-Black|Outrage|p2a: 3
|-damage|p2a: 3|0 fnt
|-damage|p1a: Kyurem-Black|48\/391|[from] item: Life Orb
|faint|p2a: 3
|
|c|+Alvok|no lowkick
|
|switch|p2a: 6|Dragonite, M|323\/323
|turn|15
|c|+Alvok|:[
|
|move|p2a: 6|Extreme Speed|p1a: Kyurem-Black
|-damage|p1a: Kyurem-Black|0 fnt
|faint|p1a: Kyurem-Black
|
|
|switch|p1a: Latias|Latias, F|249\/319
|-damage|p1a: Latias|210\/319|[from] Stealth Rock
|turn|16
|
|move|p2a: 6|Extreme Speed|p1a: Latias
|-damage|p1a: Latias|42\/319
|move|p1a: Latias|Draco Meteor|p2a: 6
|-supereffective|p2a: 6
|-damage|p2a: 6|49\/323
|-unboost|p1a: Latias|spa|2
|-damage|p1a: Latias|11\/319|[from] item: Life Orb
|
|turn|17
|c|+Alvok|wtf why not tflame to force a speedtie between your's and his -.-
|c|+Alvok|so that dnite can just clean up
|leave|Kal66
|
|move|p2a: 6|Extreme Speed|p1a: Latias
|-damage|p1a: Latias|0 fnt
|faint|p1a: Latias
|
|
|switch|p1a: Talonflame|Talonflame, M|297\/297
|-damage|p1a: Talonflame|149\/297|[from] Stealth Rock
|turn|18
|
|move|p2a: 6|Extreme Speed|p1a: Talonflame
|-damage|p1a: Talonflame|0 fnt
|faint|p1a: Talonflame
|
|win|Mistaken
|c|+Alvok|he didnt defog ok ... rip
|leave|Alakabamm
|leave|LeCoqGrande
|leave|Skuukzky Wish
|leave|The Siegfried
|leave|Guesst 50792
|leave|Mr.378
|leave|Mistaken
|player|p2
|leave|Alvok
|leave|CaptainUnknown
|player|p1
|leave|cfgvykhj
|leave|Woolytop
|leave|Bulky Deoxys-A
|leave|whyywhy
|leave|Grumtastic
|leave|Omegasization
|leave|TyranitarTerror