|join|Keldeo
|join|Mistaken
|player|p1|Keldeo|101
|player|p2|Mistaken|92
|gametype|singles
|gen|6
|tier|OU
|clearpoke
|poke|p1|Latios, M
|poke|p1|Rotom-Wash
|poke|p1|Terrakion
|poke|p1|Heatran, F, shiny
|poke|p1|Landorus-Therian, M
|poke|p1|Venusaur, M
|poke|p2|Venusaur, M
|poke|p2|Mew
|poke|p2|Heatran, M
|poke|p2|Greninja, F
|poke|p2|Raikou
|poke|p2|Landorus-Therian, M
|rule|Swagger Clause: Swagger is banned
|rule|Baton Pass Clause: Limit one PokÃ©mon knowing Baton Pass
|rule|Sleep Clause Mod: Limit one foe put to sleep
|rule|Species Clause: Limit one of each PokÃ©mon
|rule|OHKO Clause: OHKO moves are banned
|rule|Moody Clause: Moody is banned
|rule|Evasion Moves Clause: Evasion moves are banned
|rule|Endless Battle Clause: Forcing endless battles is banned
|rule|HP Percentage Mod: HP is shown in percentages
|teampreview
|c|âKeldeo|i almost brought that team as well
|join|TheLaughingCats
|c|âMistaken|lol
|
|start
|switch|p1a: Landorus-Therian|Landorus-Therian, M|319\/319
|switch|p2a: Mew|Mew|396\/396
|-ability|p1a: Landorus-Therian|Intimidate|[of] p2a: Mew
|-unboost|p2a: Mew|atk|1
|turn|1
|c|âMistaken|i dont know if i got mew's ev spread right
|
|move|p1a: Landorus-Therian|U-turn|p2a: Mew
|-supereffective|p2a: Mew
|-damage|p2a: Mew|254\/396
|
|switch|p1a: Heatran|Heatran, F, shiny|385\/385
|move|p2a: Mew|Roost|p2a: Mew
|-heal|p2a: Mew|396\/396
|
|turn|2
|
|move|p2a: Mew|Taunt|p1a: Heatran
|-start|p1a: Heatran|move: Taunt
|move|p1a: Heatran|Lava Plume|p2a: Mew
|-damage|p2a: Mew|270\/396
|
|-heal|p2a: Mew|294\/396|[from] item: Leftovers
|turn|3
|
|move|p2a: Mew|Knock Off|p1a: Heatran
|-crit|p1a: Heatran
|-damage|p1a: Heatran|276\/385
|-enditem|p1a: Heatran|Leftovers|[from] move: Knock Off|[of] p2a: Mew
|move|p1a: Heatran|Lava Plume|p2a: Mew
|-damage|p2a: Mew|185\/396
|-status|p2a: Mew|brn
|
|-heal|p2a: Mew|209\/396 brn|[from] item: Leftovers
|-damage|p2a: Mew|160\/396 brn|[from] brn
|turn|4
|
|move|p2a: Mew|Roost|p2a: Mew
|-heal|p2a: Mew|358\/396 brn
|move|p1a: Heatran|Lava Plume|p2a: Mew
|-damage|p2a: Mew|247\/396 brn
|
|-heal|p2a: Mew|271\/396 brn|[from] item: Leftovers
|-damage|p2a: Mew|222\/396 brn|[from] brn
|-end|p1a: Heatran|move: Taunt
|turn|5
|
|switch|p1a: Latios|Latios, M|301\/301
|move|p2a: Mew|Roost|p2a: Mew
|-heal|p2a: Mew|396\/396 brn
|
|-damage|p2a: Mew|347\/396 brn|[from] brn
|turn|6
|c|âMistaken|that looks like Cz team
|c|âMistaken|is that banded terrak
|c|âKeldeo|it's hugo's
|c|âMistaken|mebe thats where cz got it
|
|switch|p1a: Heatran|Heatran, F, shiny|276\/385
|switch|p2a: Heatran|Heatran, M|386\/386
|
|turn|7
|
|move|p2a: Heatran|Stealth Rock|p1a: Heatran
|-sidestart|p1: Keldeo|move: Stealth Rock
|move|p1a: Heatran|Taunt|p2a: Heatran
|-start|p2a: Heatran|move: Taunt
|
|turn|8
|
|switch|p2a: Greninja|Greninja, F|285\/285
|move|p1a: Heatran|Stealth Rock|p2a: Greninja
|-sidestart|p2: Mistaken|move: Stealth Rock
|
|turn|9
|c|âMistaken|should i ice beam
|c|âKeldeo|sure
|join|Yuttt.ttttt
|
|switch|p1a: Rotom-Wash|Rotom-Wash|303\/303
|-damage|p1a: Rotom-Wash|266\/303|[from] Stealth Rock
|move|p2a: Greninja|Hydro Pump|p1a: Rotom-Wash|[miss]
|-start|p2a: Greninja|typechange|Water|[from] Protean
|-miss|p2a: Greninja|p1a: Rotom-Wash
|
|-heal|p1a: Rotom-Wash|284\/303|[from] item: Leftovers
|turn|10
|c| Yuttt.ttttt|use spikes
|c| Yuttt.ttttt|but srsly what meta are these teams for...
|c|âMistaken|xy
|c|âKeldeo|xy
|
|switch|p2a: Mew|Mew|347\/396 brn
|-damage|p2a: Mew|298\/396 brn|[from] Stealth Rock
|move|p1a: Rotom-Wash|Hydro Pump|p2a: Mew
|-damage|p2a: Mew|157\/396 brn
|
|-heal|p2a: Mew|181\/396 brn|[from] item: Leftovers
|-heal|p1a: Rotom-Wash|302\/303|[from] item: Leftovers
|-damage|p2a: Mew|132\/396 brn|[from] brn
|turn|11
|c| Yuttt.ttttt|ah, i was wondering
|
|move|p2a: Mew|Roost|p2a: Mew
|-heal|p2a: Mew|330\/396 brn
|move|p1a: Rotom-Wash|Volt Switch|p2a: Mew
|-damage|p2a: Mew|243\/396 brn
|join|Alt 15
|
|switch|p1a: Latios|Latios, M|301\/301
|-damage|p1a: Latios|264\/301|[from] Stealth Rock
|
|-heal|p2a: Mew|267\/396 brn|[from] item: Leftovers
|-damage|p2a: Mew|218\/396 brn|[from] brn
|turn|12
|
|switch|p2a: Heatran|Heatran, M|386\/386
|-damage|p2a: Heatran|338\/386|[from] Stealth Rock
|move|p1a: Latios|Draco Meteor|p2a: Heatran
|-resisted|p2a: Heatran
|-damage|p2a: Heatran|209\/386
|-unboost|p1a: Latios|spa|2
|-damage|p1a: Latios|234\/301|[from] item: Life Orb
|
|-heal|p2a: Heatran|233\/386|[from] item: Leftovers
|turn|13
|
|switch|p1a: Terrakion|Terrakion|323\/323
|-damage|p1a: Terrakion|303\/323|[from] Stealth Rock
|move|p2a: Heatran|Protect|p2a: Heatran
|-fail|p2a: Heatran
|
|-heal|p2a: Heatran|257\/386|[from] item: Leftovers
|turn|14
|
|move|p2a: Heatran|Protect|p2a: Heatran
|-singleturn|p2a: Heatran|Protect
|move|p1a: Terrakion|Stone Edge|p2a: Heatran
|-activate|p2a: Heatran|Protect
|
|-heal|p2a: Heatran|281\/386|[from] item: Leftovers
|turn|15
|
|switch|p2a: Mew|Mew|218\/396 brn
|-damage|p2a: Mew|169\/396 brn|[from] Stealth Rock
|move|p1a: Terrakion|Stone Edge|p2a: Mew
|-damage|p2a: Mew|0 fnt
|-damage|p1a: Terrakion|271\/323|[from] item: Life Orb
|faint|p2a: Mew
|
|
|switch|p2a: Landorus-Therian|Landorus-Therian, M|325\/325
|-damage|p2a: Landorus-Therian|285\/325|[from] Stealth Rock
|-ability|p2a: Landorus-Therian|Intimidate|[of] p1a: Terrakion
|-unboost|p1a: Terrakion|atk|1
|turn|16
|c|âMistaken|not banded o
|
|switch|p1a: Landorus-Therian|Landorus-Therian, M|319\/319
|-damage|p1a: Landorus-Therian|280\/319|[from] Stealth Rock
|-ability|p1a: Landorus-Therian|Intimidate|[of] p2a: Landorus-Therian
|-unboost|p2a: Landorus-Therian|atk|1
|move|p2a: Landorus-Therian|U-turn|p1a: Landorus-Therian
|-resisted|p1a: Landorus-Therian
|-damage|p1a: Landorus-Therian|250\/319
|
|switch|p2a: Venusaur|Venusaur, M|359\/359
|-damage|p2a: Venusaur|315\/359|[from] Stealth Rock
|
|turn|17
|c|âKeldeo|this is an old wcop team
|
|detailschange|p2a: Venusaur|Venusaur-Mega, M
|-mega|p2a: Venusaur|Venusaur|Venusaurite
|move|p1a: Landorus-Therian|U-turn|p2a: Venusaur
|-damage|p2a: Venusaur|244\/359
|
|switch|p1a: Latios|Latios, M|234\/301
|-damage|p1a: Latios|197\/301|[from] Stealth Rock
|move|p2a: Venusaur|Synthesis|p2a: Venusaur
|-heal|p2a: Venusaur|359\/359
|
|turn|18
|
|switch|p1a: Rotom-Wash|Rotom-Wash|302\/303
|-damage|p1a: Rotom-Wash|265\/303|[from] Stealth Rock
|switch|p2a: Greninja|Greninja, F|285\/285
|-damage|p2a: Greninja|250\/285|[from] Stealth Rock
|
|-heal|p1a: Rotom-Wash|283\/303|[from] item: Leftovers
|turn|19
|
|switch|p2a: Venusaur|Venusaur-Mega, M|359\/359
|-damage|p2a: Venusaur|315\/359|[from] Stealth Rock
|move|p1a: Rotom-Wash|Will-O-Wisp|p2a: Venusaur
|-status|p2a: Venusaur|brn
|
|-heal|p1a: Rotom-Wash|301\/303|[from] item: Leftovers
|-damage|p2a: Venusaur|271\/359 brn|[from] brn
|turn|20
|
|switch|p1a: Heatran|Heatran, F, shiny|276\/385
|-damage|p1a: Heatran|228\/385|[from] Stealth Rock
|move|p2a: Venusaur|Giga Drain|p1a: Heatran
|-resisted|p1a: Heatran
|-damage|p1a: Heatran|201\/385
|-heal|p2a: Venusaur|285\/359 brn|[from] drain|[of] p1a: Heatran
|
|-damage|p2a: Venusaur|241\/359 brn|[from] brn
|turn|21
|join|willwolf
|
|switch|p1a: Latios|Latios, M|197\/301
|-damage|p1a: Latios|160\/301|[from] Stealth Rock
|switch|p2a: Greninja|Greninja, F|250\/285
|-damage|p2a: Greninja|215\/285|[from] Stealth Rock
|
|turn|22
|join|Bluwing
|
|switch|p1a: Rotom-Wash|Rotom-Wash|301\/303
|-damage|p1a: Rotom-Wash|264\/303|[from] Stealth Rock
|move|p2a: Greninja|Dark Pulse|p1a: Rotom-Wash
|-start|p2a: Greninja|typechange|Dark|[from] Protean
|-damage|p1a: Rotom-Wash|135\/303
|-damage|p2a: Greninja|187\/285|[from] item: Life Orb
|
|-heal|p1a: Rotom-Wash|153\/303|[from] item: Leftovers
|turn|23
|c| Bluwing|mistaken with the xy bloo team ^^
|
|switch|p2a: Venusaur|Venusaur-Mega, M|241\/359 brn
|-damage|p2a: Venusaur|197\/359 brn|[from] Stealth Rock
|move|p1a: Rotom-Wash|Volt Switch|p2a: Venusaur
|-resisted|p2a: Venusaur
|-damage|p2a: Venusaur|158\/359 brn
|c|âMistaken|lyconik made me want to use it
|join|gelfui
|c| Bluwing|n_n
|c| Bluwing|does it work in oras even?
|c|âKeldeo|hi bluwing
|c|âKeldeo|this is an xy game
|c| Bluwing|hi keldeo
|c| Bluwing|oh lol my bad
|c|âKeldeo|lopunny shits on it tho
|c|âKeldeo|in oras
|c| Bluwing|lopunny shits in everthing lol
|c| willwolf|accept skarmory
|join|wecameinagiraffe
|
|switch|p1a: Terrakion|Terrakion|271\/323
|-damage|p1a: Terrakion|251\/323|[from] Stealth Rock
|
|-damage|p2a: Venusaur|114\/359 brn|[from] brn
|turn|24
|c| Bluwing|skarm is not a good punny check
|c|âMistaken|m-sableye walls this team
|c| Bluwing|u can't run lefties on skarm
|c|âKeldeo|dont miss
|
|move|p1a: Terrakion|Stone Edge|p2a: Venusaur
|-damage|p2a: Venusaur|0 fnt
|-damage|p1a: Terrakion|219\/323|[from] item: Life Orb
|faint|p2a: Venusaur
|
|c|âMistaken|hax imo
|
|switch|p2a: Greninja|Greninja, F|187\/285
|-damage|p2a: Greninja|152\/285|[from] Stealth Rock
|turn|25
|c|âKeldeo|this is prankster btw bluwing so hello friend ^^
|c| Bluwing|do u guys remember bw terrakion lol
|c| Bluwing|oh hi prankster ^^
|c| Bluwing|ain't u a mod tho?
|c|âKeldeo|y
|c| Bluwing|and u have a voiced alt o_o
|c| Bluwing|thats p neat
|c|âKeldeo|y
|
|switch|p1a: Rotom-Wash|Rotom-Wash|153\/303
|-damage|p1a: Rotom-Wash|116\/303|[from] Stealth Rock
|move|p2a: Greninja|Hydro Pump|p1a: Rotom-Wash
|-start|p2a: Greninja|typechange|Water|[from] Protean
|-resisted|p1a: Rotom-Wash
|-damage|p1a: Rotom-Wash|26\/303
|-damage|p2a: Greninja|124\/285|[from] item: Life Orb
|
|-heal|p1a: Rotom-Wash|44\/303|[from] item: Leftovers
|turn|26
|c|âMistaken|did u voice it?
|c|âKeldeo|taking few days off
|c|âKeldeo|from moderating
|c| Bluwing|ah ic
|c| Bluwing|im hunting 3 badges now and it's gonna be hard af lol
|
|move|p2a: Greninja|Ice Beam|p1a: Rotom-Wash
|-start|p2a: Greninja|typechange|Ice|[from] Protean
|-resisted|p1a: Rotom-Wash
|-damage|p1a: Rotom-Wash|0 fnt
|-damage|p2a: Greninja|96\/285|[from] item: Life Orb
|faint|p1a: Rotom-Wash
|
|c|âMistaken|mods prob get pm'd a lot
|c| Bluwing|tho im vlose to one
|
|switch|p1a: Landorus-Therian|Landorus-Therian, M|250\/319
|-damage|p1a: Landorus-Therian|211\/319|[from] Stealth Rock
|-ability|p1a: Landorus-Therian|Intimidate|[of] p2a: Greninja
|-unboost|p2a: Greninja|atk|1
|turn|27
|
|switch|p2a: Landorus-Therian|Landorus-Therian, M|285\/325
|-damage|p2a: Landorus-Therian|245\/325|[from] Stealth Rock
|-ability|p2a: Landorus-Therian|Intimidate|[of] p1a: Landorus-Therian
|-unboost|p1a: Landorus-Therian|atk|1
|move|p1a: Landorus-Therian|U-turn|p2a: Landorus-Therian
|-resisted|p2a: Landorus-Therian
|-damage|p2a: Landorus-Therian|213\/325
|
|switch|p1a: Terrakion|Terrakion|219\/323
|-damage|p1a: Terrakion|199\/323|[from] Stealth Rock
|
|turn|28
|
|switch|p1a: Landorus-Therian|Landorus-Therian, M|211\/319
|-damage|p1a: Landorus-Therian|172\/319|[from] Stealth Rock
|-ability|p1a: Landorus-Therian|Intimidate|[of] p2a: Landorus-Therian
|-unboost|p2a: Landorus-Therian|atk|1
|move|p2a: Landorus-Therian|Earthquake|p1a: Landorus-Therian
|-immune|p1a: Landorus-Therian|[msg]
|
|turn|29
|leave|Alt 15
|
|move|p2a: Landorus-Therian|Earthquake|p1a: Landorus-Therian
|-immune|p1a: Landorus-Therian|[msg]
|move|p1a: Landorus-Therian|Earthquake|p2a: Landorus-Therian
|-immune|p2a: Landorus-Therian|[msg]
|
|turn|30
|c|âMistaken|o man
|
|move|p2a: Landorus-Therian|Earthquake|p1a: Landorus-Therian
|-immune|p1a: Landorus-Therian|[msg]
|move|p1a: Landorus-Therian|Earthquake|p2a: Landorus-Therian
|-immune|p2a: Landorus-Therian|[msg]
|
|turn|31
|
|move|p2a: Landorus-Therian|Earthquake|p1a: Landorus-Therian
|-immune|p1a: Landorus-Therian|[msg]
|move|p1a: Landorus-Therian|Earthquake|p2a: Landorus-Therian
|-immune|p2a: Landorus-Therian|[msg]
|
|turn|32
|
|move|p2a: Landorus-Therian|Earthquake|p1a: Landorus-Therian
|-immune|p1a: Landorus-Therian|[msg]
|move|p1a: Landorus-Therian|Earthquake|p2a: Landorus-Therian
|-immune|p2a: Landorus-Therian|[msg]
|
|turn|33
|
|move|p1a: Landorus-Therian|Earthquake|p2a: Landorus-Therian
|-immune|p2a: Landorus-Therian|[msg]
|move|p2a: Landorus-Therian|Earthquake|p1a: Landorus-Therian
|-immune|p1a: Landorus-Therian|[msg]
|
|turn|34
|
|move|p2a: Landorus-Therian|Earthquake|p1a: Landorus-Therian
|-immune|p1a: Landorus-Therian|[msg]
|move|p1a: Landorus-Therian|Earthquake|p2a: Landorus-Therian
|-immune|p2a: Landorus-Therian|[msg]
|
|turn|35
|
|move|p1a: Landorus-Therian|Earthquake|p2a: Landorus-Therian
|-immune|p2a: Landorus-Therian|[msg]
|move|p2a: Landorus-Therian|Earthquake|p1a: Landorus-Therian
|-immune|p1a: Landorus-Therian|[msg]
|
|turn|36
|
|move|p2a: Landorus-Therian|Earthquake|p1a: Landorus-Therian
|-immune|p1a: Landorus-Therian|[msg]
|move|p1a: Landorus-Therian|Earthquake|p2a: Landorus-Therian
|-immune|p2a: Landorus-Therian|[msg]
|
|turn|37
|join|gamerguy1123
|
|move|p2a: Landorus-Therian|Earthquake|p1a: Landorus-Therian
|-immune|p1a: Landorus-Therian|[msg]
|move|p1a: Landorus-Therian|Earthquake|p2a: Landorus-Therian
|-immune|p2a: Landorus-Therian|[msg]
|
|turn|38
|
|switch|p1a: Latios|Latios, M|160\/301
|-damage|p1a: Latios|123\/301|[from] Stealth Rock
|move|p2a: Landorus-Therian|Earthquake|p1a: Latios
|-immune|p1a: Latios|[msg]
|
|turn|39
|c|âMistaken|I've been waiting for taht
|c|âMistaken|forever
|join|allstar124
|leave|allstar124
|
|switch|p2a: Heatran|Heatran, M|281\/386
|-damage|p2a: Heatran|233\/386|[from] Stealth Rock
|move|p1a: Latios|Roost|p1a: Latios
|-heal|p1a: Latios|274\/301
|
|-heal|p2a: Heatran|257\/386|[from] item: Leftovers
|turn|40
|c|âKeldeo|i wanna double to terrak here
|c|âKeldeo|oh well
|c|âMistaken|i almost stayed in
|c|âKeldeo|ik
|c|âMistaken|but mainly take risks with ho
|c| gamerguy1123|what is ho
|
|move|p1a: Latios|Psyshock|p2a: Heatran
|-resisted|p2a: Heatran
|-damage|p2a: Heatran|162\/386
|-damage|p1a: Latios|244\/301|[from] item: Life Orb
|move|p2a: Heatran|Toxic|p1a: Latios
|-status|p1a: Latios|tox
|
|-heal|p2a: Heatran|186\/386|[from] item: Leftovers
|-damage|p1a: Latios|226\/301 tox|[from] psn
|turn|41
|c|âMistaken|hyper offense
|c| gamerguy1123|that's what I thought. olay
|
|move|p1a: Latios|Draco Meteor|p2a: Heatran|[miss]
|-miss|p1a: Latios|p2a: Heatran
|move|p2a: Heatran|Lava Plume|p1a: Latios
|-resisted|p1a: Latios
|-damage|p1a: Latios|174\/301 tox
|
|-heal|p2a: Heatran|210\/386|[from] item: Leftovers
|-damage|p1a: Latios|138\/301 tox|[from] psn
|turn|42
|c| willwolf|lava plume his candy ass
|
|switch|p1a: Heatran|Heatran, F, shiny|201\/385
|-damage|p1a: Heatran|153\/385|[from] Stealth Rock
|move|p2a: Heatran|Protect|p2a: Heatran
|-fail|p2a: Heatran
|
|-heal|p2a: Heatran|234\/386|[from] item: Leftovers
|turn|43
|
|move|p2a: Heatran|Protect|p2a: Heatran
|-singleturn|p2a: Heatran|Protect
|move|p1a: Heatran|Lava Plume|p2a: Heatran
|-activate|p2a: Heatran|Protect
|
|-heal|p2a: Heatran|258\/386|[from] item: Leftovers
|turn|44
|
|switch|p2a: Landorus-Therian|Landorus-Therian, M|213\/325
|-damage|p2a: Landorus-Therian|173\/325|[from] Stealth Rock
|-ability|p2a: Landorus-Therian|Intimidate|[of] p1a: Heatran
|-unboost|p1a: Heatran|atk|1
|move|p1a: Heatran|Taunt|p2a: Landorus-Therian
|-start|p2a: Landorus-Therian|move: Taunt
|
|turn|45
|leave|gamerguy1123
|
|switch|p1a: Landorus-Therian|Landorus-Therian, M|172\/319
|-damage|p1a: Landorus-Therian|133\/319|[from] Stealth Rock
|-ability|p1a: Landorus-Therian|Intimidate|[of] p2a: Landorus-Therian
|-unboost|p2a: Landorus-Therian|atk|1
|move|p2a: Landorus-Therian|Superpower|p1a: Landorus-Therian
|-resisted|p1a: Landorus-Therian
|-damage|p1a: Landorus-Therian|75\/319
|-unboost|p2a: Landorus-Therian|atk|1
|-unboost|p2a: Landorus-Therian|def|1
|
|turn|46
|join|Palimeister
|
|move|p2a: Landorus-Therian|Superpower|p1a: Landorus-Therian
|-resisted|p1a: Landorus-Therian
|-damage|p1a: Landorus-Therian|33\/319
|-unboost|p2a: Landorus-Therian|atk|1
|-unboost|p2a: Landorus-Therian|def|1
|move|p1a: Landorus-Therian|U-turn|p2a: Landorus-Therian
|-resisted|p2a: Landorus-Therian
|-damage|p2a: Landorus-Therian|79\/325
|c|âMistaken|nice
|
|switch|p1a: Latios|Latios, M|138\/301 tox
|-damage|p1a: Latios|101\/301 tox|[from] Stealth Rock
|
|-damage|p1a: Latios|83\/301 tox|[from] psn
|turn|47
|
|switch|p2a: Heatran|Heatran, M|258\/386
|-damage|p2a: Heatran|210\/386|[from] Stealth Rock
|move|p1a: Latios|Roost|p1a: Latios
|-heal|p1a: Latios|234\/301 tox
|
|-heal|p2a: Heatran|234\/386|[from] item: Leftovers
|-damage|p1a: Latios|198\/301 tox|[from] psn
|turn|48
|
|switch|p1a: Terrakion|Terrakion|199\/323
|-damage|p1a: Terrakion|179\/323|[from] Stealth Rock
|move|p2a: Heatran|Protect|p2a: Heatran
|-fail|p2a: Heatran
|
|-heal|p2a: Heatran|258\/386|[from] item: Leftovers
|turn|49
|c|âMistaken|nooooo
|
|move|p2a: Heatran|Protect|p2a: Heatran
|-singleturn|p2a: Heatran|Protect
|move|p1a: Terrakion|Close Combat|p2a: Heatran
|-activate|p2a: Heatran|Protect
|
|-heal|p2a: Heatran|282\/386|[from] item: Leftovers
|turn|50
|c|âMistaken|terrak is scary
|c|âKeldeo|i play xy with bloo\/mcm\/hugo\/etc a lot so i can make plays ;]
|
|switch|p2a: Raikou|Raikou|321\/321
|-damage|p2a: Raikou|281\/321|[from] Stealth Rock
|-ability|p2a: Raikou|Pressure
|move|p1a: Terrakion|Close Combat|p2a: Raikou
|-damage|p2a: Raikou|0 fnt
|-unboost|p1a: Terrakion|def|1
|-unboost|p1a: Terrakion|spd|1
|-damage|p1a: Terrakion|147\/323|[from] item: Life Orb
|faint|p2a: Raikou
|
|
|switch|p2a: Greninja|Greninja, F|96\/285
|-damage|p2a: Greninja|61\/285|[from] Stealth Rock
|turn|51
|leave|TheLaughingCats
|leave|Palimeister
|c|âKeldeo|thinking for a sec so i dont choke this
|
|switch|p1a: Heatran|Heatran, F, shiny|153\/385
|-damage|p1a: Heatran|105\/385|[from] Stealth Rock
|move|p2a: Greninja|Ice Beam|p1a: Heatran
|-start|p2a: Greninja|typechange|Ice|[from] Protean
|-resisted|p1a: Heatran
|-damage|p1a: Heatran|69\/385
|-status|p1a: Heatran|frz
|-damage|p2a: Greninja|33\/285|[from] item: Life Orb
|
|turn|52
|c|âMistaken|damn it
|leave|willwolf
|
|move|p2a: Greninja|Dark Pulse|p1a: Heatran
|-start|p2a: Greninja|typechange|Dark|[from] Protean
|-damage|p1a: Heatran|0 fnt
|-damage|p2a: Greninja|5\/285|[from] item: Life Orb
|faint|p1a: Heatran
|
|
|switch|p1a: Latios|Latios, M|198\/301 tox
|-damage|p1a: Latios|161\/301 tox|[from] Stealth Rock
|turn|53
|
|move|p2a: Greninja|Ice Beam|p1a: Latios
|-start|p2a: Greninja|typechange|Ice|[from] Protean
|-supereffective|p1a: Latios
|-damage|p1a: Latios|0 fnt
|-damage|p2a: Greninja|0 fnt|[from] item: Life Orb
|faint|p1a: Latios
|faint|p2a: Greninja
|
|
|switch|p2a: Landorus-Therian|Landorus-Therian, M|79\/325
|switch|p1a: Terrakion|Terrakion|147\/323
|-damage|p2a: Landorus-Therian|39\/325|[from] Stealth Rock
|-ability|p2a: Landorus-Therian|Intimidate|[of] p1a: Terrakion
|-unboost|p1a: Terrakion|atk|1
|-damage|p1a: Terrakion|127\/323|[from] Stealth Rock
|turn|54
|
|switch|p1a: Landorus-Therian|Landorus-Therian, M|33\/319
|-damage|p1a: Landorus-Therian|0 fnt|[from] Stealth Rock
|faint|p1a: Landorus-Therian
|move|p2a: Landorus-Therian|Earthquake|p1: Landorus-Therian|[notarget]
|-notarget
|
|
|switch|p1a: Venusaur|Venusaur, M|359\/359
|-damage|p1a: Venusaur|315\/359|[from] Stealth Rock
|turn|55
|c|âMistaken|well keldeo=2  mistaken=0
|
|switch|p2a: Heatran|Heatran, M|282\/386
|-damage|p2a: Heatran|234\/386|[from] Stealth Rock
|detailschange|p1a: Venusaur|Venusaur-Mega, M
|-mega|p1a: Venusaur|Venusaur|Venusaurite
|move|p1a: Venusaur|Giga Drain|p2a: Heatran
|-resisted|p2a: Heatran
|-damage|p2a: Heatran|207\/386
|-heal|p1a: Venusaur|329\/359|[from] drain|[of] p2a: Heatran
|
|-heal|p2a: Heatran|231\/386|[from] item: Leftovers
|turn|56
|
|move|p2a: Heatran|Lava Plume|p1a: Venusaur
|-supereffective|p1a: Venusaur
|-damage|p1a: Venusaur|225\/359
|move|p1a: Venusaur|Giga Drain|p2a: Heatran
|-resisted|p2a: Heatran
|-damage|p2a: Heatran|204\/386
|-heal|p1a: Venusaur|239\/359|[from] drain|[of] p2a: Heatran
|
|-heal|p2a: Heatran|228\/386|[from] item: Leftovers
|turn|57
|c|âMistaken|if i had a bit more hp
|
|move|p2a: Heatran|Lava Plume|p1a: Venusaur
|-supereffective|p1a: Venusaur
|-damage|p1a: Venusaur|131\/359
|move|p1a: Venusaur|Synthesis|p1a: Venusaur
|-heal|p1a: Venusaur|310\/359
|
|-heal|p2a: Heatran|252\/386|[from] item: Leftovers
|turn|58
|c|âKeldeo|i almost defogged earlier but needed gren gone
|join|gamerguy1123
|
|move|p2a: Heatran|Lava Plume|p1a: Venusaur
|-supereffective|p1a: Venusaur
|-damage|p1a: Venusaur|202\/359
|move|p1a: Venusaur|Giga Drain|p2a: Heatran
|-resisted|p2a: Heatran
|-damage|p2a: Heatran|225\/386
|-heal|p1a: Venusaur|216\/359|[from] drain|[of] p2a: Heatran
|
|-heal|p2a: Heatran|249\/386|[from] item: Leftovers
|turn|59
|c|âMistaken|yeah gren was biggest threat
|c|âKeldeo|this is an old team when gren was big
|
|move|p2a: Heatran|Lava Plume|p1a: Venusaur
|-supereffective|p1a: Venusaur
|-damage|p1a: Venusaur|106\/359
|move|p1a: Venusaur|Giga Drain|p2a: Heatran
|-resisted|p2a: Heatran
|-damage|p2a: Heatran|219\/386
|-heal|p1a: Venusaur|121\/359|[from] drain|[of] p2a: Heatran
|
|-heal|p2a: Heatran|243\/386|[from] item: Leftovers
|turn|60
|c|âKeldeo|so it's gren weak
|c|âMistaken|this team I'm using so weak to lando i
|c|âMistaken|and just ground type moves in general
|
|move|p2a: Heatran|Lava Plume|p1a: Venusaur
|-supereffective|p1a: Venusaur
|-damage|p1a: Venusaur|19\/359
|-status|p1a: Venusaur|brn
|move|p1a: Venusaur|Giga Drain|p2a: Heatran
|-resisted|p2a: Heatran
|-damage|p2a: Heatran|216\/386
|-heal|p1a: Venusaur|33\/359 brn|[from] drain|[of] p2a: Heatran
|
|-heal|p2a: Heatran|240\/386|[from] item: Leftovers
|-damage|p1a: Venusaur|0 fnt|[from] brn
|faint|p1a: Venusaur
|c|âKeldeo|gg
|
|switch|p1a: Terrakion|Terrakion|127\/323
|-damage|p1a: Terrakion|107\/323|[from] Stealth Rock
|turn|61
|c|âMistaken|i needed 1%
|c|âMistaken|lol
|
|move|p2a: Heatran|Protect|p2a: Heatran
|-singleturn|p2a: Heatran|Protect
|move|p1a: Terrakion|Close Combat|p2a: Heatran
|-activate|p2a: Heatran|Protect
|
|-heal|p2a: Heatran|264\/386|[from] item: Leftovers
|turn|62
|
|move|p1a: Terrakion|Close Combat|p2a: Heatran
|-supereffective|p2a: Heatran
|-damage|p2a: Heatran|0 fnt
|-unboost|p1a: Terrakion|def|1
|-unboost|p1a: Terrakion|spd|1
|-damage|p1a: Terrakion|75\/323|[from] item: Life Orb
|faint|p2a: Heatran
|
|c|âMistaken|gg
|
|switch|p2a: Landorus-Therian|Landorus-Therian, M|39\/325
|-damage|p2a: Landorus-Therian|0 fnt|[from] Stealth Rock
|faint|p2a: Landorus-Therian
|
|win|Keldeo
|c|âKeldeo|wp