|join|Keldeo
|join|Mistaken
|player|p1|Keldeo|101
|player|p2|Mistaken|92
|gametype|singles
|gen|6
|tier|OU
|clearpoke
|poke|p1|Scizor, F
|poke|p1|Manaphy
|poke|p1|Latios, M
|poke|p1|Talonflame, M
|poke|p1|Clefable, M, shiny
|poke|p1|Rhyperior, M
|poke|p2|Tyranitar, M
|poke|p2|Excadrill, F
|poke|p2|Charizard, M
|poke|p2|Keldeo
|poke|p2|Talonflame, F
|poke|p2|Dragonite, F
|rule|Swagger Clause: Swagger is banned
|rule|Baton Pass Clause: Limit one PokÃ©mon knowing Baton Pass
|rule|Sleep Clause Mod: Limit one foe put to sleep
|rule|Species Clause: Limit one of each PokÃ©mon
|rule|OHKO Clause: OHKO moves are banned
|rule|Moody Clause: Moody is banned
|rule|Evasion Moves Clause: Evasion moves are banned
|rule|Endless Battle Clause: Forcing endless battles is banned
|rule|HP Percentage Mod: HP is shown in percentages
|teampreview
|c|âKeldeo|the order team with 1 mon diff
|c|âMistaken|2 mon*
|c|âKeldeo|oh, zard
|c|âMistaken|that usemd to be my fav tea
|
|start
|switch|p1a: Manaphy|Manaphy|361\/361
|switch|p2a: UNO|Tyranitar, M|355\/355
|-weather|Sandstorm
|turn|1
|c|âMistaken|like the names?
|
|move|p1a: Manaphy|Surf|p2a: UNO
|-supereffective|p2a: UNO
|-damage|p2a: UNO|211\/355
|move|p2a: UNO|Stealth Rock|p1a: Manaphy
|-sidestart|p1: Keldeo|move: Stealth Rock
|
|-weather|Sandstorm|[upkeep]
|-damage|p1a: Manaphy|339\/361|[from] sandstorm
|-heal|p1a: Manaphy|361\/361|[from] item: Leftovers
|turn|2
|
|switch|p2a: QUATRO|Keldeo|323\/323
|move|p1a: Manaphy|Tail Glow|p1a: Manaphy
|-boost|p1a: Manaphy|spa|3
|
|-weather|Sandstorm|[upkeep]
|-damage|p2a: QUATRO|303\/323|[from] sandstorm
|-damage|p1a: Manaphy|339\/361|[from] sandstorm
|-heal|p1a: Manaphy|361\/361|[from] item: Leftovers
|turn|3
|
|move|p2a: QUATRO|Secret Sword|p1a: Manaphy
|-damage|p1a: Manaphy|151\/361
|move|p1a: Manaphy|Energy Ball|p2a: QUATRO
|-supereffective|p2a: QUATRO
|-damage|p2a: QUATRO|0 fnt
|faint|p2a: QUATRO
|
|-weather|Sandstorm|[upkeep]
|-damage|p1a: Manaphy|129\/361|[from] sandstorm
|-heal|p1a: Manaphy|151\/361|[from] item: Leftovers
|c|âMistaken|that rhyperior
|
|switch|p2a: DOS|Excadrill, F|361\/361
|turn|4
|c|âMistaken|walls my cleaners
|c|âMistaken|just gonna eq
|
|move|p2a: DOS|Earthquake|p1a: Manaphy
|-damage|p1a: Manaphy|0 fnt
|-damage|p2a: DOS|325\/361|[from] item: Life Orb
|faint|p1a: Manaphy
|
|-weather|Sandstorm|[upkeep]
|
|switch|p1a: Scizor|Scizor, F|281\/281
|-damage|p1a: Scizor|246\/281|[from] Stealth Rock
|turn|5
|
|switch|p2a: CINCO|Talonflame, F|297\/297
|detailschange|p1a: Scizor|Scizor-Mega, F
|-mega|p1a: Scizor|Scizor|Scizorite
|move|p1a: Scizor|Superpower|p2a: CINCO
|-resisted|p2a: CINCO
|-damage|p2a: CINCO|187\/297
|-unboost|p1a: Scizor|atk|1
|-unboost|p1a: Scizor|def|1
|
|-weather|Sandstorm|[upkeep]
|-damage|p2a: CINCO|169\/297|[from] sandstorm
|turn|6
|
|switch|p1a: Rhyperior|Rhyperior, M|424\/424
|-damage|p1a: Rhyperior|398\/424|[from] Stealth Rock
|move|p2a: CINCO|Flare Blitz|p1a: Rhyperior
|-resisted|p1a: Rhyperior
|-damage|p1a: Rhyperior|319\/424
|-damage|p2a: CINCO|143\/297|[from] recoil|[of] p1a: Rhyperior
|
|-weather|Sandstorm|[upkeep]
|-damage|p2a: CINCO|125\/297|[from] sandstorm
|-heal|p1a: Rhyperior|345\/424|[from] item: Leftovers
|turn|7
|c|âMistaken|so i have the match up advantage right
|join|TheLaughingCats
|c|âKeldeo|y
|
|switch|p2a: DOS|Excadrill, F|325\/361
|move|p1a: Rhyperior|Earthquake|p2a: DOS
|-supereffective|p2a: DOS
|-damage|p2a: DOS|0 fnt
|faint|p2a: DOS
|
|-weather|Sandstorm|[upkeep]
|-heal|p1a: Rhyperior|371\/424|[from] item: Leftovers
|
|switch|p2a: TRES|Charizard, M|297\/297
|turn|8
|
|switch|p1a: Latios|Latios, M|301\/301
|-damage|p1a: Latios|264\/301|[from] Stealth Rock
|detailschange|p2a: TRES|Charizard-Mega-Y, M
|-mega|p2a: TRES|Charizard|Charizardite Y
|-weather|SunnyDay
|move|p2a: TRES|Solar Beam|p1a: Latios|[still]
|-prepare|p2a: TRES|Solar Beam|p1a: Latios
|-anim|p2a: TRES|Solar Beam|p1a: Latios
|-resisted|p1a: Latios
|-damage|p1a: Latios|179\/301
|
|-weather|SunnyDay|[upkeep]
|turn|9
|join|vervejl
|
|switch|p2a: CINCO|Talonflame, F|125\/297
|move|p1a: Latios|Draco Meteor|p2a: CINCO
|-damage|p2a: CINCO|0 fnt
|-unboost|p1a: Latios|spa|2
|-damage|p1a: Latios|149\/301|[from] item: Life Orb
|faint|p2a: CINCO
|
|-weather|SunnyDay|[upkeep]
|c|âMistaken|ok i c
|
|switch|p2a: UNO|Tyranitar, M|211\/355
|-weather|Sandstorm
|turn|10
|c|âKeldeo|it 2hkos tar
|c|âKeldeo|so no reason not too
|
|move|p1a: Latios|Defog|p2a: UNO
|-unboost|p2a: UNO|evasion|1
|-sideend|p1: Keldeo|Stealth Rock|[from] move: Defog|[of] p1a: Latios
|move|p2a: UNO|Pursuit|p1a: Latios
|-supereffective|p1a: Latios
|-damage|p1a: Latios|0 fnt
|faint|p1a: Latios
|
|-weather|Sandstorm|[upkeep]
|c|âMistaken|i was curious if you were gonna risk a double
|c|âKeldeo|no reason too
|c|âKeldeo|im in the best advantage no matter your move with latios
|c| TheLaughingCats|doesnt char y\/ttar win this
|c| TheLaughingCats|o.o
|
|switch|p1a: Scizor|Scizor-Mega, F|246\/281
|turn|11
|c|âKeldeo|no
|c|âKeldeo|im spdef talon
|c|âMistaken|damn
|c| TheLaughingCats|tar
|c|âKeldeo|is sash
|c|âKeldeo|and i can get up rocks at some point here
|c|âKeldeo|so
|
|switch|p2a: TRES|Charizard-Mega-Y, M|297\/297
|-weather|SunnyDay
|move|p1a: Scizor|Superpower|p2a: TRES
|-resisted|p2a: TRES
|-damage|p2a: TRES|197\/297
|-unboost|p1a: Scizor|atk|1
|-unboost|p1a: Scizor|def|1
|
|-weather|SunnyDay|[upkeep]
|turn|12
|c| TheLaughingCats|just hp rock
|c| TheLaughingCats|*-*
|
|switch|p2a: UNO|Tyranitar, M|211\/355
|-weather|Sandstorm
|switch|p1a: Talonflame|Talonflame, M|359\/359
|
|-weather|Sandstorm|[upkeep]
|-damage|p1a: Talonflame|337\/359|[from] sandstorm
|-heal|p1a: Talonflame|359\/359|[from] item: Leftovers
|turn|13
|c|âKeldeo|now rocks or pursuit
|c|âKeldeo|doesnt matter
|c|âKeldeo|because i get rocks here
|c|âKeldeo|putting zard in bp range
|c|âMistaken|im obv gonna stone edge
|c|âKeldeo|after rocks
|c| TheLaughingCats|y he stone edges
|c| TheLaughingCats|then ice beam crit
|c| TheLaughingCats|ezpz
|c| TheLaughingCats|or spower
|c| TheLaughingCats|:T
|c|âMistaken|or iron head
|
|switch|p1a: Rhyperior|Rhyperior, M|371\/424
|move|p2a: UNO|Stealth Rock|p1a: Rhyperior
|-sidestart|p1: Keldeo|move: Stealth Rock
|
|-weather|Sandstorm|[upkeep]
|-heal|p1a: Rhyperior|397\/424|[from] item: Leftovers
|turn|14
|c|âKeldeo|i actually try when i play you
|c|âKeldeo|i dont usually try unless tour
|c|âMistaken|thanks :)
|c| TheLaughingCats|u could risk zard y
|c| TheLaughingCats|but get hit
|c|âMistaken|no
|join|Win Conditioner
|c| TheLaughingCats|or die to rocks
|c|âKeldeo|he could but then i'd sack clef
|c| TheLaughingCats|:T
|
|switch|p2a: TRES|Charizard-Mega-Y, M|197\/297
|-weather|SunnyDay
|move|p1a: Rhyperior|Stealth Rock|p2a: TRES
|-sidestart|p2: Mistaken|move: Stealth Rock
|
|-weather|SunnyDay|[upkeep]
|-heal|p1a: Rhyperior|423\/424|[from] item: Leftovers
|turn|15
|c| TheLaughingCats|go to dnite ddance ezpz
|c|âMistaken|i need to kill this mon
|c|âMistaken|right now
|
|switch|p1a: Clefable|Clefable, M, shiny|394\/394
|move|p2a: TRES|Solar Beam|p1a: Clefable|[still]
|-prepare|p2a: TRES|Solar Beam|p1a: Clefable
|-anim|p2a: TRES|Solar Beam|p1a: Clefable
|-damage|p1a: Clefable|238\/394
|
|-weather|SunnyDay|[upkeep]
|-heal|p1a: Clefable|262\/394|[from] item: Leftovers
|turn|16
|
|move|p2a: TRES|Fire Blast|p1a: Clefable|[miss]
|-miss|p2a: TRES|p1a: Clefable
|move|p1a: Clefable|Moonblast|p2a: TRES
|-resisted|p2a: TRES
|-damage|p2a: TRES|152\/297
|-unboost|p2a: TRES|spa|1
|
|-weather|SunnyDay|[upkeep]
|-heal|p1a: Clefable|286\/394|[from] item: Leftovers
|turn|17
|c|âMistaken|:(
|c|âMistaken|didnt matter
|join|mouse de frank
|
|move|p2a: TRES|Roost|p2a: TRES
|-heal|p2a: TRES|297\/297
|move|p1a: Clefable|Soft-Boiled|p1a: Clefable
|-heal|p1a: Clefable|394\/394
|
|-weather|SunnyDay|[upkeep]
|turn|18
|c|âMistaken|or did it i dont know
|leave|mouse de frank
|
|switch|p2a: UNO|Tyranitar, M|211\/355
|-damage|p2a: UNO|167\/355|[from] Stealth Rock
|-weather|Sandstorm
|move|p1a: Clefable|Calm Mind|p1a: Clefable
|-boost|p1a: Clefable|spa|1
|-boost|p1a: Clefable|spd|1
|
|-weather|Sandstorm|[upkeep]
|turn|19
|
|move|p2a: UNO|Stone Edge|p1a: Clefable
|-damage|p1a: Clefable|178\/394
|move|p1a: Clefable|Moonblast|p2a: UNO
|-supereffective|p2a: UNO
|-damage|p2a: UNO|0 fnt
|faint|p2a: UNO
|
|-weather|Sandstorm|[upkeep]
|-heal|p1a: Clefable|202\/394|[from] item: Leftovers
|
|switch|p2a: TRES|Charizard-Mega-Y, M|297\/297
|-damage|p2a: TRES|149\/297|[from] Stealth Rock
|-weather|SunnyDay
|turn|20
|c|âKeldeo|if i had scald over surf i would have tg turn 1
|c|âKeldeo|then hoped for scald burn
|
|move|p2a: TRES|Fire Blast|p1a: Clefable
|-damage|p1a: Clefable|0 fnt
|faint|p1a: Clefable
|
|-weather|SunnyDay|[upkeep]
|c|âMistaken|scald burns happen way more than 30%
|
|switch|p1a: Talonflame|Talonflame, M|359\/359
|-damage|p1a: Talonflame|180\/359|[from] Stealth Rock
|turn|21
|
|switch|p2a: SEIS|Dragonite, F|323\/323
|-damage|p2a: SEIS|243\/323|[from] Stealth Rock
|move|p1a: Talonflame|Roost|p1a: Talonflame
|-heal|p1a: Talonflame|359\/359
|
|-weather|SunnyDay|[upkeep]
|turn|22
|join|MoB Barley
|c|âKeldeo|about to be 3-0 me for the series :]
|c| MoB Barley|i like your build prank
|
|switch|p1a: Rhyperior|Rhyperior, M|423\/424
|-damage|p1a: Rhyperior|397\/424|[from] Stealth Rock
|move|p2a: SEIS|Outrage|p1a: Rhyperior
|-damage|p1a: Rhyperior|144\/424
|
|-weather|SunnyDay|[upkeep]
|-heal|p1a: Rhyperior|170\/424|[from] item: Leftovers
|turn|23
|
|move|p2a: SEIS|Outrage|p1a: Rhyperior
|-damage|p1a: Rhyperior|0 fnt
|faint|p1a: Rhyperior
|
|-end|p2a: SEIS|rampage
|-start|p2a: SEIS|confusion
|-weather|SunnyDay|[upkeep]
|
|switch|p1a: Scizor|Scizor-Mega, F|246\/281
|-damage|p1a: Scizor|211\/281|[from] Stealth Rock
|turn|24
|join|BoxedOccaBerrys
|leave|MoB Barley
|c|âMistaken|yeah its 3-0
|
|switch|p2a: TRES|Charizard-Mega-Y, M|149\/297
|-damage|p2a: TRES|1\/297|[from] Stealth Rock
|move|p1a: Scizor|Swords Dance|p1a: Scizor
|-boost|p1a: Scizor|atk|2
|
|-weather|none
|turn|25
|c|âKeldeo|gg
|c|âMistaken|gg
|leave|BoxedOccaBerrys
|
|move|p1a: Scizor|Bullet Punch|p2a: TRES
|-resisted|p2a: TRES
|-damage|p2a: TRES|0 fnt
|faint|p2a: TRES
|
|leave|TheLaughingCats
|
|switch|p2a: SEIS|Dragonite, F|243\/323
|-damage|p2a: SEIS|163\/323|[from] Stealth Rock
|turn|26
|
|move|p1a: Scizor|Bullet Punch|p2a: SEIS
|-damage|p2a: SEIS|0 fnt
|faint|p2a: SEIS
|
|win|Keldeo
|leave|Win Conditioner
|leave|Mistaken