|join|Aim for the top
|join|Mistaken
|player|p1|Aim for the top|266
|player|p2|Mistaken|264
|gametype|singles
|gen|6
|tier|OU
|rated
|clearpoke
|poke|p1|Metagross
|poke|p1|Keldeo
|poke|p1|Bisharp, F
|poke|p1|Clefable, M
|poke|p1|Latias, F
|poke|p1|Landorus-Therian, M
|poke|p2|Zapdos, shiny
|poke|p2|Chansey, F
|poke|p2|Gliscor, M
|poke|p2|Clefable, F
|poke|p2|Slowbro, M, shiny
|poke|p2|Scizor, M
|rule|Swagger Clause: Swagger is banned
|rule|Baton Pass Clause: Limit one PokÃ©mon knowing Baton Pass
|rule|Sleep Clause Mod: Limit one foe put to sleep
|rule|Species Clause: Limit one of each PokÃ©mon
|rule|OHKO Clause: OHKO moves are banned
|rule|Moody Clause: Moody is banned
|rule|Evasion Moves Clause: Evasion moves are banned
|rule|Endless Battle Clause: Forcing endless battles is banned
|rule|HP Percentage Mod: HP is shown in percentages
|teampreview
|c|âMistaken|gl hf
|c|âAim for the top|u too
|
|start
|switch|p1a: Metagross|Metagross|301\/301
|switch|p2a: Gliscor|Gliscor, M|353\/353
|turn|1
|c|âMistaken|do people think that ur poke aim?
|c|âAim for the top|alot
|
|switch|p1a: Landorus-Therian|Landorus-Therian, M|319\/319
|-ability|p1a: Landorus-Therian|Intimidate|[of] p2a: Gliscor
|-unboost|p2a: Gliscor|atk|1
|switch|p2a: Scizor|Scizor, M|343\/343
|
|turn|2
|
|switch|p2a: Gliscor|Gliscor, M|353\/353
|move|p1a: Landorus-Therian|Stealth Rock|p2a: Gliscor
|-sidestart|p2: Mistaken|move: Stealth Rock
|
|-status|p2a: Gliscor|tox|[from] item: Toxic Orb
|turn|3
|
|switch|p1a: Clefable|Clefable, M|394\/394
|move|p2a: Gliscor|Knock Off|p1a: Clefable
|-crit|p1a: Clefable
|-resisted|p1a: Clefable
|-damage|p1a: Clefable|350\/394
|-enditem|p1a: Clefable|Leftovers|[from] move: Knock Off|[of] p2a: Gliscor
|
|turn|4
|
|move|p2a: Gliscor|Taunt|p1a: Clefable
|-start|p1a: Clefable|move: Taunt
|cant|p1a: Clefable|move: Taunt|Calm Mind
|
|turn|5
|
|move|p2a: Gliscor|Earthquake|p1a: Clefable
|-damage|p1a: Clefable|251\/394
|move|p1a: Clefable|Moonblast|p2a: Gliscor
|-damage|p2a: Gliscor|257\/353 tox
|
|-heal|p2a: Gliscor|301\/353 tox|[from] ability: Poison Heal
|turn|6
|
|move|p2a: Gliscor|Knock Off|p1a: Clefable
|-resisted|p1a: Clefable
|-damage|p1a: Clefable|229\/394
|move|p1a: Clefable|Moonblast|p2a: Gliscor
|-damage|p2a: Gliscor|202\/353 tox
|-unboost|p2a: Gliscor|spa|1
|
|-heal|p2a: Gliscor|246\/353 tox|[from] ability: Poison Heal
|-end|p1a: Clefable|move: Taunt
|turn|7
|
|switch|p1a: Keldeo|Keldeo|323\/323
|move|p2a: Gliscor|Taunt|p1a: Keldeo
|-start|p1a: Keldeo|move: Taunt
|
|-heal|p2a: Gliscor|290\/353 tox|[from] ability: Poison Heal
|turn|8
|
|switch|p2a: Slowbro'ed|Slowbro, M, shiny|394\/394
|-damage|p2a: Slowbro'ed|345\/394|[from] Stealth Rock
|move|p1a: Keldeo|Scald|p2a: Slowbro'ed
|-resisted|p2a: Slowbro'ed
|-damage|p2a: Slowbro'ed|222\/394
|
|-heal|p2a: Slowbro'ed|246\/394|[from] item: Leftovers
|turn|9
|join|cpan1982
|
|switch|p1a: Bisharp|Bisharp, F|287\/287
|move|p2a: Slowbro'ed|Thunder Wave|p1a: Bisharp
|-status|p1a: Bisharp|par
|
|-heal|p2a: Slowbro'ed|270\/394|[from] item: Leftovers
|turn|10
|
|move|p1a: Bisharp|Pursuit|p2a: Slowbro'ed|[from]Pursuit
|-supereffective|p2a: Slowbro'ed
|-damage|p2a: Slowbro'ed|64\/394
|switch|p2a: Scizor|Scizor, M|343\/343
|-damage|p2a: Scizor|301\/343|[from] Stealth Rock
|
|turn|11
|c|âMistaken|i was hoping not pursuit
|
|switch|p1a: Keldeo|Keldeo|323\/323
|detailschange|p2a: Scizor|Scizor-Mega, M
|-mega|p2a: Scizor|Scizor|Scizorite
|move|p2a: Scizor|Superpower|p1a: Keldeo
|-damage|p1a: Keldeo|182\/323
|-unboost|p2a: Scizor|atk|1
|-unboost|p2a: Scizor|def|1
|
|turn|12
|c|âAim for the top|i didnt fear the burn anymore
|c| cpan1982|if u knock off a mega does it count as if he got an item ?
|c|âAim for the top|no
|c| cpan1982|thx
|
|switch|p2a: Slowbro'ed|Slowbro, M, shiny|195\/394
|-damage|p2a: Slowbro'ed|146\/394|[from] Stealth Rock
|move|p1a: Keldeo|Scald|p2a: Slowbro'ed
|-resisted|p2a: Slowbro'ed
|-damage|p2a: Slowbro'ed|11\/394
|
|-heal|p2a: Slowbro'ed|35\/394|[from] item: Leftovers
|turn|13
|c|âAim for the top|megas are a known knock off check since it doesnt get the power boost
|c|âMistaken|now keldeo a threat
|c| cpan1982|oh
|
|switch|p1a: Metagross|Metagross|301\/301
|switch|p2a: Clefable|Clefable, F|394\/394
|-damage|p2a: Clefable|345\/394|[from] Stealth Rock
|
|-heal|p2a: Clefable|369\/394|[from] item: Leftovers
|turn|14
|c| cpan1982|that's great
|join|Ryzed
|
|switch|p2a: Scizor|Scizor-Mega, M|301\/343
|-damage|p2a: Scizor|259\/343|[from] Stealth Rock
|detailschange|p1a: Metagross|Metagross-Mega
|-mega|p1a: Metagross|Metagross|Metagrossite
|move|p1a: Metagross|Meteor Mash|p2a: Scizor
|-resisted|p2a: Scizor
|-damage|p2a: Scizor|187\/343
|-boost|p1a: Metagross|atk|1
|
|turn|15
|c|âMistaken|o come on
|c|âAim for the top|sorry mate
|
|switch|p2a: Gliscor|Gliscor, M|290\/353 tox
|-damage|p2a: Gliscor|246\/353 tox|[from] Stealth Rock
|move|p1a: Metagross|Hammer Arm|p2a: Gliscor
|-resisted|p2a: Gliscor
|-damage|p2a: Gliscor|134\/353 tox
|-unboost|p1a: Metagross|spe|1
|
|-heal|p2a: Gliscor|178\/353 tox|[from] ability: Poison Heal
|turn|16
|c|âMistaken|take my eq
|
|switch|p1a: Keldeo|Keldeo|182\/323
|move|p2a: Gliscor|Earthquake|p1a: Keldeo
|-damage|p1a: Keldeo|62\/323
|
|-heal|p2a: Gliscor|222\/353 tox|[from] ability: Poison Heal
|turn|17
|
|switch|p2a: Chansey|Chansey, F|704\/704
|-damage|p2a: Chansey|616\/704|[from] Stealth Rock
|move|p1a: Keldeo|Scald|p2a: Chansey
|-damage|p2a: Chansey|472\/704
|
|turn|18
|
|switch|p1a: Bisharp|Bisharp, F|287\/287 par
|switch|p2a: Clefable|Clefable, F|369\/394
|-damage|p2a: Clefable|320\/394|[from] Stealth Rock
|
|-heal|p2a: Clefable|344\/394|[from] item: Leftovers
|turn|19
|
|switch|p2a: Scizor|Scizor-Mega, M|187\/343
|-damage|p2a: Scizor|145\/343|[from] Stealth Rock
|move|p1a: Bisharp|Iron Head|p2a: Scizor
|-resisted|p2a: Scizor
|-damage|p2a: Scizor|97\/343
|
|turn|20
|c|âMistaken|yeah my team getting weakened
|
|switch|p1a: Landorus-Therian|Landorus-Therian, M|319\/319
|-ability|p1a: Landorus-Therian|Intimidate|[of] p2a: Scizor
|-unboost|p2a: Scizor|atk|1
|move|p2a: Scizor|Roost|p2a: Scizor
|-heal|p2a: Scizor|269\/343
|
|turn|21
|c| cpan1982|roost him up
|c|âMistaken|ofc
|
|move|p1a: Landorus-Therian|U-turn|p2a: Scizor
|-resisted|p2a: Scizor
|-damage|p2a: Scizor|241\/343
|c|âMistaken|but keldeo coming in
|c| cpan1982|matybe he got something els
|
|switch|p1a: Clefable|Clefable, M|229\/394
|move|p2a: Scizor|Roost|p2a: Scizor
|-heal|p2a: Scizor|343\/343
|
|turn|22
|c| cpan1982|like fire blast
|c| cpan1982|in clefable
|c| cpan1982|*on
|c|âMistaken|damn
|c|âMistaken|nb
|c| Ryzed|bp doesnt ko?
|
|switch|p2a: Slowbro'ed|Slowbro, M, shiny|166\/394
|-damage|p2a: Slowbro'ed|117\/394|[from] Stealth Rock
|move|p1a: Clefable|Fire Blast|p2a: Slowbro'ed
|-resisted|p2a: Slowbro'ed
|-damage|p2a: Slowbro'ed|67\/394
|
|-heal|p2a: Slowbro'ed|91\/394|[from] item: Leftovers
|turn|23
|c| Ryzed|oh -1
|c| Ryzed|nvm me
|
|switch|p2a: Gliscor|Gliscor, M|222\/353 tox
|-damage|p2a: Gliscor|178\/353 tox|[from] Stealth Rock
|move|p1a: Clefable|Soft-Boiled|p1a: Clefable
|-heal|p1a: Clefable|394\/394
|
|-heal|p2a: Gliscor|222\/353 tox|[from] ability: Poison Heal
|turn|24
|c| cpan1982|wow i was right
|
|switch|p1a: Latias|Latias, F|301\/301
|move|p2a: Gliscor|Taunt|p1a: Latias
|-start|p1a: Latias|move: Taunt
|
|-heal|p2a: Gliscor|266\/353 tox|[from] ability: Poison Heal
|turn|25
|
|switch|p2a: Chansey|Chansey, F|472\/704
|-damage|p2a: Chansey|384\/704|[from] Stealth Rock
|move|p1a: Latias|Draco Meteor|p2a: Chansey
|-damage|p2a: Chansey|220\/704
|-unboost|p1a: Latias|spa|2
|-damage|p1a: Latias|271\/301|[from] item: Life Orb
|
|turn|26
|
|switch|p1a: Bisharp|Bisharp, F|287\/287 par
|move|p2a: Chansey|Soft-Boiled|p2a: Chansey
|-heal|p2a: Chansey|572\/704
|
|turn|27
|c|âMistaken|go into keldeo
|c|âMistaken|damn
|
|cant|p1a: Bisharp|par
|switch|p2a: Scizor|Scizor-Mega, M|343\/343
|-damage|p2a: Scizor|301\/343|[from] Stealth Rock
|
|turn|28
|c|âAim for the top|fuck
|c| cpan1982|what a bulky team mistaken got
|c| Ryzed|the pursuit tho
|
|switch|p1a: Landorus-Therian|Landorus-Therian, M|319\/319
|-ability|p1a: Landorus-Therian|Intimidate|[of] p2a: Scizor
|-unboost|p2a: Scizor|atk|1
|move|p2a: Scizor|Superpower|p1a: Landorus-Therian
|-resisted|p1a: Landorus-Therian
|-damage|p1a: Landorus-Therian|266\/319
|-unboost|p2a: Scizor|atk|1
|-unboost|p2a: Scizor|def|1
|
|turn|29
|c| cpan1982|he got back all his hp
|c| cpan1982|almost
|
|switch|p2a: Gliscor|Gliscor, M|266\/353 tox
|-damage|p2a: Gliscor|222\/353 tox|[from] Stealth Rock
|move|p1a: Landorus-Therian|U-turn|p2a: Gliscor
|-resisted|p2a: Gliscor
|-damage|p2a: Gliscor|182\/353 tox
|c|âMistaken|yeah it was hard to do tho
|c|âAim for the top|if that pursuit landed
|c| Ryzed|how much would it have done
|
|switch|p1a: Keldeo|Keldeo|62\/323
|
|-heal|p2a: Gliscor|226\/353 tox|[from] ability: Poison Heal
|turn|30
|c| Ryzed|LO ?
|c| cpan1982|well base of 80
|c|âMistaken|that keldeo giving me nightmares
|c| cpan1982|+ stab
|c| cpan1982|so maybe 50 %
|
|switch|p2a: Slowbro'ed|Slowbro, M, shiny|222\/394
|-damage|p2a: Slowbro'ed|173\/394|[from] Stealth Rock
|move|p1a: Keldeo|Scald|p2a: Slowbro'ed
|-resisted|p2a: Slowbro'ed
|-damage|p2a: Slowbro'ed|41\/394
|
|-heal|p2a: Slowbro'ed|65\/394|[from] item: Leftovers
|turn|31
|c|âAim for the top|idk whats the spread on chansey
|c|âAim for the top|can i get a burn goddamn
|
|switch|p2a: Chansey|Chansey, F|572\/704
|-damage|p2a: Chansey|484\/704|[from] Stealth Rock
|move|p1a: Keldeo|Scald|p2a: Chansey
|-damage|p2a: Chansey|355\/704
|-status|p2a: Chansey|brn
|
|-damage|p2a: Chansey|267\/704 brn|[from] brn
|turn|32
|c|âMistaken|ask and you shall receive
|
|switch|p1a: Metagross|Metagross-Mega|301\/301
|move|p2a: Chansey|Soft-Boiled|p2a: Chansey
|-heal|p2a: Chansey|619\/704 brn
|
|-damage|p2a: Chansey|531\/704 brn|[from] brn
|turn|33
|c|âAim for the top|well this one doesnt matter too much
|
|switch|p2a: Scizor|Scizor-Mega, M|301\/343
|-damage|p2a: Scizor|259\/343|[from] Stealth Rock
|move|p1a: Metagross|Meteor Mash|p2a: Scizor
|-resisted|p2a: Scizor
|-damage|p2a: Scizor|190\/343
|
|turn|34
|c| cpan1982|stack metor mash
|c| Ryzed|m meta not gonna break scizor
|c| cpan1982|:\/
|
|move|p1a: Metagross|Hammer Arm|p2a: Scizor
|-damage|p2a: Scizor|93\/343
|-unboost|p1a: Metagross|spe|1
|move|p2a: Scizor|Roost|p2a: Scizor
|-heal|p2a: Scizor|265\/343
|
|turn|35
|c| Ryzed|that stall team tho
|
|switch|p1a: Landorus-Therian|Landorus-Therian, M|266\/319
|-ability|p1a: Landorus-Therian|Intimidate|[of] p2a: Scizor
|-unboost|p2a: Scizor|atk|1
|move|p2a: Scizor|Swords Dance|p2a: Scizor
|-boost|p2a: Scizor|atk|2
|
|turn|36
|
|move|p1a: Landorus-Therian|Earthquake|p2a: Scizor
|-damage|p2a: Scizor|144\/343
|move|p2a: Scizor|Swords Dance|p2a: Scizor
|-boost|p2a: Scizor|atk|2
|
|turn|37
|c| cpan1982|O_O
|c|âMistaken|he will crit
|c|âMistaken|i feel it
|
|switch|p1a: Latias|Latias, F|271\/301
|move|p2a: Scizor|Roost|p2a: Scizor
|-heal|p2a: Scizor|316\/343
|
|turn|38
|c|âAim for the top|i think thats it
|c|âAim for the top|gg
|c|âAim for the top|fuck man if that chansey got pursuited and i could cancel my switch into keldeo
|c|âMistaken|if i get a min roll
|c|âMistaken|and u have hp fire
|c|âMistaken|u win
|
|move|p2a: Scizor|Bullet Punch|p1a: Latias
|-damage|p1a: Latias|13\/301
|move|p1a: Latias|Healing Wish|p1a: Latias
|faint|p1a: Latias
|
|c|âMistaken|damn min
|c| cpan1982|wut
|c|âMistaken|oml
|
|switch|p1a: Keldeo|Keldeo|62\/323
|-heal|p1a: Keldeo|323\/323|[from] move: Healing Wish
|turn|39
|c| Ryzed|its probably bulky
|c| Ryzed|like 168spa set
|c| Ryzed|a lil bulky
|c|âMistaken|+3 0+ Atk Technician Mega Scizor Bullet Punch vs. 72 HP \/ 0 Def Latias: 276-325 (86.5 - 101.8%) -- 12.5% chance to OHKO
|c|âMistaken|absolute min
|c| cpan1982|he could kill scizor off with fire black
|c| Ryzed|you're adamant?
|
|switch|p2a: Zapdos|Zapdos, shiny|384\/384
|-damage|p2a: Zapdos|288\/384|[from] Stealth Rock
|-ability|p2a: Zapdos|Pressure
|move|p1a: Keldeo|Hydro Pump|p2a: Zapdos|[miss]
|-miss|p1a: Keldeo|p2a: Zapdos
|
|-heal|p2a: Zapdos|312\/384|[from] item: Leftovers
|turn|40
|c| cpan1982|ffs
|c|âAim for the top|i would miss
|
|switch|p1a: Bisharp|Bisharp, F|287\/287 par
|switch|p2a: Chansey|Chansey, F|531\/704
|-damage|p2a: Chansey|443\/704|[from] Stealth Rock
|
|turn|41
|c| Ryzed|if you invested in def which i assume you did
|c| Ryzed|pretty sure you should use +def nature
|c| Ryzed|more efficient ev wise
|
|switch|p2a: Scizor|Scizor-Mega, M|316\/343
|-damage|p2a: Scizor|274\/343|[from] Stealth Rock
|move|p1a: Bisharp|Knock Off|p2a: Scizor
|-damage|p2a: Scizor|205\/343
|
|turn|42
|
|switch|p1a: Landorus-Therian|Landorus-Therian, M|266\/319
|-ability|p1a: Landorus-Therian|Intimidate|[of] p2a: Scizor
|-unboost|p2a: Scizor|atk|1
|move|p2a: Scizor|Roost|p2a: Scizor
|-heal|p2a: Scizor|343\/343
|
|turn|43
|
|move|p1a: Landorus-Therian|U-turn|p2a: Scizor
|-resisted|p2a: Scizor
|-damage|p2a: Scizor|318\/343
|
|switch|p1a: Clefable|Clefable, M|394\/394
|move|p2a: Scizor|Superpower|p1a: Clefable
|-resisted|p1a: Clefable
|-damage|p1a: Clefable|356\/394
|-unboost|p2a: Scizor|atk|1
|-unboost|p2a: Scizor|def|1
|
|turn|44
|
|switch|p2a: Gliscor|Gliscor, M|226\/353 tox
|-damage|p2a: Gliscor|182\/353 tox|[from] Stealth Rock
|switch|p1a: Metagross|Metagross-Mega|301\/301
|
|-heal|p2a: Gliscor|226\/353 tox|[from] ability: Poison Heal
|turn|45
|c|âMistaken|this game
|c| cpan1982|is going to be long
|
|switch|p2a: Scizor|Scizor-Mega, M|318\/343
|-damage|p2a: Scizor|276\/343|[from] Stealth Rock
|move|p1a: Metagross|Grass Knot|p2a: Scizor
|-resisted|p2a: Scizor
|-damage|p2a: Scizor|248\/343
|
|turn|46
|c|âMistaken|45 turns and i can't even get rocks up
|
|switch|p1a: Keldeo|Keldeo|323\/323
|move|p2a: Scizor|Swords Dance|p2a: Scizor
|-boost|p2a: Scizor|atk|2
|
|turn|47
|c| cpan1982|scald will vurn
|c| cpan1982|*burn
|
|switch|p2a: Chansey|Chansey, F|443\/704
|-damage|p2a: Chansey|355\/704|[from] Stealth Rock
|move|p1a: Keldeo|Scald|p2a: Chansey
|-damage|p2a: Chansey|220\/704
|-status|p2a: Chansey|brn
|
|-damage|p2a: Chansey|132\/704 brn|[from] brn
|turn|48
|c|âMistaken|well that sukcs
|c| cpan1982|scald it
|c| Ryzed|go for the roll
|c|âAim for the top|plz damage rolls
|c|âMistaken|a lot
|c|âMistaken|ull kill
|c|âMistaken|i feel u killing
|
|move|p1a: Keldeo|Scald|p2a: Chansey
|-damage|p2a: Chansey|0 fnt
|faint|p2a: Chansey
|
|c| Ryzed|welp
|c| Ryzed|this keldo gonna be sweeping
|
|switch|p2a: Slowbro'ed|Slowbro, M, shiny|196\/394
|-damage|p2a: Slowbro'ed|147\/394|[from] Stealth Rock
|turn|49
|raw|<div class="broadcast-blue"><b>The battle of all times is <a href="\/battle-challengecup1vs1-205101132">here<\/a>, WATCH it!<\/b><\/div>
|c| cpan1982|not yet
|c| Ryzed|in the future
|
|switch|p1a: Bisharp|Bisharp, F|287\/287 par
|move|p2a: Slowbro'ed|Slack Off|p2a: Slowbro'ed
|-heal|p2a: Slowbro'ed|344\/394
|
|-heal|p2a: Slowbro'ed|368\/394|[from] item: Leftovers
|turn|50
|c| cpan1982|lol
|c| Ryzed|pursuit sucker punch times
|
|move|p2a: Slowbro'ed|Scald|p1a: Bisharp
|-damage|p1a: Bisharp|218\/287 par
|move|p1a: Bisharp|Pursuit|p2a: Slowbro'ed
|-supereffective|p2a: Slowbro'ed
|-damage|p2a: Slowbro'ed|266\/394
|
|-heal|p2a: Slowbro'ed|290\/394|[from] item: Leftovers
|turn|51
|c| Ryzed|pretty sure you just eat the pursuit tho
|c| Ryzed|or try to waste some pp slacking off
|c|âMistaken|the lag
|c|âAim for the top|hello?
|c| cpan1982|is it lagging ?
|c|âMistaken|from that battle
Mistaken turned on modjoin.
|raw|<div class="broadcast-red"><b>Moderated chat was set to +!<\/b><br \/>Only users of rank + and higher can talk.<\/div>
Mistaken made this room hidden.
|
|move|p2a: Slowbro'ed|Scald|p1a: Bisharp
|-damage|p1a: Bisharp|146\/287 par
|move|p1a: Bisharp|Knock Off|p2a: Slowbro'ed
|-supereffective|p2a: Slowbro'ed
|-damage|p2a: Slowbro'ed|18\/394
|-enditem|p2a: Slowbro'ed|Leftovers|[from] move: Knock Off|[of] p1a: Bisharp
|
|turn|52
|c|âAim for the top|oh boy the lag
|
|move|p2a: Slowbro'ed|Slack Off|p2a: Slowbro'ed
|-heal|p2a: Slowbro'ed|215\/394
|move|p1a: Bisharp|Pursuit|p2a: Slowbro'ed
|-supereffective|p2a: Slowbro'ed
|-damage|p2a: Slowbro'ed|107\/394
|
|turn|53
|c|âMistaken|its from that battle
|c|âMistaken|of a life time
|
|move|p2a: Slowbro'ed|Slack Off|p2a: Slowbro'ed
|-heal|p2a: Slowbro'ed|304\/394
|move|p1a: Bisharp|Knock Off|p2a: Slowbro'ed
|-supereffective|p2a: Slowbro'ed
|-damage|p2a: Slowbro'ed|146\/394
|
|turn|54
|
|move|p2a: Slowbro'ed|Slack Off|p2a: Slowbro'ed
|-heal|p2a: Slowbro'ed|343\/394
|move|p1a: Bisharp|Knock Off|p2a: Slowbro'ed
|-supereffective|p2a: Slowbro'ed
|-damage|p2a: Slowbro'ed|167\/394
|
|turn|55
|
|move|p2a: Slowbro'ed|Slack Off|p2a: Slowbro'ed
|-heal|p2a: Slowbro'ed|364\/394
|move|p1a: Bisharp|Pursuit|p2a: Slowbro'ed
|-supereffective|p2a: Slowbro'ed
|-damage|p2a: Slowbro'ed|256\/394
|
|turn|56
|
|move|p1a: Bisharp|Sucker Punch|p2a: Slowbro'ed
|-supereffective|p2a: Slowbro'ed
|-damage|p2a: Slowbro'ed|56\/394
|move|p2a: Slowbro'ed|Scald|p1a: Bisharp
|-damage|p1a: Bisharp|82\/287 par
|
|turn|57
|
|move|p2a: Slowbro'ed|Slack Off|p2a: Slowbro'ed
|-heal|p2a: Slowbro'ed|253\/394
|move|p1a: Bisharp|Knock Off|p2a: Slowbro'ed
|-supereffective|p2a: Slowbro'ed
|-damage|p2a: Slowbro'ed|79\/394
|
|turn|58
|
|move|p2a: Slowbro'ed|Slack Off|p2a: Slowbro'ed
|-heal|p2a: Slowbro'ed|276\/394
|move|p1a: Bisharp|Knock Off|p2a: Slowbro'ed
|-supereffective|p2a: Slowbro'ed
|-damage|p2a: Slowbro'ed|100\/394
|
|turn|59
|
|move|p2a: Slowbro'ed|Slack Off|p2a: Slowbro'ed
|-heal|p2a: Slowbro'ed|297\/394
|move|p1a: Bisharp|Knock Off|p2a: Slowbro'ed
|-supereffective|p2a: Slowbro'ed
|-damage|p2a: Slowbro'ed|115\/394
|
|turn|60
|c|âMistaken|too much damage
|c|âMistaken|oml
|
|move|p2a: Slowbro'ed|Slack Off|p2a: Slowbro'ed
|-heal|p2a: Slowbro'ed|312\/394
|cant|p1a: Bisharp|par
|
|turn|61
|c|âMistaken|not a single para
|c|âMistaken|ok
|
|move|p2a: Slowbro'ed|Scald|p1a: Bisharp
|-damage|p1a: Bisharp|12\/287 par
|move|p1a: Bisharp|Pursuit|p2a: Slowbro'ed
|-supereffective|p2a: Slowbro'ed
|-damage|p2a: Slowbro'ed|204\/394
|
|turn|62
|
|move|p2a: Slowbro'ed|Slack Off|p2a: Slowbro'ed
|-heal|p2a: Slowbro'ed|394\/394
|move|p1a: Bisharp|Knock Off|p2a: Slowbro'ed
|-supereffective|p2a: Slowbro'ed
|-damage|p2a: Slowbro'ed|230\/394
|
|turn|63
|
|move|p2a: Slowbro'ed|Slack Off|p2a: Slowbro'ed
|-heal|p2a: Slowbro'ed|394\/394
|move|p1a: Bisharp|Knock Off|p2a: Slowbro'ed
|-supereffective|p2a: Slowbro'ed
|-damage|p2a: Slowbro'ed|224\/394
|
|turn|64
|
|move|p1a: Bisharp|Sucker Punch|p2a: Slowbro'ed
|-supereffective|p2a: Slowbro'ed
|-damage|p2a: Slowbro'ed|26\/394
|move|p2a: Slowbro'ed|Scald|p1a: Bisharp
|-damage|p1a: Bisharp|0 fnt
|faint|p1a: Bisharp
|
|c|âMistaken|i hit cancel
|
|switch|p1a: Keldeo|Keldeo|323\/323
|turn|65
|
|move|p1a: Keldeo|Scald|p2a: Slowbro'ed
|-resisted|p2a: Slowbro'ed
|-damage|p2a: Slowbro'ed|0 fnt
|faint|p2a: Slowbro'ed
|
|
|switch|p2a: Clefable|Clefable, F|344\/394
|-damage|p2a: Clefable|295\/394|[from] Stealth Rock
|turn|66
|
|switch|p1a: Metagross|Metagross-Mega|301\/301
|move|p2a: Clefable|Protect|p2a: Clefable
|-fail|p2a: Clefable
|
|-heal|p2a: Clefable|319\/394|[from] item: Leftovers
|turn|67
|
|move|p2a: Clefable|Protect|p2a: Clefable
|-singleturn|p2a: Clefable|Protect
|move|p1a: Metagross|Meteor Mash|p2a: Clefable
|-activate|p2a: Clefable|Protect
|
|-heal|p2a: Clefable|343\/394|[from] item: Leftovers
|turn|68
|
|switch|p1a: Keldeo|Keldeo|323\/323
|switch|p2a: Scizor|Scizor-Mega, M|248\/343
|-damage|p2a: Scizor|206\/343|[from] Stealth Rock
|
|turn|69
|c|âMistaken|yeah that roll cost me the game
|
|switch|p2a: Gliscor|Gliscor, M|226\/353 tox
|-damage|p2a: Gliscor|182\/353 tox|[from] Stealth Rock
|move|p1a: Keldeo|Scald|p2a: Gliscor
|-supereffective|p2a: Gliscor
|-damage|p2a: Gliscor|0 fnt
|faint|p2a: Gliscor
|
|
|switch|p2a: Zapdos|Zapdos, shiny|312\/384
|-damage|p2a: Zapdos|216\/384|[from] Stealth Rock
|-ability|p2a: Zapdos|Pressure
|turn|70
|
|move|p1a: Keldeo|Scald|p2a: Zapdos
|-damage|p2a: Zapdos|0 fnt
|faint|p2a: Zapdos
|
|
|switch|p2a: Clefable|Clefable, F|343\/394
|-damage|p2a: Clefable|294\/394|[from] Stealth Rock
|turn|71
|c|âMistaken|GG aim
|
|switch|p1a: Clefable|Clefable, M|356\/394
|switch|p2a: Scizor|Scizor-Mega, M|206\/343
|-damage|p2a: Scizor|164\/343|[from] Stealth Rock
|
|turn|72
|
|switch|p2a: Clefable|Clefable, F|294\/394
|-damage|p2a: Clefable|245\/394|[from] Stealth Rock
|move|p1a: Clefable|Fire Blast|p2a: Clefable
|-damage|p2a: Clefable|150\/394
|
|-heal|p2a: Clefable|174\/394|[from] item: Leftovers
|turn|73
|
|switch|p1a: Metagross|Metagross-Mega|301\/301
|move|p2a: Clefable|Wish|p2a: Clefable
|
|-heal|p2a: Clefable|198\/394|[from] item: Leftovers
|turn|74
|
|switch|p1a: Clefable|Clefable, M|356\/394
|move|p2a: Clefable|Protect|p2a: Clefable
|-fail|p2a: Clefable
|
|-heal|p2a: Clefable|394\/394|[from] move: Wish|[wisher] Clefable
|turn|75
|
|move|p2a: Clefable|Calm Mind|p2a: Clefable
|-boost|p2a: Clefable|spa|1
|-boost|p2a: Clefable|spd|1
|move|p1a: Clefable|Calm Mind|p1a: Clefable
|-boost|p1a: Clefable|spa|1
|-boost|p1a: Clefable|spd|1
|
|turn|76
|
|switch|p1a: Metagross|Metagross-Mega|301\/301
|move|p2a: Clefable|Moonblast|p1a: Metagross
|-resisted|p1a: Metagross
|-damage|p1a: Metagross|219\/301
|-unboost|p1a: Metagross|spa|1
|
|turn|77
|
|move|p1a: Metagross|Meteor Mash|p2a: Clefable
|-supereffective|p2a: Clefable
|-damage|p2a: Clefable|0 fnt
|faint|p2a: Clefable
|
|
|switch|p2a: Scizor|Scizor-Mega, M|164\/343
|-damage|p2a: Scizor|122\/343|[from] Stealth Rock
|turn|78
|
|switch|p1a: Keldeo|Keldeo|323\/323
|move|p2a: Scizor|Roost|p2a: Scizor
|-heal|p2a: Scizor|294\/343
|
|turn|79
|c|âAim for the top|gg
|
|move|p1a: Keldeo|Scald|p2a: Scizor
|-crit|p2a: Scizor
|-damage|p2a: Scizor|0 fnt
|faint|p2a: Scizor
|
|win|Aim for the top
|raw|Ladder updating...
|raw|Aim for the top's rating: 1669 &rarr; <strong>1689<\/strong><br \/>(+20 for winning)
|raw|Mistaken's rating: 1662 &rarr; <strong>1642<\/strong><br \/>(-20 for losing)
|leave|Ryzed
|leave|cpan1982
|c|âAim for the top|actually a good battle
|c|âAim for the top|gg
|c|âMistaken|yeah
|leave|Mistaken
|player|p2