|join|Mistaken
|join|yesbefore
|player|p1|Mistaken|264
|player|p2|yesbefore|288
|gametype|singles
|gen|6
|tier|OU
|rated
|clearpoke
|poke|p1|Archeops, F
|poke|p1|Cacturne, F
|poke|p1|Diancie
|poke|p1|Weavile, F
|poke|p1|Gengar, F
|poke|p1|Landorus-Therian, M
|poke|p2|Sableye, M
|poke|p2|Heracross, F
|poke|p2|Gothitelle, F
|poke|p2|Clefable, M
|poke|p2|Heatran, F
|poke|p2|Manaphy
|rule|Swagger Clause: Swagger is banned
|rule|Baton Pass Clause: Limit one PokÃ©mon knowing Baton Pass
|rule|Sleep Clause Mod: Limit one foe put to sleep
|rule|Species Clause: Limit one of each PokÃ©mon
|rule|OHKO Clause: OHKO moves are banned
|rule|Moody Clause: Moody is banned
|rule|Evasion Moves Clause: Evasion moves are banned
|rule|Endless Battle Clause: Forcing endless battles is banned
|rule|HP Percentage Mod: HP is shown in percentages
|teampreview
|join|Hykso
|
|start
|switch|p1a: Archeops|Archeops, F|291\/291
|switch|p2a: Sableye|Sableye, M|303\/303
|turn|1
|
|switch|p1a: Diancie|Diancie|241\/241
|move|p2a: Sableye|Will-O-Wisp|p1a: Diancie
|-status|p1a: Diancie|brn
|
|-damage|p1a: Diancie|211\/241 brn|[from] brn
|turn|2
|c|âMistaken|shit
|c|âMistaken|i just realizeed
|
|switch|p2a: Heatran|Heatran, F|385\/385
|detailschange|p1a: Diancie|Diancie-Mega
|-mega|p1a: Diancie|Diancie|Diancite
|move|p1a: Diancie|Moonblast|p2a: Heatran
|-resisted|p2a: Heatran
|-damage|p2a: Heatran|348\/385
|
|-heal|p2a: Heatran|372\/385|[from] item: Leftovers
|-damage|p1a: Diancie|181\/241 brn|[from] brn
|turn|3
|
|switch|p2a: Gothitelle|Gothitelle, F|291\/291
|move|p1a: Diancie|Earth Power|p2a: Gothitelle
|-damage|p2a: Gothitelle|156\/291
|
|-damage|p1a: Diancie|151\/241 brn|[from] brn
|turn|4
|
|switch|p2a: Heatran|Heatran, F|372\/385
|move|p1a: Diancie|Moonblast|p2a: Heatran
|-resisted|p2a: Heatran
|-damage|p2a: Heatran|331\/385
|-unboost|p2a: Heatran|spa|1
|
|-heal|p2a: Heatran|355\/385|[from] item: Leftovers
|-damage|p1a: Diancie|121\/241 brn|[from] brn
|turn|5
|
|switch|p1a: Archeops|Archeops, F|291\/291
|move|p2a: Heatran|Stone Edge|p1a: Archeops
|-crit|p1a: Archeops
|-supereffective|p1a: Archeops
|-damage|p1a: Archeops|33\/291
|
|-heal|p2a: Heatran|379\/385|[from] item: Leftovers
|turn|6
|
|switch|p1a: Diancie|Diancie-Mega|121\/241 brn
|move|p2a: Heatran|Lava Plume|p1a: Diancie
|-resisted|p1a: Diancie
|-damage|p1a: Diancie|84\/241 brn
|
|-heal|p2a: Heatran|385\/385|[from] item: Leftovers
|-damage|p1a: Diancie|54\/241 brn|[from] brn
|turn|7
|
|switch|p2a: Gothitelle|Gothitelle, F|156\/291
|move|p1a: Diancie|Moonblast|p2a: Gothitelle
|-damage|p2a: Gothitelle|0 fnt
|faint|p2a: Gothitelle
|
|-damage|p1a: Diancie|24\/241 brn|[from] brn
|
|switch|p2a: Heracross|Heracross, F|301\/301
|turn|8
|
|move|p2a: Heracross|Knock Off|p1a: Diancie
|-resisted|p1a: Diancie
|-damage|p1a: Diancie|0 fnt
|faint|p1a: Diancie
|-boost|p2a: Heracross|atk|1|[from] ability: Moxie
|
|
|switch|p1a: Landorus-Therian|Landorus-Therian, M|319\/319
|-ability|p1a: Landorus-Therian|Intimidate|[of] p2a: Heracross
|-unboost|p2a: Heracross|atk|1
|turn|9
|
|move|p1a: Landorus-Therian|Earthquake|p2a: Heracross
|-resisted|p2a: Heracross
|-damage|p2a: Heracross|174\/301
|move|p2a: Heracross|Knock Off|p1a: Landorus-Therian
|-damage|p1a: Landorus-Therian|192\/319
|-enditem|p1a: Landorus-Therian|Choice Scarf|[from] move: Knock Off|[of] p2a: Heracross
|
|turn|10
|
|switch|p2a: Heatran|Heatran, F|385\/385
|move|p1a: Landorus-Therian|Earthquake|p2a: Heatran
|-supereffective|p2a: Heatran
|-damage|p2a: Heatran|0 fnt
|faint|p2a: Heatran
|
|
|switch|p2a: Sableye|Sableye, M|303\/303
|turn|11
|
|switch|p1a: Archeops|Archeops, F|33\/291
|detailschange|p2a: Sableye|Sableye-Mega, M
|-mega|p2a: Sableye|Sableye|Sablenite
|move|p2a: Sableye|Calm Mind|p2a: Sableye
|-boost|p2a: Sableye|spa|1
|-boost|p2a: Sableye|spd|1
|
|turn|12
|
|move|p1a: Archeops|Head Smash|p2a: Sableye
|-damage|p2a: Sableye|221\/303
|-damage|p1a: Archeops|0 fnt|[from] recoil|[of] p2a: Sableye
|faint|p1a: Archeops
|move|p2a: Sableye|Calm Mind|p2a: Sableye
|-boost|p2a: Sableye|spa|1
|-boost|p2a: Sableye|spd|1
|
|
|switch|p1a: Landorus-Therian|Landorus-Therian, M|192\/319
|-ability|p1a: Landorus-Therian|Intimidate|[of] p2a: Sableye
|-unboost|p2a: Sableye|atk|1
|turn|13
|
|move|p1a: Landorus-Therian|Earthquake|p2a: Sableye
|-damage|p2a: Sableye|107\/303
|move|p2a: Sableye|Recover|p2a: Sableye
|-heal|p2a: Sableye|259\/303
|
|turn|14
|
|move|p1a: Landorus-Therian|Earthquake|p2a: Sableye
|-damage|p2a: Sableye|148\/303
|move|p2a: Sableye|Will-O-Wisp|p1a: Landorus-Therian
|-status|p1a: Landorus-Therian|brn
|
|-damage|p1a: Landorus-Therian|153\/319 brn|[from] brn
|turn|15
|
|move|p1a: Landorus-Therian|Earthquake|p2a: Sableye
|-damage|p2a: Sableye|85\/303
|move|p2a: Sableye|Recover|p2a: Sableye
|-heal|p2a: Sableye|237\/303
|
|-damage|p1a: Landorus-Therian|114\/319 brn|[from] brn
|turn|16
|c|âMistaken|1\/10
|
|move|p1a: Landorus-Therian|Stone Edge|p2a: Sableye|[miss]
|-miss|p1a: Landorus-Therian|p2a: Sableye
|move|p2a: Sableye|Calm Mind|p2a: Sableye
|-boost|p2a: Sableye|spa|1
|-boost|p2a: Sableye|spd|1
|
|-damage|p1a: Landorus-Therian|75\/319 brn|[from] brn
|turn|17
|c|âMistaken|10%
|
|move|p1a: Landorus-Therian|Stone Edge|p2a: Sableye|[miss]
|-miss|p1a: Landorus-Therian|p2a: Sableye
|move|p2a: Sableye|Recover|p2a: Sableye
|-heal|p2a: Sableye|303\/303
|
|-damage|p1a: Landorus-Therian|36\/319 brn|[from] brn
|turn|18
|c|âMistaken|20%
|
|move|p1a: Landorus-Therian|Stone Edge|p2a: Sableye
|-damage|p2a: Sableye|260\/303
|move|p2a: Sableye|Calm Mind|p2a: Sableye
|-boost|p2a: Sableye|spa|1
|-boost|p2a: Sableye|spd|1
|
|-damage|p1a: Landorus-Therian|0 fnt|[from] brn
|faint|p1a: Landorus-Therian
|c|âMistaken|4.4%
|c|âMistaken|15%
|
|switch|p1a: Weavile|Weavile, F|281\/281
|-ability|p1a: Weavile|Pressure
|turn|19
|c|âMistaken|30%
|c|âMistaken|1\/16
|
|move|p1a: Weavile|Icicle Crash|p2a: Sableye
|-damage|p2a: Sableye|143\/303
|-damage|p1a: Weavile|253\/281|[from] item: Life Orb
|cant|p2a: Sableye|flinch
|
|turn|20
|c|âMistaken|30%
|c|âMistaken|30% 15%
|c|âMistaken|1\/16
|c|âMistaken|2.27%
|c|âMistaken|probability
|
|move|p1a: Weavile|Icicle Crash|p2a: Sableye
|-damage|p2a: Sableye|29\/303
|-damage|p1a: Weavile|225\/281|[from] item: Life Orb
|cant|p2a: Sableye|flinch
|
|turn|21
|c|âMistaken|30%
|
|move|p1a: Weavile|Knock Off|p2a: Sableye
|-damage|p2a: Sableye|0 fnt
|-damage|p1a: Weavile|197\/281|[from] item: Life Orb
|faint|p2a: Sableye
|
|c|âMistaken|1\/10
|c|âMistaken|1\/10
|c|âMistaken|3\/10
|c|âMistaken|3\/10 x 3\/10
|c|âMistaken|9%
|c|âMistaken|8.2%
|
|switch|p2a: Clefable|Clefable, M|393\/393
|turn|22
|c|âMistaken|82\/100
|
|switch|p1a: Gengar|Gengar, F|261\/261
|move|p2a: Clefable|Fire Blast|p1a: Gengar
|-damage|p1a: Gengar|165\/261
|
|turn|23
|
|move|p1a: Gengar|Sludge Wave|p2a: Clefable
|-supereffective|p2a: Clefable
|-damage|p2a: Clefable|0 fnt
|-damage|p1a: Gengar|139\/261|[from] item: Life Orb
|faint|p2a: Clefable
|
|c|âMistaken|98\/100
|c|âMistaken|29.99999999
|c|âMistaken|+14
|
|switch|p2a: Heracross|Heracross, F|174\/301
|turn|24
|c|âMistaken|-14
|
|switch|p1a: Weavile|Weavile, F|197\/281
|-ability|p1a: Weavile|Pressure
|move|p2a: Heracross|Stone Edge|p1a: Weavile
|-supereffective|p1a: Weavile
|-damage|p1a: Weavile|0 fnt
|faint|p1a: Weavile
|-boost|p2a: Heracross|atk|1|[from] ability: Moxie
|
|
|switch|p1a: Cacturne|Cacturne, F|281\/281
|turn|25
|c|âMistaken|8\/10
|c|âMistaken|...
|
|move|p2a: Heracross|Stone Edge|p1a: Cacturne
|-enditem|p1a: Cacturne|Focus Sash
|-damage|p1a: Cacturne|1\/281
|move|p1a: Cacturne|Counter|p2a: Heracross
|-damage|p2a: Heracross|0 fnt
|faint|p2a: Heracross
|
|c| Hykso|80\/100
|
|switch|p2a: Manaphy|Manaphy|404\/404
|turn|26
|c|âMistaken|1\/4
|c|âMistaken|!dt energy ball
|c|~|\/data-move Energy Ball
|raw|<font size="1"><font color=#585858>Priority:<\/font> 0&nbsp;|&ThickSpace;<font color=#585858><font color=black>&#10003; Secondary effect<\/font><\/font>&nbsp;|&ThickSpace;<font color=#585858><font color=black>&#10003; Bullet<\/font><\/font>&nbsp;|&ThickSpace;<font color=#585858><font color=black>&#10003; Blocked by Protect<\/font><\/font>&nbsp;|&ThickSpace;<font color=#585858>Target:<\/font> One Adjacent Pokemon<\/font>
|c|âMistaken|!dt scald
|c|~|\/data-move Scald
|raw|<font size="1"><font color=#585858>Priority:<\/font> 0&nbsp;|&ThickSpace;<font color=#585858><font color=black>&#10003; Secondary effect<\/font><\/font>&nbsp;|&ThickSpace;<font color=#585858><font color=black>&#10003; Blocked by Protect<\/font><\/font>&nbsp;|&ThickSpace;<font color=#585858><font color=black>&#10003; Thaws user<\/font><\/font>&nbsp;|&ThickSpace;<font color=#585858>Target:<\/font> One Adjacent Pokemon<\/font>
|
|move|p1a: Cacturne|Sucker Punch|p2a: Manaphy
|-fail|p2a: Manaphy
|move|p2a: Manaphy|Calm Mind|p2a: Manaphy
|-boost|p2a: Manaphy|spa|1
|-boost|p2a: Manaphy|spd|1
|
|turn|27
|c|âMistaken|!dt psychic
|c|~|\/data-move Psychic
|raw|<font size="1"><font color=#585858>Priority:<\/font> 0&nbsp;|&ThickSpace;<font color=#585858><font color=black>&#10003; Secondary effect<\/font><\/font>&nbsp;|&ThickSpace;<font color=#585858><font color=black>&#10003; Blocked by Protect<\/font><\/font>&nbsp;|&ThickSpace;<font color=#585858>Target:<\/font> One Adjacent Pokemon<\/font>
|
|move|p2a: Manaphy|Rain Dance|p2a: Manaphy
|-weather|RainDance
|move|p1a: Cacturne|Seed Bomb|p2a: Manaphy
|-supereffective|p2a: Manaphy
|-damage|p2a: Manaphy|182\/404
|
|-weather|RainDance|[upkeep]
|-heal|p2a: Manaphy|207\/404|[from] item: Leftovers
|turn|28
|c|âMistaken|!dt rest
|c|~|\/data-move Rest
|raw|<font size="1"><font color=#585858>Priority:<\/font> 0&nbsp;|&ThickSpace;<font color=#585858>Target:<\/font> User<\/font>
|
|move|p2a: Manaphy|Rest|p2a: Manaphy
|-status|p2a: Manaphy|slp
|-heal|p2a: Manaphy|404\/404 slp|[silent]
|-status|p2a: Manaphy|slp|[from] move: Rest
|move|p1a: Cacturne|Seed Bomb|p2a: Manaphy
|-supereffective|p2a: Manaphy
|-damage|p2a: Manaphy|206\/404 slp
|
|-weather|RainDance|[upkeep]
|-curestatus|p2a: Manaphy|slp
|-heal|p2a: Manaphy|231\/404|[from] item: Leftovers
|turn|29
|c|âMistaken|!dt rain dance
|c|~|\/data-move Rain Dance
|raw|<font size="1"><font color=#585858>Priority:<\/font> 0&nbsp;|&ThickSpace;<font color=#585858>Target:<\/font> All Pokemon<\/font>
|c|âMistaken|!dt calm mind
|c|~|\/data-move Calm Mind
|raw|<font size="1"><font color=#585858>Priority:<\/font> 0&nbsp;|&ThickSpace;<font color=#585858>Target:<\/font> User<\/font>
|
|move|p2a: Manaphy|Rest|p2a: Manaphy
|-status|p2a: Manaphy|slp
|-heal|p2a: Manaphy|404\/404 slp|[silent]
|-status|p2a: Manaphy|slp|[from] move: Rest
|move|p1a: Cacturne|Seed Bomb|p2a: Manaphy
|-supereffective|p2a: Manaphy
|-damage|p2a: Manaphy|206\/404 slp
|
|-weather|RainDance|[upkeep]
|-curestatus|p2a: Manaphy|slp
|-heal|p2a: Manaphy|231\/404|[from] item: Leftovers
|turn|30
|
|move|p2a: Manaphy|Rest|p2a: Manaphy
|-status|p2a: Manaphy|slp
|-heal|p2a: Manaphy|404\/404 slp|[silent]
|-status|p2a: Manaphy|slp|[from] move: Rest
|move|p1a: Cacturne|Seed Bomb|p2a: Manaphy
|-supereffective|p2a: Manaphy
|-damage|p2a: Manaphy|210\/404 slp
|
|-weather|RainDance|[upkeep]
|-curestatus|p2a: Manaphy|slp
|-heal|p2a: Manaphy|235\/404|[from] item: Leftovers
|turn|31
|c|âMistaken|PP stalling?
|c| Hykso|yep
|c| Hykso|1.4%
|c|âMistaken|Not going to be affective.
|c| Hykso|56%
|c| Hykso|56\/100
|
|move|p2a: Manaphy|Scald|p1a: Cacturne
|-heal|p1a: Cacturne|71\/281|[from] ability: Water Absorb|[of] p2a: Manaphy
|move|p1a: Cacturne|Spikes|p2a: Manaphy
|-sidestart|p2: yesbefore|Spikes
|
|-weather|none
|-heal|p2a: Manaphy|260\/404|[from] item: Leftovers
|turn|32
|c|âMistaken|i had 8.2 chance of getting double flinch
|
|move|p2a: Manaphy|Rain Dance|p2a: Manaphy
|-weather|RainDance
|move|p1a: Cacturne|Seed Bomb|p2a: Manaphy
|-supereffective|p2a: Manaphy
|-damage|p2a: Manaphy|56\/404
|
|-weather|RainDance|[upkeep]
|-heal|p2a: Manaphy|81\/404|[from] item: Leftovers
|turn|33
|
|move|p2a: Manaphy|Rest|p2a: Manaphy
|-status|p2a: Manaphy|slp
|-heal|p2a: Manaphy|404\/404 slp|[silent]
|-status|p2a: Manaphy|slp|[from] move: Rest
|move|p1a: Cacturne|Spikes|p2a: Manaphy
|-sidestart|p2: yesbefore|Spikes
|
|-weather|RainDance|[upkeep]
|-curestatus|p2a: Manaphy|slp
|turn|34
|
|move|p2a: Manaphy|Calm Mind|p2a: Manaphy
|-boost|p2a: Manaphy|spa|1
|-boost|p2a: Manaphy|spd|1
|move|p1a: Cacturne|Spikes|p2a: Manaphy
|-sidestart|p2: yesbefore|Spikes
|
|-weather|RainDance|[upkeep]
|turn|35
|leave|Hykso
|c|âMistaken|If you looked at percentages you would of known all of my moves.
|
|move|p2a: Manaphy|Calm Mind|p2a: Manaphy
|-boost|p2a: Manaphy|spa|1
|-boost|p2a: Manaphy|spd|1
|move|p1a: Cacturne|Spikes|p2a: Manaphy
|-fail|p2a: Manaphy
|
|-weather|RainDance|[upkeep]
|turn|36
|c|âMistaken|u can't win
|
|move|p2a: Manaphy|Calm Mind|p2a: Manaphy
|-boost|p2a: Manaphy|spa|1
|-boost|p2a: Manaphy|spd|1
|move|p1a: Cacturne|Spikes|p2a: Manaphy
|-fail|p2a: Manaphy
|
|-weather|none
|turn|37
|c|âMistaken|this bud
|
|move|p2a: Manaphy|Rain Dance|p2a: Manaphy
|-weather|RainDance
|move|p1a: Cacturne|Spikes|p2a: Manaphy
|-fail|p2a: Manaphy
|
|-weather|RainDance|[upkeep]
|turn|38
|c|âMistaken|i got more pp
|c|âyesbefore|i don't care
|c|âMistaken|u got 80 pp
|
|move|p2a: Manaphy|Calm Mind|p2a: Manaphy
|-boost|p2a: Manaphy|spa|1
|-boost|p2a: Manaphy|spd|1
|move|p1a: Cacturne|Spikes|p2a: Manaphy
|-fail|p2a: Manaphy
|
|-weather|RainDance|[upkeep]
|turn|39
|c|âyesbefore|you flinch me 2 times
|c|âyesbefore|in a row
|c|âyesbefore|you must forfeit
|c|âMistaken|8.2% chance
|c|âMistaken|bro
|c|âMistaken|calm down
|
|move|p2a: Manaphy|Calm Mind|p2a: Manaphy
|-boost|p2a: Manaphy|spa|1
|-boost|p2a: Manaphy|spd|1
|move|p1a: Cacturne|Spikes|p2a: Manaphy
|-fail|p2a: Manaphy
|
|-weather|RainDance|[upkeep]
|turn|40
|
|move|p2a: Manaphy|Calm Mind|p2a: Manaphy
|-fail|p2a: Manaphy
|move|p1a: Cacturne|Spikes|p2a: Manaphy
|-fail|p2a: Manaphy
|
|-weather|RainDance|[upkeep]
|turn|41
|c|âMistaken|80 pp vs 96 pp
|
|move|p2a: Manaphy|Calm Mind|p2a: Manaphy
|-fail|p2a: Manaphy
|move|p1a: Cacturne|Spikes|p2a: Manaphy
|-fail|p2a: Manaphy
|
|-weather|none
|turn|42
|
|move|p2a: Manaphy|Calm Mind|p2a: Manaphy
|-fail|p2a: Manaphy
|move|p1a: Cacturne|Spikes|p2a: Manaphy
|-fail|p2a: Manaphy
|
|turn|43
|
|move|p2a: Manaphy|Calm Mind|p2a: Manaphy
|-fail|p2a: Manaphy
|move|p1a: Cacturne|Spikes|p2a: Manaphy
|-fail|p2a: Manaphy
|
|turn|44
|
|move|p2a: Manaphy|Calm Mind|p2a: Manaphy
|-fail|p2a: Manaphy
|move|p1a: Cacturne|Spikes|p2a: Manaphy
|-fail|p2a: Manaphy
|
|turn|45
|
|move|p2a: Manaphy|Calm Mind|p2a: Manaphy
|-fail|p2a: Manaphy
|move|p1a: Cacturne|Spikes|p2a: Manaphy
|-fail|p2a: Manaphy
|
|turn|46
|join|FUQ GLISCORE
|
|move|p2a: Manaphy|Calm Mind|p2a: Manaphy
|-fail|p2a: Manaphy
|move|p1a: Cacturne|Spikes|p2a: Manaphy
|-fail|p2a: Manaphy
|
|turn|47
|join|Ill leave
|c|âMistaken|^for real
|c|âMistaken|fuck gliscor
|
|move|p2a: Manaphy|Calm Mind|p2a: Manaphy
|-fail|p2a: Manaphy
|move|p1a: Cacturne|Spikes|p2a: Manaphy
|-fail|p2a: Manaphy
|
|turn|48
|
|move|p2a: Manaphy|Calm Mind|p2a: Manaphy
|-fail|p2a: Manaphy
|move|p1a: Cacturne|Spikes|p2a: Manaphy
|-fail|p2a: Manaphy
|
|turn|49
|
|move|p2a: Manaphy|Calm Mind|p2a: Manaphy
|-fail|p2a: Manaphy
|move|p1a: Cacturne|Spikes|p2a: Manaphy
|-fail|p2a: Manaphy
|
|turn|50
|
|move|p2a: Manaphy|Calm Mind|p2a: Manaphy
|-fail|p2a: Manaphy
|move|p1a: Cacturne|Spikes|p2a: Manaphy
|-fail|p2a: Manaphy
|
|turn|51
|
|move|p2a: Manaphy|Calm Mind|p2a: Manaphy
|-fail|p2a: Manaphy
|move|p1a: Cacturne|Spikes|p2a: Manaphy
|-fail|p2a: Manaphy
|
|turn|52
|c|âMistaken|reveal energy ball
|c|âMistaken|or burn me
|c|âMistaken|with scald
|
|move|p2a: Manaphy|Calm Mind|p2a: Manaphy
|-fail|p2a: Manaphy
|move|p1a: Cacturne|Spikes|p2a: Manaphy
|-fail|p2a: Manaphy
|
|turn|53
|
|move|p2a: Manaphy|Calm Mind|p2a: Manaphy
|-fail|p2a: Manaphy
|move|p1a: Cacturne|Spikes|p2a: Manaphy
|-fail|p2a: Manaphy
|
|turn|54
|
|move|p2a: Manaphy|Calm Mind|p2a: Manaphy
|-fail|p2a: Manaphy
|move|p1a: Cacturne|Spikes|p2a: Manaphy
|-fail|p2a: Manaphy
|
|turn|55
|c|âyesbefore|man you can win just spamming seed bomb
|c|âMistaken|no
|c|âMistaken|thats not fun
|c|âyesbefore|yes
|
|move|p2a: Manaphy|Calm Mind|p2a: Manaphy
|-fail|p2a: Manaphy
|move|p1a: Cacturne|Spikes|p2a: Manaphy
|-fail|p2a: Manaphy
|
|turn|56
|c|âMistaken|than u get free rest turns
|
|move|p2a: Manaphy|Calm Mind|p2a: Manaphy
|-fail|p2a: Manaphy
|move|p1a: Cacturne|Spikes|p2a: Manaphy
|-fail|p2a: Manaphy
|
|turn|57
|c|âMistaken|im not retarded
|
|move|p2a: Manaphy|Calm Mind|p2a: Manaphy
|-fail|p2a: Manaphy
|move|p1a: Cacturne|Spikes|p2a: Manaphy
|-fail|p2a: Manaphy
|
|turn|58
|c|âyesbefore|..
|
|move|p2a: Manaphy|Calm Mind|p2a: Manaphy
|-fail|p2a: Manaphy
|move|p1a: Cacturne|Spikes|p2a: Manaphy
|-fail|p2a: Manaphy
|
|turn|59
|
|move|p2a: Manaphy|Calm Mind|p2a: Manaphy
|-fail|p2a: Manaphy
|move|p1a: Cacturne|Spikes|p2a: Manaphy
|-fail|p2a: Manaphy
|
|turn|60
|
|move|p2a: Manaphy|Calm Mind|p2a: Manaphy
|-fail|p2a: Manaphy
|move|p1a: Cacturne|Spikes|p2a: Manaphy
|-fail|p2a: Manaphy
|
|turn|61
|
|move|p2a: Manaphy|Calm Mind|p2a: Manaphy
|-fail|p2a: Manaphy
|move|p1a: Cacturne|Spikes|p2a: Manaphy
|-fail|p2a: Manaphy
|
|turn|62
|
|move|p2a: Manaphy|Calm Mind|p2a: Manaphy
|-fail|p2a: Manaphy
|move|p1a: Cacturne|Spikes|p2a: Manaphy
|-fail|p2a: Manaphy
|
|turn|63
|
|move|p2a: Manaphy|Calm Mind|p2a: Manaphy
|-fail|p2a: Manaphy
|move|p1a: Cacturne|Spikes|p2a: Manaphy
|-fail|p2a: Manaphy
|
|turn|64
|
|move|p2a: Manaphy|Calm Mind|p2a: Manaphy
|-fail|p2a: Manaphy
|move|p1a: Cacturne|Counter|p2a: Manaphy
|-fail|p2a: Manaphy
|
|turn|65
|
|move|p2a: Manaphy|Calm Mind|p2a: Manaphy
|-fail|p2a: Manaphy
|move|p1a: Cacturne|Counter|p2a: Manaphy
|-fail|p2a: Manaphy
|
|turn|66
|
|move|p2a: Manaphy|Scald|p1a: Cacturne
|-heal|p1a: Cacturne|141\/281|[from] ability: Water Absorb|[of] p2a: Manaphy
|move|p1a: Cacturne|Counter|p2a: Manaphy
|-fail|p2a: Manaphy
|
|turn|67
|
|move|p2a: Manaphy|Scald|p1a: Cacturne
|-heal|p1a: Cacturne|211\/281|[from] ability: Water Absorb|[of] p2a: Manaphy
|move|p1a: Cacturne|Counter|p2a: Manaphy
|-fail|p2a: Manaphy
|
|turn|68
|
|move|p2a: Manaphy|Scald|p1a: Cacturne
|-heal|p1a: Cacturne|281\/281|[from] ability: Water Absorb|[of] p2a: Manaphy
|move|p1a: Cacturne|Counter|p2a: Manaphy
|-fail|p2a: Manaphy
|
|turn|69
|join|oml it's too ez
|
|move|p2a: Manaphy|Scald|p1a: Cacturne
|-immune|p1a: Cacturne|[msg]
|move|p1a: Cacturne|Counter|p2a: Manaphy
|-fail|p2a: Manaphy
|
|turn|70
|
|move|p2a: Manaphy|Scald|p1a: Cacturne
|-immune|p1a: Cacturne|[msg]
|move|p1a: Cacturne|Counter|p2a: Manaphy
|-fail|p2a: Manaphy
|
|turn|71
|c|âMistaken|reveal energy ball :p
|
|move|p2a: Manaphy|Scald|p1a: Cacturne
|-immune|p1a: Cacturne|[msg]
|move|p1a: Cacturne|Counter|p2a: Manaphy
|-fail|p2a: Manaphy
|
|turn|72
|c|âyesbefore|no it's too early
|c| oml it's too ez|ofc
|
|move|p2a: Manaphy|Scald|p1a: Cacturne
|-immune|p1a: Cacturne|[msg]
|move|p1a: Cacturne|Counter|p2a: Manaphy
|-fail|p2a: Manaphy
|
|turn|73
|leave|oml it's too ez
|
|move|p2a: Manaphy|Scald|p1a: Cacturne
|-immune|p1a: Cacturne|[msg]
|move|p1a: Cacturne|Counter|p2a: Manaphy
|-fail|p2a: Manaphy
|
|turn|74
|
|move|p2a: Manaphy|Scald|p1a: Cacturne
|-immune|p1a: Cacturne|[msg]
|move|p1a: Cacturne|Counter|p2a: Manaphy
|-fail|p2a: Manaphy
|
|turn|75
|
|move|p2a: Manaphy|Scald|p1a: Cacturne
|-immune|p1a: Cacturne|[msg]
|move|p1a: Cacturne|Counter|p2a: Manaphy
|-fail|p2a: Manaphy
|
|turn|76
|
|move|p2a: Manaphy|Scald|p1a: Cacturne
|-immune|p1a: Cacturne|[msg]
|move|p1a: Cacturne|Counter|p2a: Manaphy
|-fail|p2a: Manaphy
|
|turn|77
|
|move|p2a: Manaphy|Scald|p1a: Cacturne
|-immune|p1a: Cacturne|[msg]
|move|p1a: Cacturne|Counter|p2a: Manaphy
|-fail|p2a: Manaphy
|
|turn|78
|
|move|p2a: Manaphy|Scald|p1a: Cacturne
|-immune|p1a: Cacturne|[msg]
|move|p1a: Cacturne|Counter|p2a: Manaphy
|-fail|p2a: Manaphy
|
|turn|79
|
|move|p2a: Manaphy|Scald|p1a: Cacturne
|-immune|p1a: Cacturne|[msg]
|move|p1a: Cacturne|Counter|p2a: Manaphy
|-fail|p2a: Manaphy
|
|turn|80
|
|move|p2a: Manaphy|Scald|p1a: Cacturne
|-immune|p1a: Cacturne|[msg]
|move|p1a: Cacturne|Counter|p2a: Manaphy
|-fail|p2a: Manaphy
|
|turn|81
|
|move|p2a: Manaphy|Scald|p1a: Cacturne
|-immune|p1a: Cacturne|[msg]
|move|p1a: Cacturne|Counter|p2a: Manaphy
|-fail|p2a: Manaphy
|
|turn|82
|c|âMistaken|damn are you stalling me so i have to atk and u can rest
|c|âMistaken|:O
|
|move|p2a: Manaphy|Scald|p1a: Cacturne
|-immune|p1a: Cacturne|[msg]
|move|p1a: Cacturne|Counter|p2a: Manaphy
|-fail|p2a: Manaphy
|
|turn|83
|
|move|p2a: Manaphy|Scald|p1a: Cacturne
|-immune|p1a: Cacturne|[msg]
|move|p1a: Cacturne|Counter|p2a: Manaphy
|-fail|p2a: Manaphy
|
|turn|84
|
|move|p2a: Manaphy|Scald|p1a: Cacturne
|-immune|p1a: Cacturne|[msg]
|move|p1a: Cacturne|Counter|p2a: Manaphy
|-fail|p2a: Manaphy
|
|turn|85
|
|move|p2a: Manaphy|Scald|p1a: Cacturne
|-immune|p1a: Cacturne|[msg]
|move|p1a: Cacturne|Counter|p2a: Manaphy
|-fail|p2a: Manaphy
|
|turn|86
|
|move|p2a: Manaphy|Scald|p1a: Cacturne
|-immune|p1a: Cacturne|[msg]
|move|p1a: Cacturne|Counter|p2a: Manaphy
|-fail|p2a: Manaphy
|
|turn|87
|
|move|p2a: Manaphy|Rest|p2a: Manaphy
|-fail|p2a: Manaphy
|move|p1a: Cacturne|Counter|p2a: Manaphy
|-fail|p2a: Manaphy
|
|turn|88
|
|move|p1a: Cacturne|Sucker Punch|p2a: Manaphy
|-fail|p2a: Manaphy
|move|p2a: Manaphy|Rain Dance|p2a: Manaphy
|-weather|RainDance
|
|-weather|RainDance|[upkeep]
|turn|89
|
|move|p1a: Cacturne|Sucker Punch|p2a: Manaphy
|-fail|p2a: Manaphy
|move|p2a: Manaphy|Rest|p2a: Manaphy
|-fail|p2a: Manaphy
|
|-weather|RainDance|[upkeep]
|turn|90
|
|move|p2a: Manaphy|Rest|p2a: Manaphy
|-fail|p2a: Manaphy
|move|p1a: Cacturne|Counter|p2a: Manaphy
|-fail|p2a: Manaphy
|
|-weather|RainDance|[upkeep]
|turn|91
|c|âMistaken|i love you how wasted 70 turns
|c|âMistaken|just as an attempt to annoy me
|leave|FUQ GLISCORE
|
|move|p2a: Manaphy|Rest|p2a: Manaphy
|-fail|p2a: Manaphy
|move|p1a: Cacturne|Counter|p2a: Manaphy
|-fail|p2a: Manaphy
|
|-weather|RainDance|[upkeep]
|turn|92
|join|Hykso
|
|move|p2a: Manaphy|Rest|p2a: Manaphy
|-fail|p2a: Manaphy
|move|p1a: Cacturne|Counter|p2a: Manaphy
|-fail|p2a: Manaphy
|
|-weather|none
|turn|93
|
|move|p2a: Manaphy|Rain Dance|p2a: Manaphy
|-weather|RainDance
|move|p1a: Cacturne|Counter|p2a: Manaphy
|-fail|p2a: Manaphy
|
|-weather|RainDance|[upkeep]
|turn|94
|
|move|p2a: Manaphy|Rest|p2a: Manaphy
|-fail|p2a: Manaphy
|move|p1a: Cacturne|Counter|p2a: Manaphy
|-fail|p2a: Manaphy
|
|-weather|RainDance|[upkeep]
|turn|95
|
|move|p2a: Manaphy|Rest|p2a: Manaphy
|-fail|p2a: Manaphy
|move|p1a: Cacturne|Seed Bomb|p2a: Manaphy
|-supereffective|p2a: Manaphy
|-damage|p2a: Manaphy|188\/404
|
|-weather|RainDance|[upkeep]
|-heal|p2a: Manaphy|213\/404|[from] item: Leftovers
|turn|96
|
|move|p2a: Manaphy|Rest|p2a: Manaphy
|-status|p2a: Manaphy|slp
|-heal|p2a: Manaphy|404\/404 slp|[silent]
|-status|p2a: Manaphy|slp|[from] move: Rest
|move|p1a: Cacturne|Seed Bomb|p2a: Manaphy
|-supereffective|p2a: Manaphy
|-damage|p2a: Manaphy|206\/404 slp
|
|-weather|RainDance|[upkeep]
|-curestatus|p2a: Manaphy|slp
|-heal|p2a: Manaphy|231\/404|[from] item: Leftovers
|turn|97
|
|move|p1a: Cacturne|Sucker Punch|p2a: Manaphy
|-fail|p2a: Manaphy
|move|p2a: Manaphy|Rest|p2a: Manaphy
|-status|p2a: Manaphy|slp
|-heal|p2a: Manaphy|404\/404 slp|[silent]
|-status|p2a: Manaphy|slp|[from] move: Rest
|
|-weather|none
|turn|98
|c|âMistaken|oh no
|c|âMistaken|lol
|
|switch|p1a: Gengar|Gengar, F|139\/261
|cant|p2a: Manaphy|slp
|
|turn|99
|
|switch|p1a: Cacturne|Cacturne, F|281\/281
|cant|p2a: Manaphy|slp
|
|turn|100
|
|switch|p1a: Gengar|Gengar, F|139\/261
|-curestatus|p2a: Manaphy|slp
|move|p2a: Manaphy|Rest|p2a: Manaphy
|-fail|p2a: Manaphy
|
|turn|101
|c|âMistaken|check mate
|
|move|p1a: Gengar|Taunt|p2a: Manaphy
|-start|p2a: Manaphy|move: Taunt
|move|p2a: Manaphy|Scald|p1a: Gengar
|-damage|p1a: Gengar|0 fnt
|faint|p1a: Gengar
|
|c|âMistaken|LMFAO
|
|switch|p1a: Cacturne|Cacturne, F|281\/281
|turn|102
|c|âMistaken|too late
|
|move|p2a: Manaphy|Scald|p1a: Cacturne
|-immune|p1a: Cacturne|[msg]
|move|p1a: Cacturne|Seed Bomb|p2a: Manaphy
|-supereffective|p2a: Manaphy
|-damage|p2a: Manaphy|180\/404
|
|-heal|p2a: Manaphy|205\/404|[from] item: Leftovers
|turn|103
|
|move|p2a: Manaphy|Struggle|p1a: Cacturne
|-damage|p1a: Cacturne|238\/281
|-damage|p2a: Manaphy|104\/404
|move|p1a: Cacturne|Seed Bomb|p2a: Manaphy
|-supereffective|p2a: Manaphy
|-damage|p2a: Manaphy|0 fnt
|faint|p2a: Manaphy
|
|win|Mistaken
|raw|Ladder updating...
|c|âMistaken|lol
|raw|Mistaken's rating: 1629 &rarr; <strong>1648<\/strong><br \/>(+19 for winning)
|raw|yesbefore's rating: 1599 &rarr; <strong>1581<\/strong><br \/>(-18 for losing)
|c|âyesbefore|gg
|c|âMistaken|gg
|c|âyesbefore|ahah