|join|FlashyJoey
|join|Mistaken
|player|p1|FlashyJoey|33
|player|p2|Mistaken|264
|gametype|singles
|gen|6
|tier|OU
|rated
|clearpoke
|poke|p1|Starmie
|poke|p1|Chesnaught, M
|poke|p1|Talonflame, F
|poke|p1|Excadrill, M
|poke|p1|Tyranitar, F
|poke|p1|Gardevoir, M
|poke|p2|Charizard, F
|poke|p2|Raikou
|poke|p2|Gengar, F
|poke|p2|Latios, M
|poke|p2|Cloyster, F
|poke|p2|Terrakion
|rule|Swagger Clause: Swagger is banned
|rule|Baton Pass Clause: Limit one PokÃ©mon knowing Baton Pass
|rule|Sleep Clause Mod: Limit one foe put to sleep
|rule|Species Clause: Limit one of each PokÃ©mon
|rule|OHKO Clause: OHKO moves are banned
|rule|Moody Clause: Moody is banned
|rule|Evasion Moves Clause: Evasion moves are banned
|rule|Endless Battle Clause: Forcing endless battles is banned
|rule|HP Percentage Mod: HP is shown in percentages
|teampreview
|
|start
|switch|p1a: Tyranitar|Tyranitar, F|341\/341
|switch|p2a: Terrakion|Terrakion|323\/323
|-weather|Sandstorm
|turn|1
|
|switch|p1a: Starmie|Starmie|323\/323
|move|p2a: Terrakion|Close Combat|p1a: Starmie
|-resisted|p1a: Starmie
|-damage|p1a: Starmie|203\/323
|-unboost|p2a: Terrakion|def|1
|-unboost|p2a: Terrakion|spd|1
|
|-weather|Sandstorm|[upkeep]
|-damage|p1a: Starmie|183\/323|[from] sandstorm
|-heal|p1a: Starmie|203\/323|[from] item: Leftovers
|turn|2
|
|move|p1a: Starmie|Scald|p2a: Terrakion
|-supereffective|p2a: Terrakion
|-damage|p2a: Terrakion|125\/323
|-status|p2a: Terrakion|brn
|move|p2a: Terrakion|Stone Edge|p1a: Starmie
|-damage|p1a: Starmie|98\/323
|
|-weather|Sandstorm|[upkeep]
|-damage|p1a: Starmie|78\/323|[from] sandstorm
|-heal|p1a: Starmie|98\/323|[from] item: Leftovers
|-damage|p2a: Terrakion|85\/323 brn|[from] brn
|turn|3
|
|move|p1a: Starmie|Recover|p1a: Starmie
|-heal|p1a: Starmie|260\/323
|move|p2a: Terrakion|Stone Edge|p1a: Starmie|[miss]
|-miss|p2a: Terrakion|p1a: Starmie
|
|-weather|Sandstorm|[upkeep]
|-damage|p1a: Starmie|240\/323|[from] sandstorm
|-heal|p1a: Starmie|260\/323|[from] item: Leftovers
|-damage|p2a: Terrakion|45\/323 brn|[from] brn
|turn|4
|
|move|p1a: Starmie|Scald|p2a: Terrakion
|-supereffective|p2a: Terrakion
|-damage|p2a: Terrakion|0 fnt
|faint|p2a: Terrakion
|
|-weather|Sandstorm|[upkeep]
|-damage|p1a: Starmie|240\/323|[from] sandstorm
|-heal|p1a: Starmie|260\/323|[from] item: Leftovers
|
|switch|p2a: Raikou|Raikou|321\/321
|-ability|p2a: Raikou|Pressure
|turn|5
|
|switch|p1a: Tyranitar|Tyranitar, F|341\/341
|move|p2a: Raikou|Volt Switch|p1a: Tyranitar
|-damage|p1a: Tyranitar|259\/341
|
|switch|p2a: Gengar|Gengar, F|261\/261
|
|-weather|Sandstorm|[upkeep]
|-damage|p2a: Gengar|245\/261|[from] sandstorm
|turn|6
|
|switch|p1a: Talonflame|Talonflame, F|351\/351
|move|p2a: Gengar|Focus Blast|p1a: Talonflame
|-resisted|p1a: Talonflame
|-damage|p1a: Talonflame|261\/351
|-damage|p2a: Gengar|219\/261|[from] item: Life Orb
|
|-weather|Sandstorm|[upkeep]
|-damage|p2a: Gengar|203\/261|[from] sandstorm
|-damage|p1a: Talonflame|240\/351|[from] sandstorm
|-heal|p1a: Talonflame|261\/351|[from] item: Leftovers
|turn|7
|
|switch|p2a: Raikou|Raikou|321\/321
|-ability|p2a: Raikou|Pressure
|switch|p1a: Tyranitar|Tyranitar, F|259\/341
|
|-weather|Sandstorm|[upkeep]
|-damage|p2a: Raikou|301\/321|[from] sandstorm
|turn|8
|
|move|p2a: Raikou|Volt Switch|p1a: Tyranitar
|-damage|p1a: Tyranitar|180\/341
|
|switch|p2a: Latios|Latios, M|301\/301
|move|p1a: Tyranitar|Stealth Rock|p2a: Latios
|-sidestart|p2: Mistaken|move: Stealth Rock
|
|-weather|none
|turn|9
|
|switch|p1a: Gardevoir|Gardevoir, M|277\/277
|-ability|p1a: Gardevoir|Levitate|[from] ability: Trace|[of] p2a: Latios
|move|p2a: Latios|Defog|p1a: Gardevoir
|-unboost|p1a: Gardevoir|evasion|1
|-sideend|p2: Mistaken|Stealth Rock|[from] move: Defog|[of] p2a: Latios
|
|turn|10
|
|detailschange|p1a: Gardevoir|Gardevoir-Mega, M
|-mega|p1a: Gardevoir|Gardevoir|Gardevoirite
|move|p2a: Latios|Psyshock|p1a: Gardevoir
|-resisted|p1a: Gardevoir
|-damage|p1a: Gardevoir|154\/277
|-damage|p2a: Latios|271\/301|[from] item: Life Orb
|move|p1a: Gardevoir|Hyper Voice|p2a: Latios
|-supereffective|p2a: Latios
|-damage|p2a: Latios|0 fnt
|faint|p2a: Latios
|
|
|switch|p2a: Charizard|Charizard, F|315\/315
|turn|11
|
|switch|p1a: Talonflame|Talonflame, F|261\/351
|detailschange|p2a: Charizard|Charizard-Mega-X, F
|-mega|p2a: Charizard|Charizard|Charizardite X
|move|p2a: Charizard|Flare Blitz|p1a: Talonflame
|-resisted|p1a: Talonflame
|-damage|p1a: Talonflame|91\/351
|-damage|p2a: Charizard|259\/315|[from] recoil|[of] p1a: Talonflame
|
|-heal|p1a: Talonflame|112\/351|[from] item: Leftovers
|turn|12
|
|switch|p1a: Tyranitar|Tyranitar, F|180\/341
|-weather|Sandstorm
|move|p2a: Charizard|Dragon Dance|p2a: Charizard
|-boost|p2a: Charizard|atk|1
|-boost|p2a: Charizard|spe|1
|
|-weather|Sandstorm|[upkeep]
|-damage|p2a: Charizard|240\/315|[from] sandstorm
|turn|13
|
|move|p2a: Charizard|Dragon Dance|p2a: Charizard
|-boost|p2a: Charizard|atk|1
|-boost|p2a: Charizard|spe|1
|move|p1a: Tyranitar|Stone Edge|p2a: Charizard
|-supereffective|p2a: Charizard
|-damage|p2a: Charizard|0 fnt
|faint|p2a: Charizard
|
|-weather|Sandstorm|[upkeep]
|
|switch|p2a: Cloyster|Cloyster, F|241\/241
|turn|14
|c|âMistaken|MISS
|c|âMistaken|MISS
|c|âMistaken|WTF
|c|âMistaken|HAX
|c|âMistaken|HAX
|
|move|p1a: Tyranitar|Superpower|p2a: Cloyster
|-supereffective|p2a: Cloyster
|-damage|p2a: Cloyster|69\/241
|-unboost|p1a: Tyranitar|atk|1
|-unboost|p1a: Tyranitar|def|1
|move|p2a: Cloyster|Shell Smash|p2a: Cloyster
|-boost|p2a: Cloyster|atk|2
|-boost|p2a: Cloyster|spa|2
|-boost|p2a: Cloyster|spe|2
|-unboost|p2a: Cloyster|def|1
|-unboost|p2a: Cloyster|spd|1
|
|-weather|Sandstorm|[upkeep]
|-damage|p2a: Cloyster|54\/241|[from] sandstorm
|turn|15
|-message|Mistaken forfeited.
|
|win|FlashyJoey
|raw|Ladder updating...
|leave|Mistaken
|player|p2
|raw|FlashyJoey's rating: 1648 &rarr; <strong>1666<\/strong><br \/>(+18 for winning)
|raw|Mistaken's rating: 1610 &rarr; <strong>1592<\/strong><br \/>(-18 for losing)