|join|Mistaken
|join|Soul Ameliorate
|player|p1|Mistaken|264
|player|p2|Soul Ameliorate|264
|gametype|singles
|gen|6
|tier|OU
|rated
|clearpoke
|poke|p1|Zapdos, shiny
|poke|p1|Chansey, F
|poke|p1|Gliscor, M, shiny
|poke|p1|Clefable, F
|poke|p1|Slowbro, M, shiny
|poke|p1|Scizor, M
|poke|p2|Gengar, F
|poke|p2|Keldeo-Resolute
|poke|p2|Ferrothorn, F
|poke|p2|Clefable, F
|poke|p2|Manectric, M
|poke|p2|Latios, M
|rule|Swagger Clause: Swagger is banned
|rule|Baton Pass Clause: Limit one PokÃ©mon knowing Baton Pass
|rule|Sleep Clause Mod: Limit one foe put to sleep
|rule|Species Clause: Limit one of each PokÃ©mon
|rule|OHKO Clause: OHKO moves are banned
|rule|Moody Clause: Moody is banned
|rule|Evasion Moves Clause: Evasion moves are banned
|rule|Endless Battle Clause: Forcing endless battles is banned
|rule|HP Percentage Mod: HP is shown in percentages
|teampreview
|
|start
|switch|p1a: EggHead|Chansey, F|704\/704
|switch|p2a: Manectric|Manectric, M|291\/291
|turn|1
|
|move|p2a: Manectric|Volt Switch|p1a: EggHead
|-damage|p1a: EggHead|634\/704
|
|switch|p2a: Gengar|Gengar, F|259\/259
|move|p1a: EggHead|Stealth Rock|p2a: Gengar
|-sidestart|p2: Soul Ameliorate|move: Stealth Rock
|
|turn|2
|
|switch|p1a: rockPaperScizor|Scizor, M|343\/343
|move|p2a: Gengar|Will-O-Wisp|p1a: rockPaperScizor
|-status|p1a: rockPaperScizor|brn
|
|-damage|p1a: rockPaperScizor|301\/343 brn|[from] brn
|turn|3
|
|switch|p2a: Ferrothorn|Ferrothorn, F|352\/352
|-damage|p2a: Ferrothorn|330\/352|[from] Stealth Rock
|detailschange|p1a: rockPaperScizor|Scizor-Mega, M
|-mega|p1a: rockPaperScizor|Scizor|Scizorite
|move|p1a: rockPaperScizor|Bullet Punch|p2a: Ferrothorn
|-resisted|p2a: Ferrothorn
|-damage|p2a: Ferrothorn|312\/352
|-damage|p1a: rockPaperScizor|259\/343 brn|[from] ability: Iron Barbs|[of] p2a: Ferrothorn
|
|-heal|p2a: Ferrothorn|334\/352|[from] item: Leftovers
|-damage|p1a: rockPaperScizor|217\/343 brn|[from] brn
|turn|4
|
|switch|p1a: DayanneMadeME|Zapdos, shiny|384\/384
|-ability|p1a: DayanneMadeME|Pressure
|move|p2a: Ferrothorn|Leech Seed|p1a: DayanneMadeME
|-start|p1a: DayanneMadeME|move: Leech Seed
|
|-heal|p2a: Ferrothorn|352\/352|[from] item: Leftovers
|-damage|p1a: DayanneMadeME|336\/384|[from] Leech Seed|[of] p2a: Ferrothorn
|turn|5
|
|switch|p2a: Keldeo-Resolute|Keldeo-Resolute|323\/323
|-damage|p2a: Keldeo-Resolute|303\/323|[from] Stealth Rock
|move|p1a: DayanneMadeME|Heat Wave|p2a: Keldeo-Resolute
|-resisted|p2a: Keldeo-Resolute
|-damage|p2a: Keldeo-Resolute|257\/323
|
|-heal|p2a: Keldeo-Resolute|277\/323|[from] item: Leftovers
|-heal|p1a: DayanneMadeME|360\/384|[from] item: Leftovers
|-damage|p1a: DayanneMadeME|312\/384|[from] Leech Seed|[of] p2a: Keldeo-Resolute
|-heal|p2a: Keldeo-Resolute|323\/323|[silent]
|turn|6
|
|switch|p2a: Manectric|Manectric, M|291\/291
|-damage|p2a: Manectric|255\/291|[from] Stealth Rock
|move|p1a: DayanneMadeME|Heat Wave|p2a: Manectric
|-damage|p2a: Manectric|130\/291
|
|-heal|p1a: DayanneMadeME|336\/384|[from] item: Leftovers
|-damage|p1a: DayanneMadeME|288\/384|[from] Leech Seed|[of] p2a: Manectric
|-heal|p2a: Manectric|178\/291|[silent]
|turn|7
|
|switch|p1a: EggHead|Chansey, F|634\/704
|move|p2a: Manectric|Volt Switch|p1a: EggHead
|-damage|p1a: EggHead|562\/704
|
|switch|p2a: Clefable|Clefable, F|394\/394
|
|turn|8
|
|switch|p1a: ZENZO|Gliscor, M, shiny|353\/353
|move|p2a: Clefable|Stealth Rock|p1a: ZENZO
|-sidestart|p1: Mistaken|move: Stealth Rock
|
|-status|p1a: ZENZO|tox|[from] item: Toxic Orb
|turn|9
|
|switch|p2a: Ferrothorn|Ferrothorn, F|352\/352
|-damage|p2a: Ferrothorn|330\/352|[from] Stealth Rock
|move|p1a: ZENZO|Taunt|p2a: Ferrothorn
|-start|p2a: Ferrothorn|move: Taunt
|
|-heal|p2a: Ferrothorn|352\/352|[from] item: Leftovers
|turn|10
|
|move|p1a: ZENZO|Earthquake|p2a: Ferrothorn
|-damage|p2a: Ferrothorn|271\/352
|move|p2a: Ferrothorn|Gyro Ball|p1a: ZENZO
|-damage|p1a: ZENZO|226\/353 tox
|
|-heal|p2a: Ferrothorn|293\/352|[from] item: Leftovers
|-heal|p1a: ZENZO|270\/353 tox|[from] ability: Poison Heal
|turn|11
|
|switch|p2a: Gengar|Gengar, F|259\/259
|-damage|p2a: Gengar|227\/259|[from] Stealth Rock
|move|p1a: ZENZO|Knock Off|p2a: Gengar
|-supereffective|p2a: Gengar
|-damage|p2a: Gengar|0 fnt
|-enditem|p2a: Gengar|Life Orb|[from] move: Knock Off|[of] p1a: ZENZO
|faint|p2a: Gengar
|
|-heal|p1a: ZENZO|314\/353 tox|[from] ability: Poison Heal
|
|switch|p2a: Keldeo-Resolute|Keldeo-Resolute|323\/323
|-damage|p2a: Keldeo-Resolute|303\/323|[from] Stealth Rock
|turn|12
|
|switch|p1a: Slowbro'ed|Slowbro, M, shiny|394\/394
|-damage|p1a: Slowbro'ed|345\/394|[from] Stealth Rock
|move|p2a: Keldeo-Resolute|Scald|p1a: Slowbro'ed
|-resisted|p1a: Slowbro'ed
|-damage|p1a: Slowbro'ed|265\/394
|
|-heal|p2a: Keldeo-Resolute|323\/323|[from] item: Leftovers
|-heal|p1a: Slowbro'ed|289\/394|[from] item: Leftovers
|turn|13
|
|move|p2a: Keldeo-Resolute|Substitute|p2a: Keldeo-Resolute
|-start|p2a: Keldeo-Resolute|Substitute
|-damage|p2a: Keldeo-Resolute|243\/323
|move|p1a: Slowbro'ed|Psyshock|p2a: Keldeo-Resolute
|-supereffective|p2a: Keldeo-Resolute
|-end|p2a: Keldeo-Resolute|Substitute
|
|-heal|p2a: Keldeo-Resolute|263\/323|[from] item: Leftovers
|-heal|p1a: Slowbro'ed|313\/394|[from] item: Leftovers
|turn|14
|
|switch|p2a: Ferrothorn|Ferrothorn, F|293\/352
|-damage|p2a: Ferrothorn|271\/352|[from] Stealth Rock
|move|p1a: Slowbro'ed|Psyshock|p2a: Ferrothorn
|-resisted|p2a: Ferrothorn
|-damage|p2a: Ferrothorn|238\/352
|
|-heal|p1a: Slowbro'ed|337\/394|[from] item: Leftovers
|-heal|p2a: Ferrothorn|260\/352|[from] item: Leftovers
|turn|15
|
|switch|p1a: DayanneMadeME|Zapdos, shiny|288\/384
|-damage|p1a: DayanneMadeME|192\/384|[from] Stealth Rock
|-ability|p1a: DayanneMadeME|Pressure
|move|p2a: Ferrothorn|Leech Seed|p1a: DayanneMadeME
|-start|p1a: DayanneMadeME|move: Leech Seed
|
|-heal|p1a: DayanneMadeME|216\/384|[from] item: Leftovers
|-heal|p2a: Ferrothorn|282\/352|[from] item: Leftovers
|-damage|p1a: DayanneMadeME|168\/384|[from] Leech Seed|[of] p2a: Ferrothorn
|-heal|p2a: Ferrothorn|330\/352|[silent]
|turn|16
|
|switch|p2a: Manectric|Manectric, M|178\/291
|-damage|p2a: Manectric|142\/291|[from] Stealth Rock
|move|p1a: DayanneMadeME|Roost|p1a: DayanneMadeME
|-heal|p1a: DayanneMadeME|360\/384
|
|-heal|p1a: DayanneMadeME|384\/384|[from] item: Leftovers
|-damage|p1a: DayanneMadeME|336\/384|[from] Leech Seed|[of] p2a: Manectric
|-heal|p2a: Manectric|190\/291|[silent]
|turn|17
|
|switch|p1a: ZENZO|Gliscor, M, shiny|314\/353 tox
|-damage|p1a: ZENZO|270\/353 tox|[from] Stealth Rock
|move|p2a: Manectric|Volt Switch|p1a: ZENZO
|-immune|p1a: ZENZO|[msg]
|
|-heal|p1a: ZENZO|314\/353 tox|[from] ability: Poison Heal
|turn|18
|
|switch|p1a: EggHead|Chansey, F|562\/704
|-damage|p1a: EggHead|474\/704|[from] Stealth Rock
|move|p2a: Manectric|Volt Switch|p1a: EggHead
|-damage|p1a: EggHead|404\/704
|
|switch|p2a: Keldeo-Resolute|Keldeo-Resolute|263\/323
|-damage|p2a: Keldeo-Resolute|243\/323|[from] Stealth Rock
|
|-heal|p2a: Keldeo-Resolute|263\/323|[from] item: Leftovers
|turn|19
|
|switch|p1a: Slowbro'ed|Slowbro, M, shiny|394\/394
|-damage|p1a: Slowbro'ed|345\/394|[from] Stealth Rock
|move|p2a: Keldeo-Resolute|Scald|p1a: Slowbro'ed
|-resisted|p1a: Slowbro'ed
|-damage|p1a: Slowbro'ed|258\/394
|
|-heal|p2a: Keldeo-Resolute|283\/323|[from] item: Leftovers
|-heal|p1a: Slowbro'ed|282\/394|[from] item: Leftovers
|turn|20
|
|switch|p2a: Latios|Latios, M|301\/301
|-damage|p2a: Latios|264\/301|[from] Stealth Rock
|move|p1a: Slowbro'ed|Psyshock|p2a: Latios
|-resisted|p2a: Latios
|-damage|p2a: Latios|210\/301
|
|-heal|p1a: Slowbro'ed|306\/394|[from] item: Leftovers
|turn|21
|join|leremyju
|
|switch|p1a: Chubby|Clefable, F|394\/394
|-damage|p1a: Chubby|345\/394|[from] Stealth Rock
|move|p2a: Latios|Trick|p1a: Chubby
|-activate|p2a: Latios|move: Trick|[of] p1a: Chubby
|-item|p1a: Chubby|Choice Scarf|[from] move: Trick
|-item|p2a: Latios|Leftovers|[from] move: Trick
|
|-heal|p2a: Latios|228\/301|[from] item: Leftovers
|turn|22
|
|switch|p2a: Ferrothorn|Ferrothorn, F|330\/352
|-damage|p2a: Ferrothorn|308\/352|[from] Stealth Rock
|move|p1a: Chubby|Moonblast|p2a: Ferrothorn
|-resisted|p2a: Ferrothorn
|-damage|p2a: Ferrothorn|265\/352
|
|-heal|p2a: Ferrothorn|287\/352|[from] item: Leftovers
|turn|23
|join|hom0sapien
|leave|hom0sapien
|
|switch|p1a: EggHead|Chansey, F|404\/704
|-damage|p1a: EggHead|316\/704|[from] Stealth Rock
|move|p2a: Ferrothorn|Spikes|p1a: EggHead
|-sidestart|p1: Mistaken|Spikes
|
|-heal|p2a: Ferrothorn|309\/352|[from] item: Leftovers
|turn|24
|
|move|p1a: EggHead|Soft-Boiled|p1a: EggHead
|-heal|p1a: EggHead|668\/704
|move|p2a: Ferrothorn|Leech Seed|p1a: EggHead
|-start|p1a: EggHead|move: Leech Seed
|
|-heal|p2a: Ferrothorn|331\/352|[from] item: Leftovers
|-damage|p1a: EggHead|580\/704|[from] Leech Seed|[of] p2a: Ferrothorn
|-heal|p2a: Ferrothorn|352\/352|[silent]
|turn|25
|
|switch|p1a: DayanneMadeME|Zapdos, shiny|336\/384
|-damage|p1a: DayanneMadeME|240\/384|[from] Stealth Rock
|-ability|p1a: DayanneMadeME|Pressure
|switch|p2a: Keldeo-Resolute|Keldeo-Resolute|283\/323
|-damage|p2a: Keldeo-Resolute|263\/323|[from] Stealth Rock
|
|-heal|p2a: Keldeo-Resolute|283\/323|[from] item: Leftovers
|-heal|p1a: DayanneMadeME|264\/384|[from] item: Leftovers
|turn|26
|leave|leremyju
|
|move|p2a: Keldeo-Resolute|Scald|p1a: DayanneMadeME
|-damage|p1a: DayanneMadeME|120\/384
|-status|p1a: DayanneMadeME|brn
|move|p1a: DayanneMadeME|Roost|p1a: DayanneMadeME
|-heal|p1a: DayanneMadeME|312\/384 brn
|
|-heal|p2a: Keldeo-Resolute|303\/323|[from] item: Leftovers
|-heal|p1a: DayanneMadeME|336\/384 brn|[from] item: Leftovers
|-damage|p1a: DayanneMadeME|288\/384 brn|[from] brn
|turn|27
|
|switch|p2a: Manectric|Manectric, M|190\/291
|-damage|p2a: Manectric|154\/291|[from] Stealth Rock
|switch|p1a: Slowbro'ed|Slowbro, M, shiny|394\/394
|-damage|p1a: Slowbro'ed|345\/394|[from] Spikes
|-damage|p1a: Slowbro'ed|296\/394|[from] Stealth Rock
|
|-heal|p1a: Slowbro'ed|320\/394|[from] item: Leftovers
|turn|28
|
|switch|p1a: Chubby|Clefable, F|345\/394
|-damage|p1a: Chubby|296\/394|[from] Spikes
|-damage|p1a: Chubby|247\/394|[from] Stealth Rock
|move|p2a: Manectric|Volt Switch|p1a: Chubby
|-damage|p1a: Chubby|123\/394
|
|switch|p2a: Keldeo-Resolute|Keldeo-Resolute|303\/323
|-damage|p2a: Keldeo-Resolute|283\/323|[from] Stealth Rock
|
|-heal|p2a: Keldeo-Resolute|303\/323|[from] item: Leftovers
|turn|29
|
|move|p2a: Keldeo-Resolute|Scald|p1a: Chubby
|-damage|p1a: Chubby|0 fnt
|faint|p1a: Chubby
|
|-heal|p2a: Keldeo-Resolute|323\/323|[from] item: Leftovers
|
|switch|p1a: Slowbro'ed|Slowbro, M, shiny|394\/394
|-damage|p1a: Slowbro'ed|345\/394|[from] Spikes
|-damage|p1a: Slowbro'ed|296\/394|[from] Stealth Rock
|turn|30
|
|switch|p2a: Ferrothorn|Ferrothorn, F|352\/352
|-damage|p2a: Ferrothorn|330\/352|[from] Stealth Rock
|move|p1a: Slowbro'ed|Psyshock|p2a: Ferrothorn
|-crit|p2a: Ferrothorn
|-resisted|p2a: Ferrothorn
|-damage|p2a: Ferrothorn|280\/352
|
|-heal|p1a: Slowbro'ed|320\/394|[from] item: Leftovers
|-heal|p2a: Ferrothorn|302\/352|[from] item: Leftovers
|turn|31
|
|switch|p1a: EggHead|Chansey, F|580\/704
|-damage|p1a: EggHead|492\/704|[from] Stealth Rock
|-damage|p1a: EggHead|404\/704|[from] Spikes
|move|p2a: Ferrothorn|Leech Seed|p1a: EggHead
|-start|p1a: EggHead|move: Leech Seed
|
|-heal|p2a: Ferrothorn|324\/352|[from] item: Leftovers
|-damage|p1a: EggHead|316\/704|[from] Leech Seed|[of] p2a: Ferrothorn
|-heal|p2a: Ferrothorn|352\/352|[silent]
|turn|32
|
|switch|p2a: Keldeo-Resolute|Keldeo-Resolute|323\/323
|-damage|p2a: Keldeo-Resolute|303\/323|[from] Stealth Rock
|move|p1a: EggHead|Heal Bell|p1a: EggHead
|-cureteam|p1a: EggHead|[from] move: HealBell
|
|-heal|p2a: Keldeo-Resolute|323\/323|[from] item: Leftovers
|-damage|p1a: EggHead|228\/704|[from] Leech Seed|[of] p2a: Keldeo-Resolute
|turn|33
|
|switch|p1a: Slowbro'ed|Slowbro, M, shiny|394\/394
|-damage|p1a: Slowbro'ed|345\/394|[from] Stealth Rock
|-damage|p1a: Slowbro'ed|296\/394|[from] Spikes
|move|p2a: Keldeo-Resolute|Secret Sword|p1a: Slowbro'ed
|-resisted|p1a: Slowbro'ed
|-damage|p1a: Slowbro'ed|243\/394
|
|-heal|p1a: Slowbro'ed|267\/394|[from] item: Leftovers
|turn|34
|
|switch|p1a: DayanneMadeME|Zapdos, shiny|288\/384
|-damage|p1a: DayanneMadeME|192\/384|[from] Stealth Rock
|-ability|p1a: DayanneMadeME|Pressure
|move|p2a: Keldeo-Resolute|Substitute|p2a: Keldeo-Resolute
|-start|p2a: Keldeo-Resolute|Substitute
|-damage|p2a: Keldeo-Resolute|243\/323
|
|-heal|p2a: Keldeo-Resolute|263\/323|[from] item: Leftovers
|-heal|p1a: DayanneMadeME|216\/384|[from] item: Leftovers
|turn|35
|
|switch|p1a: Slowbro'ed|Slowbro, M, shiny|394\/394
|-damage|p1a: Slowbro'ed|345\/394|[from] Spikes
|-damage|p1a: Slowbro'ed|296\/394|[from] Stealth Rock
|move|p2a: Keldeo-Resolute|Scald|p1a: Slowbro'ed
|-resisted|p1a: Slowbro'ed
|-damage|p1a: Slowbro'ed|210\/394
|-status|p1a: Slowbro'ed|brn
|
|-heal|p2a: Keldeo-Resolute|283\/323|[from] item: Leftovers
|-heal|p1a: Slowbro'ed|234\/394 brn|[from] item: Leftovers
|-damage|p1a: Slowbro'ed|185\/394 brn|[from] brn
|turn|36
|
|move|p2a: Keldeo-Resolute|Scald|p1a: Slowbro'ed
|-resisted|p1a: Slowbro'ed
|-damage|p1a: Slowbro'ed|105\/394 brn
|move|p1a: Slowbro'ed|Slack Off|p1a: Slowbro'ed
|-heal|p1a: Slowbro'ed|302\/394 brn
|
|-heal|p2a: Keldeo-Resolute|303\/323|[from] item: Leftovers
|-heal|p1a: Slowbro'ed|326\/394 brn|[from] item: Leftovers
|-damage|p1a: Slowbro'ed|277\/394 brn|[from] brn
|turn|37
|
|switch|p2a: Ferrothorn|Ferrothorn, F|352\/352
|-damage|p2a: Ferrothorn|330\/352|[from] Stealth Rock
|move|p1a: Slowbro'ed|Psyshock|p2a: Ferrothorn
|-crit|p2a: Ferrothorn
|-resisted|p2a: Ferrothorn
|-damage|p2a: Ferrothorn|286\/352
|
|-heal|p1a: Slowbro'ed|301\/394 brn|[from] item: Leftovers
|-heal|p2a: Ferrothorn|308\/352|[from] item: Leftovers
|-damage|p1a: Slowbro'ed|252\/394 brn|[from] brn
|turn|38
|
|switch|p1a: DayanneMadeME|Zapdos, shiny|216\/384
|-damage|p1a: DayanneMadeME|120\/384|[from] Stealth Rock
|-ability|p1a: DayanneMadeME|Pressure
|switch|p2a: Keldeo-Resolute|Keldeo-Resolute|303\/323
|-damage|p2a: Keldeo-Resolute|283\/323|[from] Stealth Rock
|
|-heal|p2a: Keldeo-Resolute|303\/323|[from] item: Leftovers
|-heal|p1a: DayanneMadeME|144\/384|[from] item: Leftovers
|turn|39
|join|I Iike Squirtles
|
|switch|p1a: Slowbro'ed|Slowbro, M, shiny|383\/394 brn
|-damage|p1a: Slowbro'ed|334\/394 brn|[from] Stealth Rock
|-damage|p1a: Slowbro'ed|285\/394 brn|[from] Spikes
|move|p2a: Keldeo-Resolute|Scald|p1a: Slowbro'ed
|-resisted|p1a: Slowbro'ed
|-damage|p1a: Slowbro'ed|203\/394 brn
|
|-heal|p2a: Keldeo-Resolute|323\/323|[from] item: Leftovers
|-heal|p1a: Slowbro'ed|227\/394 brn|[from] item: Leftovers
|-damage|p1a: Slowbro'ed|178\/394 brn|[from] brn
|turn|40
|
|switch|p2a: Ferrothorn|Ferrothorn, F|308\/352
|-damage|p2a: Ferrothorn|286\/352|[from] Stealth Rock
|move|p1a: Slowbro'ed|Slack Off|p1a: Slowbro'ed
|-heal|p1a: Slowbro'ed|375\/394 brn
|
|-heal|p1a: Slowbro'ed|394\/394 brn|[from] item: Leftovers
|-heal|p2a: Ferrothorn|308\/352|[from] item: Leftovers
|-damage|p1a: Slowbro'ed|345\/394 brn|[from] brn
|turn|41
|
|switch|p1a: EggHead|Chansey, F|228\/704
|-damage|p1a: EggHead|140\/704|[from] Stealth Rock
|-damage|p1a: EggHead|52\/704|[from] Spikes
|move|p2a: Ferrothorn|Leech Seed|p1a: EggHead
|-start|p1a: EggHead|move: Leech Seed
|
|-heal|p2a: Ferrothorn|330\/352|[from] item: Leftovers
|-damage|p1a: EggHead|0 fnt|[from] Leech Seed|[of] p2a: Ferrothorn
|-heal|p2a: Ferrothorn|352\/352|[silent]
|faint|p1a: EggHead
|
|switch|p1a: DayanneMadeME|Zapdos, shiny|144\/384
|-damage|p1a: DayanneMadeME|48\/384|[from] Stealth Rock
|-ability|p1a: DayanneMadeME|Pressure
|turn|42
|
|move|p1a: DayanneMadeME|Defog|p2a: Ferrothorn
|-unboost|p2a: Ferrothorn|evasion|1
|-sideend|p2: Soul Ameliorate|Stealth Rock|[from] move: Defog|[of] p2a: Ferrothorn
|-sideend|p1: Mistaken|Spikes|[from] move: Defog|[of] p1a: DayanneMadeME
|-sideend|p1: Mistaken|Stealth Rock|[from] move: Defog|[of] p1a: DayanneMadeME
|move|p2a: Ferrothorn|Leech Seed|p1a: DayanneMadeME
|-start|p1a: DayanneMadeME|move: Leech Seed
|
|-heal|p1a: DayanneMadeME|72\/384|[from] item: Leftovers
|-damage|p1a: DayanneMadeME|24\/384|[from] Leech Seed|[of] p2a: Ferrothorn
|turn|43
|
|switch|p2a: Clefable|Clefable, F|394\/394
|move|p1a: DayanneMadeME|Roost|p1a: DayanneMadeME
|-heal|p1a: DayanneMadeME|216\/384
|
|-heal|p1a: DayanneMadeME|240\/384|[from] item: Leftovers
|-damage|p1a: DayanneMadeME|192\/384|[from] Leech Seed|[of] p2a: Clefable
|turn|44
|
|move|p1a: DayanneMadeME|Roost|p1a: DayanneMadeME
|-heal|p1a: DayanneMadeME|384\/384
|move|p2a: Clefable|Stealth Rock|p1a: DayanneMadeME
|-sidestart|p1: Mistaken|move: Stealth Rock
|
|-damage|p1a: DayanneMadeME|336\/384|[from] Leech Seed|[of] p2a: Clefable
|turn|45
|
|switch|p1a: ZENZO|Gliscor, M, shiny|314\/353
|-damage|p1a: ZENZO|270\/353|[from] Stealth Rock
|move|p2a: Clefable|Moonblast|p1a: ZENZO
|-crit|p1a: ZENZO
|-damage|p1a: ZENZO|113\/353
|
|-status|p1a: ZENZO|tox|[from] item: Toxic Orb
|turn|46
|c|âMistaken|..
|join|Bluwing
|
|switch|p2a: Keldeo-Resolute|Keldeo-Resolute|323\/323
|move|p1a: ZENZO|Knock Off|p2a: Keldeo-Resolute
|-resisted|p2a: Keldeo-Resolute
|-damage|p2a: Keldeo-Resolute|284\/323
|-boost|p2a: Keldeo-Resolute|atk|1|[from] ability: Justified
|-enditem|p2a: Keldeo-Resolute|Leftovers|[from] move: Knock Off|[of] p1a: ZENZO
|
|-heal|p1a: ZENZO|157\/353 tox|[from] ability: Poison Heal
|turn|47
|leave|Bluwing
|
|switch|p1a: Slowbro'ed|Slowbro, M, shiny|394\/394 brn
|-damage|p1a: Slowbro'ed|345\/394 brn|[from] Stealth Rock
|move|p2a: Keldeo-Resolute|Calm Mind|p2a: Keldeo-Resolute
|-boost|p2a: Keldeo-Resolute|spa|1
|-boost|p2a: Keldeo-Resolute|spd|1
|
|-heal|p1a: Slowbro'ed|369\/394 brn|[from] item: Leftovers
|-damage|p1a: Slowbro'ed|320\/394 brn|[from] brn
|turn|48
|
|switch|p2a: Latios|Latios, M|228\/301
|move|p1a: Slowbro'ed|Psyshock|p2a: Latios
|-resisted|p2a: Latios
|-damage|p2a: Latios|171\/301
|
|-heal|p2a: Latios|189\/301|[from] item: Leftovers
|-heal|p1a: Slowbro'ed|344\/394 brn|[from] item: Leftovers
|-damage|p1a: Slowbro'ed|295\/394 brn|[from] brn
|turn|49
|
|switch|p1a: rockPaperScizor|Scizor-Mega, M|217\/343
|-damage|p1a: rockPaperScizor|175\/343|[from] Stealth Rock
|move|p2a: Latios|Draco Meteor|p1a: rockPaperScizor
|-crit|p1a: rockPaperScizor
|-resisted|p1a: rockPaperScizor
|-damage|p1a: rockPaperScizor|10\/343
|-unboost|p2a: Latios|spa|2
|
|-heal|p2a: Latios|207\/301|[from] item: Leftovers
|turn|50
|
|move|p2a: Latios|Psyshock|p1a: rockPaperScizor
|-resisted|p1a: rockPaperScizor
|-damage|p1a: rockPaperScizor|0 fnt
|faint|p1a: rockPaperScizor
|
|-heal|p2a: Latios|225\/301|[from] item: Leftovers
|
|switch|p1a: DayanneMadeME|Zapdos, shiny|336\/384
|-damage|p1a: DayanneMadeME|240\/384|[from] Stealth Rock
|-ability|p1a: DayanneMadeME|Pressure
|turn|51
|
|switch|p2a: Clefable|Clefable, F|394\/394
|move|p1a: DayanneMadeME|Roost|p1a: DayanneMadeME
|-heal|p1a: DayanneMadeME|384\/384
|
|turn|52
|
|move|p1a: DayanneMadeME|Defog|p2a: Clefable
|-unboost|p2a: Clefable|evasion|1
|-sideend|p1: Mistaken|Stealth Rock|[from] move: Defog|[of] p1a: DayanneMadeME
|move|p2a: Clefable|Moonblast|p1a: DayanneMadeME
|-damage|p1a: DayanneMadeME|275\/384
|
|-heal|p1a: DayanneMadeME|299\/384|[from] item: Leftovers
|turn|53
|
|switch|p1a: ZENZO|Gliscor, M, shiny|157\/353 tox
|move|p2a: Clefable|Stealth Rock|p1a: ZENZO
|-sidestart|p1: Mistaken|move: Stealth Rock
|
|-heal|p1a: ZENZO|201\/353 tox|[from] ability: Poison Heal
|turn|54
|join|Wanna Be A Baller
|
|switch|p2a: Keldeo-Resolute|Keldeo-Resolute|284\/323
|move|p1a: ZENZO|Earthquake|p2a: Keldeo-Resolute
|-damage|p2a: Keldeo-Resolute|169\/323
|
|-heal|p1a: ZENZO|245\/353 tox|[from] ability: Poison Heal
|turn|55
|
|switch|p2a: Manectric|Manectric, M|154\/291
|switch|p1a: Slowbro'ed|Slowbro, M, shiny|394\/394 brn
|-damage|p1a: Slowbro'ed|345\/394 brn|[from] Stealth Rock
|
|-heal|p1a: Slowbro'ed|369\/394 brn|[from] item: Leftovers
|-damage|p1a: Slowbro'ed|320\/394 brn|[from] brn
|turn|56
|
|move|p2a: Manectric|Hidden Power|p1a: Slowbro'ed
|-resisted|p1a: Slowbro'ed
|-damage|p1a: Slowbro'ed|284\/394 brn
|move|p1a: Slowbro'ed|Scald|p2a: Manectric
|-damage|p2a: Manectric|1\/291
|
|-heal|p1a: Slowbro'ed|308\/394 brn|[from] item: Leftovers
|-damage|p1a: Slowbro'ed|259\/394 brn|[from] brn
|turn|57
|
|switch|p1a: ZENZO|Gliscor, M, shiny|245\/353 tox
|-damage|p1a: ZENZO|201\/353 tox|[from] Stealth Rock
|detailschange|p2a: Manectric|Manectric-Mega, M
|-mega|p2a: Manectric|Manectric|Manectite
|-ability|p2a: Manectric|Intimidate|[of] p1a: ZENZO
|-unboost|p1a: ZENZO|atk|1
|move|p2a: Manectric|Thunderbolt|p1a: ZENZO
|-immune|p1a: ZENZO|[msg]
|
|-heal|p1a: ZENZO|245\/353 tox|[from] ability: Poison Heal
|turn|58
|
|switch|p1a: Slowbro'ed|Slowbro, M, shiny|390\/394 brn
|-damage|p1a: Slowbro'ed|341\/394 brn|[from] Stealth Rock
|move|p2a: Manectric|Hidden Power|p1a: Slowbro'ed
|-resisted|p1a: Slowbro'ed
|-damage|p1a: Slowbro'ed|299\/394 brn
|
|-heal|p1a: Slowbro'ed|323\/394 brn|[from] item: Leftovers
|-damage|p1a: Slowbro'ed|274\/394 brn|[from] brn
|turn|59
|
|move|p2a: Manectric|Thunderbolt|p1a: Slowbro'ed
|-supereffective|p1a: Slowbro'ed
|-damage|p1a: Slowbro'ed|0 fnt
|faint|p1a: Slowbro'ed
|
|
|switch|p1a: DayanneMadeME|Zapdos, shiny|299\/384
|-damage|p1a: DayanneMadeME|203\/384|[from] Stealth Rock
|-ability|p1a: DayanneMadeME|Pressure
|turn|60
|
|move|p2a: Manectric|Thunderbolt|p1a: DayanneMadeME
|-damage|p1a: DayanneMadeME|25\/384
|move|p1a: DayanneMadeME|Heat Wave|p2a: Manectric
|-damage|p2a: Manectric|0 fnt
|faint|p2a: Manectric
|
|-heal|p1a: DayanneMadeME|49\/384|[from] item: Leftovers
|
|switch|p2a: Keldeo-Resolute|Keldeo-Resolute|169\/323
|turn|61
|c|âMistaken|stupid min scald cost me the game
|c|âMistaken|great
|
|move|p2a: Keldeo-Resolute|Scald|p1a: DayanneMadeME
|-crit|p1a: DayanneMadeME
|-damage|p1a: DayanneMadeME|0 fnt
|faint|p1a: DayanneMadeME
|
|c|âMistaken|0 SpA Slowbro Scald vs. 0 HP \/ 0 SpD Manectric: 130-154 (46.2 - 54.8%) -- guaranteed 2HKO after Stealth Rock
|c|âSoul Ameliorate|to be fair, I had no reason to HP Ice that turn
|c|âMistaken|and no burn
|
|switch|p1a: ZENZO|Gliscor, M, shiny|245\/353 tox
|-damage|p1a: ZENZO|201\/353 tox|[from] Stealth Rock
|turn|62
|c|âMistaken|u did
|
|move|p2a: Keldeo-Resolute|Scald|p1a: ZENZO
|-supereffective|p1a: ZENZO
|-damage|p1a: ZENZO|0 fnt
|faint|p1a: ZENZO
|
|win|Soul Ameliorate
|raw|Ladder updating...
|raw|Mistaken's rating: 1729 &rarr; <strong>1701<\/strong><br \/>(-28 for losing)
|raw|Soul Ameliorate's rating: 1575 &rarr; <strong>1603<\/strong><br \/>(+28 for winning)
|c|âSoul Ameliorate|no I didnt
|c|âMistaken|-28
|c|âMistaken|WTF
|leave|Mistaken
|player|p1
|c|âSoul Ameliorate|ultimately something would have gotten weakened
|c|âSoul Ameliorate|lol
|c|âSoul Ameliorate|or just rage
|c|âSoul Ameliorate|that works too :\/
|leave|Wanna Be A Baller
|leave|I Iike Squirtles