|join|Mistaken
|join|rnd900
|player|p1|Mistaken|264
|player|p2|rnd900|266
|gametype|singles
|gen|6
|tier|OU
|rated
|clearpoke
|poke|p1|Garchomp, M
|poke|p1|Thundurus, M
|poke|p1|Azumarill, M
|poke|p1|Landorus-Therian, M
|poke|p1|Bisharp, F
|poke|p1|Metagross, shiny
|poke|p2|Lopunny, F
|poke|p2|Gliscor, F
|poke|p2|Heatran, F
|poke|p2|Latias, F
|poke|p2|Dragonite, M
|poke|p2|Azumarill, F
|rule|Swagger Clause: Swagger is banned
|rule|Baton Pass Clause: Limit one PokÃ©mon knowing Baton Pass
|rule|Sleep Clause Mod: Limit one foe put to sleep
|rule|Species Clause: Limit one of each PokÃ©mon
|rule|OHKO Clause: OHKO moves are banned
|rule|Moody Clause: Moody is banned
|rule|Evasion Moves Clause: Evasion moves are banned
|rule|Endless Battle Clause: Forcing endless battles is banned
|rule|HP Percentage Mod: HP is shown in percentages
|teampreview
|
|start
|switch|p1a: Uncle Iro|Garchomp, M|357\/357
|switch|p2a: Heatran|Heatran, F|324\/324
|-item|p2a: Heatran|Air Balloon
|turn|1
|
|move|p1a: Uncle Iro|Dragon Claw|p2a: Heatran
|-resisted|p2a: Heatran
|-damage|p2a: Heatran|250\/324
|-enditem|p2a: Heatran|Air Balloon
|move|p2a: Heatran|Will-O-Wisp|p1a: Uncle Iro
|-status|p1a: Uncle Iro|brn
|
|-damage|p1a: Uncle Iro|313\/357 brn|[from] brn
|turn|2
|
|move|p1a: Uncle Iro|Stealth Rock|p2a: Heatran
|-sidestart|p2: rnd900|move: Stealth Rock
|move|p2a: Heatran|Stealth Rock|p1a: Uncle Iro
|-sidestart|p1: Mistaken|move: Stealth Rock
|
|-damage|p1a: Uncle Iro|269\/357 brn|[from] brn
|turn|3
|
|switch|p2a: Gliscor|Gliscor, F|352\/352
|-damage|p2a: Gliscor|308\/352|[from] Stealth Rock
|move|p1a: Uncle Iro|Earthquake|p2a: Gliscor
|-immune|p2a: Gliscor|[msg]
|
|-damage|p1a: Uncle Iro|225\/357 brn|[from] brn
|-status|p2a: Gliscor|tox|[from] item: Toxic Orb
|turn|4
|
|switch|p1a: Dogs Out|Landorus-Therian, M|325\/325
|-damage|p1a: Dogs Out|285\/325|[from] Stealth Rock
|-ability|p1a: Dogs Out|Intimidate|[of] p2a: Gliscor
|-unboost|p2a: Gliscor|atk|1
|move|p2a: Gliscor|Swords Dance|p2a: Gliscor
|-boost|p2a: Gliscor|atk|2
|
|-heal|p2a: Gliscor|352\/352 tox|[from] ability: Poison Heal
|turn|5
|
|move|p1a: Dogs Out|U-turn|p2a: Gliscor
|-resisted|p2a: Gliscor
|-damage|p2a: Gliscor|314\/352 tox
|
|switch|p1a: Uncle Iro|Garchomp, M|225\/357 brn
|-damage|p1a: Uncle Iro|203\/357 brn|[from] Stealth Rock
|move|p2a: Gliscor|Swords Dance|p2a: Gliscor
|-boost|p2a: Gliscor|atk|2
|
|-damage|p1a: Uncle Iro|159\/357 brn|[from] brn
|-heal|p2a: Gliscor|352\/352 tox|[from] ability: Poison Heal
|turn|6
|
|move|p1a: Uncle Iro|Swords Dance|p1a: Uncle Iro
|-boost|p1a: Uncle Iro|atk|2
|move|p2a: Gliscor|Baton Pass|p2a: Gliscor
|
|switch|p2a: Lopunny|Lopunny, F|272\/272
|-damage|p2a: Lopunny|238\/272|[from] Stealth Rock
|
|-damage|p1a: Uncle Iro|115\/357 brn|[from] brn
|turn|7
|c|âMistaken|lol
|
|detailschange|p2a: Lopunny|Lopunny-Mega, F
|-mega|p2a: Lopunny|Lopunny|Lopunnite
|move|p2a: Lopunny|Drain Punch|p1a: Uncle Iro
|-damage|p1a: Uncle Iro|0 fnt
|-heal|p2a: Lopunny|272\/272|[from] drain|[of] p1a: Uncle Iro
|-damage|p2a: Lopunny|238\/272|[from] ability: Rough Skin|[of] p1a: Uncle Iro
|-damage|p2a: Lopunny|193\/272|[from] item: Rocky Helmet|[of] p1a: Uncle Iro
|faint|p1a: Uncle Iro
|
|
|switch|p1a: Dogs Out|Landorus-Therian, M|285\/325
|-damage|p1a: Dogs Out|245\/325|[from] Stealth Rock
|-ability|p1a: Dogs Out|Intimidate|[of] p2a: Lopunny
|-unboost|p2a: Lopunny|atk|1
|turn|8
|join|RagnarFR
|
|switch|p2a: Gliscor|Gliscor, F|352\/352 tox
|-damage|p2a: Gliscor|308\/352 tox|[from] Stealth Rock
|move|p1a: Dogs Out|Earthquake|p2a: Gliscor
|-immune|p2a: Gliscor|[msg]
|
|-heal|p2a: Gliscor|352\/352 tox|[from] ability: Poison Heal
|turn|9
|
|switch|p1a: TOPH|Metagross, shiny|301\/301
|-damage|p1a: TOPH|283\/301|[from] Stealth Rock
|move|p2a: Gliscor|Swords Dance|p2a: Gliscor
|-boost|p2a: Gliscor|atk|2
|
|turn|10
|leave|RagnarFR
|
|detailschange|p1a: TOPH|Metagross-Mega, shiny
|-mega|p1a: TOPH|Metagross|Metagrossite
|move|p1a: TOPH|Ice Punch|p2a: Gliscor
|-supereffective|p2a: Gliscor
|-damage|p2a: Gliscor|0 fnt
|faint|p2a: Gliscor
|
|join|yuy
|join|Demandred
|
|switch|p2a: Azumarill|Azumarill, F|401\/401
|-damage|p2a: Azumarill|351\/401|[from] Stealth Rock
|turn|11
|
|move|p1a: TOPH|Zen Headbutt|p2a: Azumarill
|-damage|p2a: Azumarill|84\/401
|move|p2a: Azumarill|Knock Off|p1a: TOPH
|-supereffective|p1a: TOPH
|-damage|p1a: TOPH|139\/301
|
|turn|12
|
|move|p2a: Azumarill|Aqua Jet|p1a: TOPH
|-crit|p1a: TOPH
|-damage|p1a: TOPH|42\/301
|move|p1a: TOPH|Zen Headbutt|p2a: Azumarill
|-damage|p2a: Azumarill|0 fnt
|faint|p2a: Azumarill
|
|
|switch|p2a: Lopunny|Lopunny-Mega, F|193\/272
|-damage|p2a: Lopunny|176\/272|[from] Stealth Rock
|turn|13
|
|move|p2a: Lopunny|Return|p1a: TOPH
|-resisted|p1a: TOPH
|-damage|p1a: TOPH|0 fnt
|faint|p1a: TOPH
|
|
|switch|p1a: Zeus|Thundurus, M|299\/299
|-damage|p1a: Zeus|225\/299|[from] Stealth Rock
|turn|14
|
|move|p1a: Zeus|Thunder Wave|p2a: Lopunny
|-status|p2a: Lopunny|par
|move|p2a: Lopunny|Return|p1a: Zeus
|-damage|p1a: Zeus|0 fnt
|faint|p1a: Zeus
|
|
|switch|p1a: Azula|Azumarill, M|350\/350
|-damage|p1a: Azula|307\/350|[from] Stealth Rock
|turn|15
|
|move|p2a: Lopunny|Quick Attack|p1a: Azula
|-damage|p1a: Azula|223\/350
|move|p1a: Azula|Play Rough|p2a: Lopunny
|-supereffective|p2a: Lopunny
|-damage|p2a: Lopunny|0 fnt
|faint|p2a: Lopunny
|
|
|switch|p2a: Heatran|Heatran, F|250\/324
|-damage|p2a: Heatran|210\/324|[from] Stealth Rock
|turn|16
|
|switch|p1a: Dogs Out|Landorus-Therian, M|245\/325
|-damage|p1a: Dogs Out|205\/325|[from] Stealth Rock
|-ability|p1a: Dogs Out|Intimidate|[of] p2a: Heatran
|-unboost|p2a: Heatran|atk|1
|move|p2a: Heatran|Will-O-Wisp|p1a: Dogs Out
|-status|p1a: Dogs Out|brn
|
|-damage|p1a: Dogs Out|165\/325 brn|[from] brn
|turn|17
|
|switch|p2a: Arceus Jr.|Dragonite, M|323\/323
|-damage|p2a: Arceus Jr.|243\/323|[from] Stealth Rock
|move|p1a: Dogs Out|Stone Edge|p2a: Arceus Jr.|[miss]
|-miss|p1a: Dogs Out|p2a: Arceus Jr.
|
|-damage|p1a: Dogs Out|125\/325 brn|[from] brn
|turn|18
|c|âMistaken|...
|
|move|p2a: Arceus Jr.|Extreme Speed|p1a: Dogs Out
|-damage|p1a: Dogs Out|0 fnt
|faint|p1a: Dogs Out
|
|
|switch|p1a: Azula|Azumarill, M|223\/350
|-damage|p1a: Azula|180\/350|[from] Stealth Rock
|turn|19
|
|move|p2a: Arceus Jr.|Extreme Speed|p1a: Azula
|-damage|p1a: Azula|3\/350
|move|p1a: Azula|Play Rough|p2a: Arceus Jr.
|-supereffective|p2a: Arceus Jr.
|-damage|p2a: Arceus Jr.|0 fnt
|faint|p2a: Arceus Jr.
|
|
|switch|p2a: Latias|Latias, F|302\/302
|-damage|p2a: Latias|265\/302|[from] Stealth Rock
|turn|20
|
|move|p2a: Latias|Psyshock|p1a: Azula
|-damage|p1a: Azula|0 fnt
|-damage|p2a: Latias|235\/302|[from] item: Life Orb
|faint|p1a: Azula
|
|
|switch|p1a: Son of a Bish|Bisharp, F|271\/271
|-damage|p1a: Son of a Bish|255\/271|[from] Stealth Rock
|turn|21
|
|move|p1a: Son of a Bish|Sucker Punch|p2a: Latias
|-supereffective|p2a: Latias
|-damage|p2a: Latias|0 fnt
|-damage|p1a: Son of a Bish|228\/271|[from] item: Life Orb
|faint|p2a: Latias
|
|
|switch|p2a: Heatran|Heatran, F|210\/324
|-damage|p2a: Heatran|170\/324|[from] Stealth Rock
|turn|22
|
|move|p2a: Heatran|Lava Plume|p1a: Son of a Bish
|-supereffective|p1a: Son of a Bish
|-damage|p1a: Son of a Bish|0 fnt
|faint|p1a: Son of a Bish
|
|win|rnd900
|raw|Ladder updating...
|c|âMistaken|gg
|c|ârnd900|gg
|join|RagnarFR
|raw|Mistaken's rating: 1671 &rarr; <strong>1655<\/strong><br \/>(-16 for losing)
|raw|rnd900's rating: 1749 &rarr; <strong>1764<\/strong><br \/>(+15 for winning)
|c|âMistaken|how fast