|join|99 Losses
|join|Mistaken
|player|p1|99 Losses|1
|player|p2|Mistaken|264
|gametype|singles
|gen|6
|tier|OU
|clearpoke
|poke|p1|Garchomp, M
|poke|p1|Manaphy
|poke|p1|Tornadus-Therian, M
|poke|p1|Metagross
|poke|p1|Heatran, F
|poke|p1|Serperior, M
|poke|p2|Garchomp, F
|poke|p2|Thundurus, M
|poke|p2|Azumarill, M
|poke|p2|Landorus-Therian, M
|poke|p2|Bisharp, M
|poke|p2|Metagross, shiny
|rule|Swagger Clause: Swagger is banned
|rule|Baton Pass Clause: Limit one PokÃ©mon knowing Baton Pass
|rule|Sleep Clause Mod: Limit one foe put to sleep
|rule|Species Clause: Limit one of each PokÃ©mon
|rule|OHKO Clause: OHKO moves are banned
|rule|Moody Clause: Moody is banned
|rule|Evasion Moves Clause: Evasion moves are banned
|rule|Endless Battle Clause: Forcing endless battles is banned
|rule|HP Percentage Mod: HP is shown in percentages
|teampreview
|c|âMistaken|Just wondering did you know i would bring this team?
|c|â99 Losses|hf
|c|âMistaken|u2
|c|â99 Losses|to be honest i looked at ur replays, so it was a possibility for me
|
|start
|switch|p1a: Serperior|Serperior, M|291\/291
|switch|p2a: Uncle Iro|Garchomp, F|357\/357
|turn|1
|
|move|p1a: Serperior|Leaf Storm|p2a: Uncle Iro
|-damage|p2a: Uncle Iro|104\/357
|-boost|p1a: Serperior|spa|2
|-damage|p1a: Serperior|262\/291|[from] item: Life Orb
|move|p2a: Uncle Iro|Stealth Rock|p1a: Serperior
|-sidestart|p1: 99 Losses|move: Stealth Rock
|
|turn|2
|
|move|p1a: Serperior|Leaf Storm|p2a: Uncle Iro
|-damage|p2a: Uncle Iro|0 fnt
|-boost|p1a: Serperior|spa|2
|-damage|p1a: Serperior|233\/291|[from] item: Life Orb
|faint|p2a: Uncle Iro
|
|
|switch|p2a: Dogs Out|Landorus-Therian, M|325\/325
|-ability|p2a: Dogs Out|Intimidate|[of] p1a: Serperior
|-boost|p1a: Serperior|atk|1
|turn|3
|join|hubbah
|
|move|p2a: Dogs Out|U-turn|p1a: Serperior
|-supereffective|p1a: Serperior
|-damage|p1a: Serperior|41\/291
|
|switch|p2a: Son of a Bish|Bisharp, M|271\/271
|move|p1a: Serperior|Hidden Power|p2a: Son of a Bish
|-supereffective|p2a: Son of a Bish
|-damage|p2a: Son of a Bish|0 fnt
|-damage|p1a: Serperior|12\/291|[from] item: Life Orb
|faint|p2a: Son of a Bish
|
|
|switch|p2a: Dogs Out|Landorus-Therian, M|325\/325
|-ability|p2a: Dogs Out|Intimidate|[of] p1a: Serperior
|-boost|p1a: Serperior|atk|1
|turn|4
|c|âMistaken|that snake doing work
|
|move|p2a: Dogs Out|U-turn|p1a: Serperior
|-supereffective|p1a: Serperior
|-damage|p1a: Serperior|0 fnt
|faint|p1a: Serperior
|
|switch|p2a: Azula|Azumarill, M|350\/350
|
|
|switch|p1a: Manaphy|Manaphy|365\/365
|-damage|p1a: Manaphy|320\/365|[from] Stealth Rock
|turn|5
|
|move|p1a: Manaphy|Energy Ball|p2a: Azula
|-crit|p2a: Azula
|-supereffective|p2a: Azula
|-damage|p2a: Azula|76\/350
|move|p2a: Azula|Play Rough|p1a: Manaphy
|-damage|p1a: Manaphy|46\/365
|
|-heal|p1a: Manaphy|68\/365|[from] item: Leftovers
|turn|6
|
|move|p1a: Manaphy|Energy Ball|p2a: Azula
|-supereffective|p2a: Azula
|-damage|p2a: Azula|0 fnt
|faint|p2a: Azula
|
|-heal|p1a: Manaphy|90\/365|[from] item: Leftovers
|
|switch|p2a: Zeus|Thundurus, M|299\/299
|turn|7
|
|move|p2a: Zeus|Thunderbolt|p1a: Manaphy
|-supereffective|p1a: Manaphy
|-damage|p1a: Manaphy|0 fnt
|-damage|p2a: Zeus|270\/299|[from] item: Life Orb
|faint|p1a: Manaphy
|
|
|switch|p1a: Tornadus-Therian|Tornadus-Therian, M|299\/299
|-damage|p1a: Tornadus-Therian|225\/299|[from] Stealth Rock
|turn|8
|
|move|p1a: Tornadus-Therian|Knock Off|p2a: Zeus
|-damage|p2a: Zeus|135\/299
|-enditem|p2a: Zeus|Life Orb|[from] move: Knock Off|[of] p1a: Tornadus-Therian
|-damage|p1a: Tornadus-Therian|196\/299|[from] item: Life Orb
|move|p2a: Zeus|Thunderbolt|p1a: Tornadus-Therian
|-supereffective|p1a: Tornadus-Therian
|-damage|p1a: Tornadus-Therian|0 fnt
|faint|p1a: Tornadus-Therian
|
|
|switch|p1a: Heatran|Heatran, F|323\/323
|-damage|p1a: Heatran|283\/323|[from] Stealth Rock
|-item|p1a: Heatran|Air Balloon
|turn|9
|
|switch|p1a: Garchomp|Garchomp, M|358\/358
|-damage|p1a: Garchomp|336\/358|[from] Stealth Rock
|move|p2a: Zeus|Focus Blast|p1a: Garchomp|[miss]
|-miss|p2a: Zeus|p1a: Garchomp
|
|turn|10
|
|move|p1a: Garchomp|Stone Edge|p2a: Zeus
|-supereffective|p2a: Zeus
|-damage|p2a: Zeus|0 fnt
|faint|p2a: Zeus
|
|
|switch|p2a: TOPH|Metagross, shiny|301\/301
|turn|11
|
|switch|p1a: Metagross|Metagross|301\/301
|-damage|p1a: Metagross|283\/301|[from] Stealth Rock
|detailschange|p2a: TOPH|Metagross-Mega, shiny
|-mega|p2a: TOPH|Metagross|Metagrossite
|move|p2a: TOPH|Meteor Mash|p1a: Metagross
|-resisted|p1a: Metagross
|-damage|p1a: Metagross|184\/301
|
|turn|12
|
|detailschange|p1a: Metagross|Metagross-Mega
|-mega|p1a: Metagross|Metagross|Metagrossite
|move|p2a: TOPH|Meteor Mash|p1a: Metagross
|-resisted|p1a: Metagross
|-damage|p1a: Metagross|108\/301
|move|p1a: Metagross|Hammer Arm|p2a: TOPH
|-crit|p2a: TOPH
|-damage|p2a: TOPH|129\/301
|-unboost|p1a: Metagross|spe|1
|
|turn|13
|c|âMistaken|:(
|c|â99 Losses|im sry
|c|âMistaken|its ok
|
|move|p2a: TOPH|Hammer Arm|p1a: Metagross
|-damage|p1a: Metagross|0 fnt
|-unboost|p2a: TOPH|spe|1
|faint|p1a: Metagross
|
|
|switch|p1a: Heatran|Heatran, F|283\/323
|-damage|p1a: Heatran|243\/323|[from] Stealth Rock
|-item|p1a: Heatran|Air Balloon
|turn|14
|
|switch|p2a: Dogs Out|Landorus-Therian, M|325\/325
|-ability|p2a: Dogs Out|Intimidate|[of] p1a: Heatran
|-unboost|p1a: Heatran|atk|1
|move|p1a: Heatran|Fire Blast|p2a: Dogs Out
|-damage|p2a: Dogs Out|79\/325
|
|turn|15
|
|move|p2a: Dogs Out|U-turn|p1a: Heatran
|-resisted|p1a: Heatran
|-damage|p1a: Heatran|220\/323
|-enditem|p1a: Heatran|Air Balloon
|
|switch|p2a: TOPH|Metagross-Mega, shiny|129\/301
|move|p1a: Heatran|Fire Blast|p2a: TOPH
|-supereffective|p2a: TOPH
|-damage|p2a: TOPH|0 fnt
|faint|p2a: TOPH
|
|c|âMistaken|gg
|c|â99 Losses|gg
|
|switch|p2a: Dogs Out|Landorus-Therian, M|79\/325
|-ability|p2a: Dogs Out|Intimidate|[of] p1a: Heatran
|-unboost|p1a: Heatran|atk|1
|turn|16
|
|move|p2a: Dogs Out|Earthquake|p1a: Heatran
|-supereffective|p1a: Heatran
|-damage|p1a: Heatran|0 fnt
|faint|p1a: Heatran
|
|
|switch|p1a: Garchomp|Garchomp, M|336\/358
|-damage|p1a: Garchomp|314\/358|[from] Stealth Rock
|turn|17
|
|move|p1a: Garchomp|Outrage|p2a: Dogs Out
|-damage|p2a: Dogs Out|0 fnt
|faint|p2a: Dogs Out
|
|win|99 Losses
|leave|Mistaken