|join|lil manaphy
|join|mistaken
mistaken turned on modjoin.
|raw|<div class="broadcast-red"><b>Moderated chat was set to +!<\/b><br \/>Only users of rank + and higher can talk.<\/div>
mistaken made this room hidden.
|c|âmistaken|great
|player|p1|lil manaphy|37
|player|p2|mistaken|264
|gametype|singles
|gen|6
|tier|OU
|rated
|clearpoke
|poke|p1|Lopunny, F
|poke|p1|Manaphy
|poke|p1|Scizor, F
|poke|p1|Celebi
|poke|p1|Heatran, F
|poke|p1|Mandibuzz, F
|poke|p2|Garchomp, M
|poke|p2|Thundurus, M
|poke|p2|Azumarill, M
|poke|p2|Landorus-Therian, M
|poke|p2|Bisharp, M
|poke|p2|Metagross, shiny
|rule|Swagger Clause: Swagger is banned
|rule|Baton Pass Clause: Limit one PokÃ©mon knowing Baton Pass
|rule|Sleep Clause Mod: Limit one foe put to sleep
|rule|Species Clause: Limit one of each PokÃ©mon
|rule|OHKO Clause: OHKO moves are banned
|rule|Moody Clause: Moody is banned
|rule|Evasion Moves Clause: Evasion moves are banned
|rule|Endless Battle Clause: Forcing endless battles is banned
|rule|HP Percentage Mod: HP is shown in percentages
|teampreview
|
|start
|switch|p1a: Lopunny|Lopunny, F|271\/271
|switch|p2a: Dogs Out|Landorus-Therian, M|325\/325
|-ability|p2a: Dogs Out|Intimidate|[of] p1a: Lopunny
|-unboost|p1a: Lopunny|atk|1
|turn|1
|
|detailschange|p1a: Lopunny|Lopunny-Mega, F
|-mega|p1a: Lopunny|Lopunny|Lopunnite
|move|p1a: Lopunny|Fake Out|p2a: Dogs Out
|-crit|p2a: Dogs Out
|-damage|p2a: Dogs Out|208\/325
|cant|p2a: Dogs Out|flinch
|
|turn|2
|
|switch|p1a: Mandibuzz|Mandibuzz, F|423\/423
|move|p2a: Dogs Out|U-turn|p1a: Mandibuzz
|-damage|p1a: Mandibuzz|365\/423
|-damage|p2a: Dogs Out|154\/325|[from] item: Rocky Helmet|[of] p1a: Mandibuzz
|
|switch|p2a: Azula|Azumarill, M|350\/350
|
|turn|3
|
|switch|p1a: Scizor|Scizor, F|343\/343
|move|p2a: Azula|Waterfall|p1a: Scizor
|-damage|p1a: Scizor|90\/343
|
|turn|4
|
|switch|p2a: Uncle Iro|Garchomp, M|357\/357
|move|p1a: Scizor|Bullet Punch|p2a: Uncle Iro
|-damage|p2a: Uncle Iro|185\/357
|-damage|p1a: Scizor|48\/343|[from] ability: Rough Skin|[of] p2a: Uncle Iro
|-damage|p1a: Scizor|0 fnt|[from] item: Rocky Helmet|[of] p2a: Uncle Iro
|faint|p1a: Scizor
|
|
|switch|p1a: Mandibuzz|Mandibuzz, F|365\/423
|turn|5
|
|move|p2a: Uncle Iro|Stealth Rock|p1a: Mandibuzz
|-sidestart|p1: lil manaphy|move: Stealth Rock
|move|p1a: Mandibuzz|Foul Play|p2a: Uncle Iro
|-damage|p2a: Uncle Iro|23\/357
|-damage|p1a: Mandibuzz|313\/423|[from] ability: Rough Skin|[of] p2a: Uncle Iro
|-damage|p1a: Mandibuzz|243\/423|[from] item: Rocky Helmet|[of] p2a: Uncle Iro
|
|turn|6
|
|move|p2a: Uncle Iro|Swords Dance|p2a: Uncle Iro
|-boost|p2a: Uncle Iro|atk|2
|move|p1a: Mandibuzz|Defog|p2a: Uncle Iro
|-unboost|p2a: Uncle Iro|evasion|1
|-sideend|p1: lil manaphy|Stealth Rock|[from] move: Defog|[of] p1a: Mandibuzz
|
|turn|7
|
|move|p2a: Uncle Iro|Dragon Claw|p1a: Mandibuzz
|-damage|p1a: Mandibuzz|47\/423
|-damage|p2a: Uncle Iro|0 fnt|[from] item: Rocky Helmet|[of] p1a: Mandibuzz
|faint|p2a: Uncle Iro
|move|p1a: Mandibuzz|Roost|p1a: Mandibuzz
|-heal|p1a: Mandibuzz|259\/423
|
|
|switch|p2a: Zeus|Thundurus, M|299\/299
|turn|8
|
|switch|p1a: Celebi|Celebi|404\/404
|move|p2a: Zeus|Thunderbolt|p1a: Celebi
|-resisted|p1a: Celebi
|-damage|p1a: Celebi|327\/404
|-damage|p2a: Zeus|270\/299|[from] item: Life Orb
|
|-heal|p1a: Celebi|352\/404|[from] item: Leftovers
|turn|9
|
|switch|p2a: TOPH|Metagross, shiny|301\/301
|move|p1a: Celebi|Baton Pass|p1a: Celebi
|
|switch|p1a: Mandibuzz|Mandibuzz, F|259\/423
|
|turn|10
|
|switch|p2a: Azula|Azumarill, M|350\/350
|move|p1a: Mandibuzz|Foul Play|p2a: Azula
|-resisted|p2a: Azula
|-damage|p2a: Azula|299\/350
|
|turn|11
|
|move|p1a: Mandibuzz|Roost|p1a: Mandibuzz
|-heal|p1a: Mandibuzz|423\/423
|move|p2a: Azula|Play Rough|p1a: Mandibuzz
|-supereffective|p1a: Mandibuzz
|-damage|p1a: Mandibuzz|0 fnt
|-damage|p2a: Azula|241\/350|[from] item: Rocky Helmet|[of] p1a: Mandibuzz
|faint|p1a: Mandibuzz
|
|
|switch|p1a: Heatran|Heatran, F|386\/386
|turn|12
|
|switch|p2a: TOPH|Metagross, shiny|301\/301
|move|p1a: Heatran|Stealth Rock|p2a: TOPH
|-sidestart|p2: mistaken|move: Stealth Rock
|
|turn|13
|
|detailschange|p2a: TOPH|Metagross-Mega, shiny
|-mega|p2a: TOPH|Metagross|Metagrossite
|move|p2a: TOPH|Hammer Arm|p1a: Heatran
|-supereffective|p1a: Heatran
|-damage|p1a: Heatran|80\/386
|-unboost|p2a: TOPH|spe|1
|move|p1a: Heatran|Lava Plume|p2a: TOPH
|-supereffective|p2a: TOPH
|-damage|p2a: TOPH|101\/301
|
|-heal|p1a: Heatran|104\/386|[from] item: Leftovers
|turn|14
|
|move|p1a: Heatran|Protect|p1a: Heatran
|-singleturn|p1a: Heatran|Protect
|move|p2a: TOPH|Hammer Arm|p1a: Heatran
|-activate|p1a: Heatran|Protect
|
|-heal|p1a: Heatran|128\/386|[from] item: Leftovers
|turn|15
|
|switch|p1a: Manaphy|Manaphy|341\/341
|move|p2a: TOPH|Zen Headbutt|p1a: Manaphy
|-damage|p1a: Manaphy|128\/341
|
|-heal|p1a: Manaphy|149\/341|[from] item: Leftovers
|turn|16
|
|move|p1a: Manaphy|Scald|p2a: TOPH
|-damage|p2a: TOPH|0 fnt
|faint|p2a: TOPH
|
|-heal|p1a: Manaphy|170\/341|[from] item: Leftovers
|
|switch|p2a: Zeus|Thundurus, M|270\/299
|-damage|p2a: Zeus|196\/299|[from] Stealth Rock
|turn|17
|
|switch|p1a: Celebi|Celebi|352\/404
|move|p2a: Zeus|Thunderbolt|p1a: Celebi
|-resisted|p1a: Celebi
|-damage|p1a: Celebi|283\/404
|-status|p1a: Celebi|par
|-damage|p2a: Zeus|167\/299|[from] item: Life Orb
|
|-heal|p1a: Celebi|308\/404 par|[from] item: Leftovers
|turn|18
|
|switch|p2a: Dogs Out|Landorus-Therian, M|154\/325
|-damage|p2a: Dogs Out|114\/325|[from] Stealth Rock
|-ability|p2a: Dogs Out|Intimidate|[of] p1a: Celebi
|-unboost|p1a: Celebi|atk|1
|move|p1a: Celebi|Baton Pass|p1a: Celebi
|
|switch|p1a: Heatran|Heatran, F|128\/386
|
|-heal|p1a: Heatran|152\/386|[from] item: Leftovers
|turn|19
|
|move|p1a: Heatran|Protect|p1a: Heatran
|-singleturn|p1a: Heatran|Protect
|move|p2a: Dogs Out|Earthquake|p1a: Heatran
|-activate|p1a: Heatran|Protect
|
|-heal|p1a: Heatran|176\/386|[from] item: Leftovers
|turn|20
|
|switch|p1a: Celebi|Celebi|308\/404
|move|p2a: Dogs Out|Earthquake|p1a: Celebi
|-crit|p1a: Celebi
|-resisted|p1a: Celebi
|-damage|p1a: Celebi|162\/404
|
|-heal|p1a: Celebi|187\/404|[from] item: Leftovers
|turn|21
|
|switch|p2a: Son of a Bish|Bisharp, M|271\/271
|-damage|p2a: Son of a Bish|255\/271|[from] Stealth Rock
|move|p1a: Celebi|Giga Drain|p2a: Son of a Bish
|-resisted|p2a: Son of a Bish
|-damage|p2a: Son of a Bish|201\/271
|-heal|p1a: Celebi|214\/404|[from] drain|[of] p2a: Son of a Bish
|
|-heal|p1a: Celebi|239\/404|[from] item: Leftovers
|turn|22
|
|switch|p1a: Lopunny|Lopunny-Mega, F|271\/271
|move|p2a: Son of a Bish|Knock Off|p1a: Lopunny
|-resisted|p1a: Lopunny
|-damage|p1a: Lopunny|194\/271
|-damage|p2a: Son of a Bish|174\/271|[from] item: Life Orb
|
|turn|23
|
|switch|p2a: Zeus|Thundurus, M|167\/299
|-damage|p2a: Zeus|93\/299|[from] Stealth Rock
|move|p1a: Lopunny|Drain Punch|p2a: Zeus
|-resisted|p2a: Zeus
|-damage|p2a: Zeus|6\/299
|-heal|p1a: Lopunny|238\/271|[from] drain|[of] p2a: Zeus
|
|turn|24
|
|switch|p1a: Celebi|Celebi|239\/404
|move|p2a: Zeus|Thunder Wave|p1a: Celebi
|-status|p1a: Celebi|par
|
|-heal|p1a: Celebi|264\/404 par|[from] item: Leftovers
|turn|25
|
|move|p2a: Zeus|Hidden Power|p1a: Celebi
|-supereffective|p1a: Celebi
|-damage|p1a: Celebi|126\/404 par
|-damage|p2a: Zeus|0 fnt|[from] item: Life Orb
|faint|p2a: Zeus
|move|p1a: Celebi|Baton Pass|p1a: Celebi
|c|âmistaken|terrible play
|
|switch|p1a: Lopunny|Lopunny-Mega, F|238\/271
|
|c|âmistaken|on my part
|c|âmistaken|just awful
|
|switch|p2a: Azula|Azumarill, M|241\/350
|-damage|p2a: Azula|198\/350|[from] Stealth Rock
|turn|26
|
|move|p1a: Lopunny|Return|p2a: Azula
|-damage|p2a: Azula|0 fnt
|faint|p2a: Azula
|
|
|switch|p2a: Dogs Out|Landorus-Therian, M|114\/325
|-damage|p2a: Dogs Out|74\/325|[from] Stealth Rock
|-ability|p2a: Dogs Out|Intimidate|[of] p1a: Lopunny
|-unboost|p1a: Lopunny|atk|1
|turn|27
|
|switch|p1a: Manaphy|Manaphy|170\/341
|move|p2a: Dogs Out|Earthquake|p1a: Manaphy
|-crit|p1a: Manaphy
|-damage|p1a: Manaphy|0 fnt
|faint|p1a: Manaphy
|
|
|switch|p1a: Celebi|Celebi|126\/404
|turn|28
|
|switch|p2a: Son of a Bish|Bisharp, M|174\/271
|-damage|p2a: Son of a Bish|158\/271|[from] Stealth Rock
|move|p1a: Celebi|Recover|p1a: Celebi
|-heal|p1a: Celebi|328\/404
|
|-heal|p1a: Celebi|353\/404|[from] item: Leftovers
|turn|29
|
|move|p2a: Son of a Bish|Swords Dance|p2a: Son of a Bish
|-boost|p2a: Son of a Bish|atk|2
|move|p1a: Celebi|Giga Drain|p2a: Son of a Bish
|-resisted|p2a: Son of a Bish
|-damage|p2a: Son of a Bish|102\/271
|-heal|p1a: Celebi|381\/404|[from] drain|[of] p2a: Son of a Bish
|
|-heal|p1a: Celebi|404\/404|[from] item: Leftovers
|turn|30
|
|move|p2a: Son of a Bish|Knock Off|p1a: Celebi
|-supereffective|p1a: Celebi
|-damage|p1a: Celebi|0 fnt
|-enditem|p1a: Celebi|Leftovers|[from] move: Knock Off|[of] p2a: Son of a Bish
|-damage|p2a: Son of a Bish|75\/271|[from] item: Life Orb
|faint|p1a: Celebi
|
|
|switch|p1a: Lopunny|Lopunny-Mega, F|238\/271
|turn|31
|
|move|p1a: Lopunny|Fake Out|p2a: Son of a Bish
|-resisted|p2a: Son of a Bish
|-damage|p2a: Son of a Bish|39\/271
|cant|p2a: Son of a Bish|flinch
|
|turn|32
|
|move|p2a: Son of a Bish|Sucker Punch|p1a: Lopunny
|-resisted|p1a: Lopunny
|-damage|p1a: Lopunny|63\/271
|-damage|p2a: Son of a Bish|12\/271|[from] item: Life Orb
|move|p1a: Lopunny|Drain Punch|p2a: Son of a Bish
|-supereffective|p2a: Son of a Bish
|-damage|p2a: Son of a Bish|0 fnt
|-heal|p1a: Lopunny|69\/271|[from] drain|[of] p2a: Son of a Bish
|faint|p2a: Son of a Bish
|
|
|switch|p2a: Dogs Out|Landorus-Therian, M|74\/325
|-damage|p2a: Dogs Out|34\/325|[from] Stealth Rock
|-ability|p2a: Dogs Out|Intimidate|[of] p1a: Lopunny
|-unboost|p1a: Lopunny|atk|1
|turn|33
|c|âmistaken|gg manaphy
|
|switch|p1a: Heatran|Heatran, F|176\/386
|move|p2a: Dogs Out|Earthquake|p1a: Heatran
|-supereffective|p1a: Heatran
|-damage|p1a: Heatran|0 fnt
|faint|p1a: Heatran
|
|c|âlil manaphy|gg
|c|âmistaken|that crit
|
|switch|p1a: Lopunny|Lopunny-Mega, F|69\/271
|turn|34
|c|âmistaken|forget i said that
|
|move|p1a: Lopunny|Fake Out|p2a: Dogs Out
|-damage|p2a: Dogs Out|0 fnt
|faint|p2a: Dogs Out
|
|win|lil manaphy
|raw|Ladder updating...
|raw|lil manaphy's rating: 1706 &rarr; <strong>1724<\/strong><br \/>(+18 for winning)
|raw|mistaken's rating: 1681 &rarr; <strong>1662<\/strong><br \/>(-19 for losing)
|leave|mistaken