|join|lil manaphy
|join|Mistaken
|c|âMistaken|again
|player|p1|lil manaphy|34
|player|p2|Mistaken|264
|gametype|singles
|gen|6
|tier|OU
|rated
|clearpoke
|poke|p1|Diancie
|poke|p1|Ferrothorn, F
|poke|p1|Gothitelle, F
|poke|p1|Landorus-Therian, M
|poke|p1|Conkeldurr, F
|poke|p1|Mandibuzz, F
|poke|p2|Garchomp, F
|poke|p2|Thundurus, M
|poke|p2|Azumarill, F
|poke|p2|Landorus-Therian, M
|poke|p2|Bisharp, M
|poke|p2|Metagross, shiny
|rule|Swagger Clause: Swagger is banned
|rule|Baton Pass Clause: Limit one PokÃ©mon knowing Baton Pass
|rule|Sleep Clause Mod: Limit one foe put to sleep
|rule|Species Clause: Limit one of each PokÃ©mon
|rule|OHKO Clause: OHKO moves are banned
|rule|Moody Clause: Moody is banned
|rule|Evasion Moves Clause: Evasion moves are banned
|rule|Endless Battle Clause: Forcing endless battles is banned
|rule|HP Percentage Mod: HP is shown in percentages
|teampreview
|c|âMistaken|gl
|
|start
|switch|p1a: Landorus-Therian|Landorus-Therian, M|382\/382
|switch|p2a: Look at me now|Metagross, shiny|301\/301
|-ability|p1a: Landorus-Therian|Intimidate|[of] p2a: Look at me now
|-fail|p2a: Look at me now|unboost|[from] ability: Clear Body|[of] p2a: Look at me now
|turn|1
|c|âMistaken|manaphy why dont you join any rooms anymore
|
|switch|p2a: Roughing It|Garchomp, F|357\/357
|switch|p1a: Mandibuzz|Mandibuzz, F|424\/424
|
|turn|2
|c|âlil manaphy|gee idk
|
|move|p2a: Roughing It|Stealth Rock|p1a: Mandibuzz
|-sidestart|p1: lil manaphy|move: Stealth Rock
|move|p1a: Mandibuzz|Foul Play|p2a: Roughing It
|-damage|p2a: Roughing It|195\/357
|-damage|p1a: Mandibuzz|371\/424|[from] ability: Rough Skin|[of] p2a: Roughing It
|-damage|p1a: Mandibuzz|301\/424|[from] item: Rocky Helmet|[of] p2a: Roughing It
|
|-heal|p1a: Mandibuzz|327\/424|[from] item: Leftovers
|turn|3
|
|switch|p2a: Azula|Azumarill, F|350\/350
|move|p1a: Mandibuzz|Defog|p2a: Azula
|-unboost|p2a: Azula|evasion|1
|-sideend|p1: lil manaphy|Stealth Rock|[from] move: Defog|[of] p1a: Mandibuzz
|
|-heal|p1a: Mandibuzz|353\/424|[from] item: Leftovers
|turn|4
|c|âMistaken|well i hope you make another great stall team :D
|
|switch|p1a: Landorus-Therian|Landorus-Therian, M|382\/382
|-ability|p1a: Landorus-Therian|Intimidate|[of] p2a: Azula
|-unboost|p2a: Azula|atk|1
|move|p2a: Azula|Superpower|p1a: Landorus-Therian
|-resisted|p1a: Landorus-Therian
|-damage|p1a: Landorus-Therian|310\/382
|-unboost|p2a: Azula|atk|1
|-unboost|p2a: Azula|def|1
|
|-heal|p1a: Landorus-Therian|333\/382|[from] item: Leftovers
|turn|5
|
|switch|p2a: Roughing It|Garchomp, F|195\/357
|move|p1a: Landorus-Therian|Stealth Rock|p2a: Roughing It
|-sidestart|p2: Mistaken|move: Stealth Rock
|
|-heal|p1a: Landorus-Therian|356\/382|[from] item: Leftovers
|turn|6
|c|âlil manaphy|i was being sarcastic everyone is bof was a jerk
|
|move|p2a: Roughing It|Stealth Rock|p1a: Landorus-Therian
|-sidestart|p1: lil manaphy|move: Stealth Rock
|move|p1a: Landorus-Therian|U-turn|p2a: Roughing It
|-damage|p2a: Roughing It|112\/357
|-damage|p1a: Landorus-Therian|309\/382|[from] ability: Rough Skin|[of] p2a: Roughing It
|-damage|p1a: Landorus-Therian|246\/382|[from] item: Rocky Helmet|[of] p2a: Roughing It
|
|switch|p1a: Gothitelle|Gothitelle, F|301\/301
|-damage|p1a: Gothitelle|264\/301|[from] Stealth Rock
|
|turn|7
|
|move|p1a: Gothitelle|Psychic|p2a: Roughing It
|-damage|p2a: Roughing It|0 fnt
|faint|p2a: Roughing It
|
|c|âMistaken|no more wobbu
|c|âMistaken|lol
|
|switch|p2a: Son of a Bish|Bisharp, M|271\/271
|-damage|p2a: Son of a Bish|255\/271|[from] Stealth Rock
|turn|8
|
|switch|p1a: Conkeldurr|Conkeldurr, F|352\/352
|-damage|p1a: Conkeldurr|330\/352|[from] Stealth Rock
|move|p2a: Son of a Bish|Swords Dance|p2a: Son of a Bish
|-boost|p2a: Son of a Bish|atk|2
|
|turn|9
|
|switch|p2a: Look at me now|Metagross, shiny|301\/301
|-damage|p2a: Look at me now|283\/301|[from] Stealth Rock
|move|p1a: Conkeldurr|Mach Punch|p2a: Look at me now
|-damage|p2a: Look at me now|211\/301
|
|turn|10
|
|switch|p1a: Ferrothorn|Ferrothorn, F|352\/352
|-damage|p1a: Ferrothorn|330\/352|[from] Stealth Rock
|detailschange|p2a: Look at me now|Metagross-Mega, shiny
|-mega|p2a: Look at me now|Metagross|Metagrossite
|move|p2a: Look at me now|Zen Headbutt|p1a: Ferrothorn
|-resisted|p1a: Ferrothorn
|-damage|p1a: Ferrothorn|263\/352
|-damage|p2a: Look at me now|174\/301|[from] ability: Iron Barbs|[of] p1a: Ferrothorn
|
|turn|11
|
|move|p2a: Look at me now|Hammer Arm|p1a: Ferrothorn
|-supereffective|p1a: Ferrothorn
|-damage|p1a: Ferrothorn|51\/352
|-damage|p2a: Look at me now|137\/301|[from] ability: Iron Barbs|[of] p1a: Ferrothorn
|-unboost|p2a: Look at me now|spe|1
|move|p1a: Ferrothorn|Leech Seed|p2a: Look at me now
|-start|p2a: Look at me now|move: Leech Seed
|
|-damage|p2a: Look at me now|100\/301|[from] Leech Seed|[of] p1a: Ferrothorn
|-heal|p1a: Ferrothorn|88\/352|[silent]
|turn|12
|
|move|p2a: Look at me now|Hammer Arm|p1a: Ferrothorn|[miss]
|-miss|p2a: Look at me now|p1a: Ferrothorn
|move|p1a: Ferrothorn|Leech Seed|p2a: Look at me now
|-fail|p2a: Look at me now
|
|-damage|p2a: Look at me now|63\/301|[from] Leech Seed|[of] p1a: Ferrothorn
|-heal|p1a: Ferrothorn|125\/352|[silent]
|turn|13
|
|move|p1a: Ferrothorn|Protect|p1a: Ferrothorn
|-singleturn|p1a: Ferrothorn|Protect
|move|p2a: Look at me now|Meteor Mash|p1a: Ferrothorn
|-activate|p1a: Ferrothorn|Protect
|
|-damage|p2a: Look at me now|26\/301|[from] Leech Seed|[of] p1a: Ferrothorn
|-heal|p1a: Ferrothorn|162\/352|[silent]
|turn|14
|c|âMistaken|unfortunate
|
|move|p1a: Ferrothorn|Protect|p1a: Ferrothorn
|-fail|p1a: Ferrothorn
|move|p2a: Look at me now|Ice Punch|p1a: Ferrothorn
|-damage|p1a: Ferrothorn|76\/352
|-damage|p2a: Look at me now|0 fnt|[from] ability: Iron Barbs|[of] p1a: Ferrothorn
|faint|p2a: Look at me now
|-status|p1a: Ferrothorn|frz
|
|
|switch|p2a: Son of a Bish|Bisharp, M|255\/271
|-damage|p2a: Son of a Bish|239\/271|[from] Stealth Rock
|turn|15
|
|switch|p1a: Conkeldurr|Conkeldurr, F|330\/352
|-damage|p1a: Conkeldurr|308\/352|[from] Stealth Rock
|move|p2a: Son of a Bish|Knock Off|p1a: Conkeldurr
|-resisted|p1a: Conkeldurr
|-damage|p1a: Conkeldurr|199\/352
|-enditem|p1a: Conkeldurr|Assault Vest|[from] move: Knock Off|[of] p2a: Son of a Bish
|-damage|p2a: Son of a Bish|212\/271|[from] item: Life Orb
|
|turn|16
|
|switch|p2a: Azula|Azumarill, F|350\/350
|-damage|p2a: Azula|307\/350|[from] Stealth Rock
|move|p1a: Conkeldurr|Knock Off|p2a: Azula
|-resisted|p2a: Azula
|-damage|p2a: Azula|239\/350
|-enditem|p2a: Azula|Choice Band|[from] move: Knock Off|[of] p1a: Conkeldurr
|
|turn|17
|join|powaa
|
|switch|p1a: Ferrothorn|Ferrothorn, F|76\/352 frz
|-damage|p1a: Ferrothorn|54\/352 frz|[from] Stealth Rock
|move|p2a: Azula|Waterfall|p1a: Ferrothorn
|-resisted|p1a: Ferrothorn
|-damage|p1a: Ferrothorn|0 fnt
|-damage|p2a: Azula|196\/350|[from] ability: Iron Barbs|[of] p1a: Ferrothorn
|faint|p1a: Ferrothorn
|
|c|âMistaken|well drat
|
|switch|p1a: Landorus-Therian|Landorus-Therian, M|246\/382
|-damage|p1a: Landorus-Therian|199\/382|[from] Stealth Rock
|-ability|p1a: Landorus-Therian|Intimidate|[of] p2a: Azula
|-unboost|p2a: Azula|atk|1
|turn|18
|c|âMistaken|i liked that band3
|
|switch|p2a: Dogs Out|Landorus-Therian, M|325\/325
|-damage|p2a: Dogs Out|285\/325|[from] Stealth Rock
|-ability|p2a: Dogs Out|Intimidate|[of] p1a: Landorus-Therian
|-unboost|p1a: Landorus-Therian|atk|1
|move|p1a: Landorus-Therian|Earthquake|p2a: Dogs Out
|-immune|p2a: Dogs Out|[msg]
|
|-heal|p1a: Landorus-Therian|222\/382|[from] item: Leftovers
|turn|19
|
|move|p2a: Dogs Out|U-turn|p1a: Landorus-Therian
|-resisted|p1a: Landorus-Therian
|-damage|p1a: Landorus-Therian|186\/382
|
|switch|p2a: Son of a Bish|Bisharp, M|212\/271
|-damage|p2a: Son of a Bish|196\/271|[from] Stealth Rock
|move|p1a: Landorus-Therian|U-turn|p2a: Son of a Bish
|-damage|p2a: Son of a Bish|147\/271
|
|switch|p1a: Conkeldurr|Conkeldurr, F|199\/352
|-damage|p1a: Conkeldurr|177\/352|[from] Stealth Rock
|
|turn|20
|
|switch|p2a: Dogs Out|Landorus-Therian, M|285\/325
|-damage|p2a: Dogs Out|245\/325|[from] Stealth Rock
|-ability|p2a: Dogs Out|Intimidate|[of] p1a: Conkeldurr
|-unboost|p1a: Conkeldurr|atk|1
|move|p1a: Conkeldurr|Mach Punch|p2a: Dogs Out
|-resisted|p2a: Dogs Out
|-damage|p2a: Dogs Out|217\/325
|
|turn|21
|
|move|p2a: Dogs Out|Earthquake|p1a: Conkeldurr
|-damage|p1a: Conkeldurr|0 fnt
|faint|p1a: Conkeldurr
|
|c|âMistaken|would your team be balance or stall
|
|switch|p1a: Landorus-Therian|Landorus-Therian, M|186\/382
|-damage|p1a: Landorus-Therian|139\/382|[from] Stealth Rock
|-ability|p1a: Landorus-Therian|Intimidate|[of] p2a: Dogs Out
|-unboost|p2a: Dogs Out|atk|1
|turn|22
|
|switch|p2a: Zeus|Thundurus, M|299\/299
|-damage|p2a: Zeus|225\/299|[from] Stealth Rock
|move|p1a: Landorus-Therian|Earthquake|p2a: Zeus
|-immune|p2a: Zeus|[msg]
|
|-heal|p1a: Landorus-Therian|162\/382|[from] item: Leftovers
|turn|23
|
|switch|p1a: Gothitelle|Gothitelle, F|264\/301
|-damage|p1a: Gothitelle|227\/301|[from] Stealth Rock
|move|p2a: Zeus|Hidden Power|p1a: Gothitelle
|-damage|p1a: Gothitelle|144\/301
|-damage|p2a: Zeus|196\/299|[from] item: Life Orb
|
|turn|24
|
|move|p2a: Zeus|Thunder Wave|p1a: Gothitelle
|-status|p1a: Gothitelle|par
|move|p1a: Gothitelle|Psychic|p2a: Zeus
|-damage|p2a: Zeus|51\/299
|-unboost|p2a: Zeus|spd|1
|
|turn|25
|
|switch|p1a: Landorus-Therian|Landorus-Therian, M|162\/382
|-damage|p1a: Landorus-Therian|115\/382|[from] Stealth Rock
|-ability|p1a: Landorus-Therian|Intimidate|[of] p2a: Zeus
|-unboost|p2a: Zeus|atk|1
|move|p2a: Zeus|Thunderbolt|p1a: Landorus-Therian
|-immune|p1a: Landorus-Therian|[msg]
|
|-heal|p1a: Landorus-Therian|138\/382|[from] item: Leftovers
|turn|26
|
|switch|p1a: Gothitelle|Gothitelle, F|144\/301 par
|-damage|p1a: Gothitelle|107\/301 par|[from] Stealth Rock
|move|p2a: Zeus|Hidden Power|p1a: Gothitelle
|-damage|p1a: Gothitelle|29\/301 par
|-damage|p2a: Zeus|22\/299|[from] item: Life Orb
|
|turn|27
|c|âMistaken|nice play
|
|move|p2a: Zeus|Hidden Power|p1a: Gothitelle
|-damage|p1a: Gothitelle|0 fnt
|-damage|p2a: Zeus|0 fnt|[from] item: Life Orb
|faint|p1a: Gothitelle
|faint|p2a: Zeus
|
|c|âMistaken|its so much harder to watch you play when your not in any rooms
|
|switch|p2a: Son of a Bish|Bisharp, M|147\/271
|switch|p1a: Mandibuzz|Mandibuzz, F|353\/424
|-damage|p2a: Son of a Bish|131\/271|[from] Stealth Rock
|-damage|p1a: Mandibuzz|247\/424|[from] Stealth Rock
|turn|28
|
|move|p2a: Son of a Bish|Iron Head|p1a: Mandibuzz
|-crit|p1a: Mandibuzz
|-damage|p1a: Mandibuzz|55\/424
|-damage|p2a: Son of a Bish|104\/271|[from] item: Life Orb
|move|p1a: Mandibuzz|Roost|p1a: Mandibuzz
|-heal|p1a: Mandibuzz|267\/424
|
|-heal|p1a: Mandibuzz|293\/424|[from] item: Leftovers
|turn|29
|
|switch|p2a: Azula|Azumarill, F|196\/350
|-damage|p2a: Azula|153\/350|[from] Stealth Rock
|move|p1a: Mandibuzz|Foul Play|p2a: Azula
|-resisted|p2a: Azula
|-damage|p2a: Azula|95\/350
|
|-heal|p1a: Mandibuzz|319\/424|[from] item: Leftovers
|turn|30
|
|switch|p1a: Landorus-Therian|Landorus-Therian, M|138\/382
|-damage|p1a: Landorus-Therian|91\/382|[from] Stealth Rock
|-ability|p1a: Landorus-Therian|Intimidate|[of] p2a: Azula
|-unboost|p2a: Azula|atk|1
|move|p2a: Azula|Play Rough|p1a: Landorus-Therian
|-damage|p1a: Landorus-Therian|0 fnt
|faint|p1a: Landorus-Therian
|
|
|switch|p1a: Diancie|Diancie|241\/241
|-damage|p1a: Diancie|211\/241|[from] Stealth Rock
|turn|31
|
|switch|p2a: Son of a Bish|Bisharp, M|104\/271
|-damage|p2a: Son of a Bish|88\/271|[from] Stealth Rock
|detailschange|p1a: Diancie|Diancie-Mega
|-mega|p1a: Diancie|Diancie|Diancite
|move|p1a: Diancie|Ancient Power|p2a: Son of a Bish
|-resisted|p2a: Son of a Bish
|-damage|p2a: Son of a Bish|1\/271
|
|turn|32
|
|move|p2a: Son of a Bish|Sucker Punch|p1a: Diancie
|-resisted|p1a: Diancie
|-damage|p1a: Diancie|129\/241
|-damage|p2a: Son of a Bish|0 fnt|[from] item: Life Orb
|faint|p2a: Son of a Bish
|move|p1a: Diancie|Ancient Power|p2: Son of a Bish|[notarget]
|-notarget
|
|
|switch|p2a: Dogs Out|Landorus-Therian, M|217\/325
|-damage|p2a: Dogs Out|177\/325|[from] Stealth Rock
|-ability|p2a: Dogs Out|Intimidate|[of] p1a: Diancie
|-unboost|p1a: Diancie|atk|1
|turn|33
|c|âMistaken|so 5050
|
|move|p2a: Dogs Out|Earthquake|p1a: Diancie
|-supereffective|p1a: Diancie
|-damage|p1a: Diancie|0 fnt
|faint|p1a: Diancie
|
|
|switch|p1a: Mandibuzz|Mandibuzz, F|319\/424
|-damage|p1a: Mandibuzz|213\/424|[from] Stealth Rock
|turn|34
|
|move|p2a: Dogs Out|Earthquake|p1a: Mandibuzz
|-immune|p1a: Mandibuzz|[msg]
|move|p1a: Mandibuzz|Roost|p1a: Mandibuzz
|-heal|p1a: Mandibuzz|424\/424
|
|turn|35
|c|âMistaken|damn
|
|switch|p2a: Azula|Azumarill, F|95\/350
|-damage|p2a: Azula|52\/350|[from] Stealth Rock
|move|p1a: Mandibuzz|Foul Play|p2a: Azula
|-resisted|p2a: Azula
|-damage|p2a: Azula|0 fnt
|faint|p2a: Azula
|
|c|âMistaken|yeah i messed up
|c|âMistaken|gg
|
|switch|p2a: Dogs Out|Landorus-Therian, M|177\/325
|-damage|p2a: Dogs Out|137\/325|[from] Stealth Rock
|-ability|p2a: Dogs Out|Intimidate|[of] p1a: Mandibuzz
|-unboost|p1a: Mandibuzz|atk|1
|turn|36
|
|move|p2a: Dogs Out|Stone Edge|p1a: Mandibuzz|[miss]
|-miss|p2a: Dogs Out|p1a: Mandibuzz
|move|p1a: Mandibuzz|Foul Play|p2a: Dogs Out
|-damage|p2a: Dogs Out|0 fnt
|faint|p2a: Dogs Out
|
|win|lil manaphy
|raw|Ladder updating...