|join|Taipei
|join|Mistaken
|player|p1|Taipei|94
|player|p2|Mistaken|264
|gametype|singles
|gen|6
|tier|OU
|clearpoke
|poke|p1|Politoed, F, shiny
|poke|p1|Kingdra, F
|poke|p1|Latios, M
|poke|p1|Manectric, M
|poke|p1|Garchomp, M
|poke|p1|Lucario, M
|poke|p2|Keldeo
|poke|p2|Bisharp, F
|poke|p2|Garchomp, F
|poke|p2|Metagross, shiny
|poke|p2|Rotom-Wash
|poke|p2|Landorus-Therian, M
|rule|Swagger Clause: Swagger is banned
|rule|Baton Pass Clause: Limit one PokÃ©mon knowing Baton Pass
|rule|Sleep Clause Mod: Limit one foe put to sleep
|rule|Species Clause: Limit one of each PokÃ©mon
|rule|OHKO Clause: OHKO moves are banned
|rule|Moody Clause: Moody is banned
|rule|Evasion Moves Clause: Evasion moves are banned
|rule|Endless Battle Clause: Forcing endless battles is banned
|rule|HP Percentage Mod: HP is shown in percentages
|teampreview
|c|âTaipei|gl
|join|CleanerThanRotom-W
|join|Omegasization
|c|âMistaken|u2
|
|start
|switch|p1a: Politoed|Politoed, F, shiny|351\/351
|switch|p2a: Garchomp|Garchomp, F|357\/357
|-weather|RainDance
|turn|1
|c|âTaipei|wut
|c|âTaipei|cancel
|c|âTaipei|fukk
|
|move|p2a: Garchomp|Stealth Rock|p1a: Politoed
|-sidestart|p1: Taipei|move: Stealth Rock
|move|p1a: Politoed|Encore|p2a: Garchomp
|-start|p2a: Garchomp|Encore
|
|-weather|RainDance|[upkeep]
|turn|2
|c|âMistaken|have you seen this team before?
|c|âTaipei|nah
|c|âTaipei|lol
|
|switch|p2a: Rotom-Wash|Rotom-Wash|294\/294
|switch|p1a: Kingdra|Kingdra, F|299\/299
|-damage|p1a: Kingdra|262\/299|[from] Stealth Rock
|
|-weather|RainDance|[upkeep]
|turn|3
|c|âTaipei|only saw the replays of ur ofl matches
|c|âTaipei|fk
|
|switch|p2a: Metagross|Metagross, shiny|301\/301
|move|p1a: Kingdra|Draco Meteor|p2a: Metagross
|-resisted|p2a: Metagross
|-damage|p2a: Metagross|139\/301
|-unboost|p1a: Kingdra|spa|2
|
|-weather|RainDance|[upkeep]
|turn|4
|join|T55o
|
|switch|p1a: Latios|Latios, M|301\/301
|-damage|p1a: Latios|264\/301|[from] Stealth Rock
|detailschange|p2a: Metagross|Metagross-Mega, shiny
|-mega|p2a: Metagross|Metagross|Metagrossite
|move|p2a: Metagross|Meteor Mash|p1a: Latios
|-damage|p1a: Latios|2\/301
|
|-weather|RainDance|[upkeep]
|turn|5
|c|âTaipei|._.
|
|move|p2a: Metagross|Bullet Punch|p1a: Latios
|-damage|p1a: Latios|0 fnt
|faint|p1a: Latios
|
|-weather|RainDance|[upkeep]
|c|âMistaken|the one with kyurem?
|c|âTaipei|mhm
|c|âMistaken|or cloyster
|leave|T55o
|
|switch|p1a: Kingdra|Kingdra, F|262\/299
|-damage|p1a: Kingdra|225\/299|[from] Stealth Rock
|turn|6
|c|âTaipei|kyurem
|c|âTaipei|i have teh team
|c|âTaipei|squirrelll gave it to me
|c|âTaipei|:]
|c|âMistaken|yeah i only use it when i feel like they will bring stall
|c|âMistaken|he gave it to me too
|
|move|p2a: Metagross|Bullet Punch|p1a: Kingdra
|-resisted|p1a: Kingdra
|-damage|p1a: Kingdra|174\/299
|move|p1a: Kingdra|Hydro Pump|p2a: Metagross|[miss]
|-miss|p1a: Kingdra|p2a: Metagross
|
|-weather|RainDance|[upkeep]
|turn|7
|c|âTaipei|-_-
|c|âTaipei|why
|c|âMistaken|well drat
|c|âMistaken|i wanted chip damage
|c|âTaipei|i think i lose
|c|âTaipei|if u get more
|c|âTaipei|damafe
|c|âTaipei|ge
|c|âTaipei|on this
|c|âTaipei|lol
|c|âTaipei|limit switches
|c|âMistaken|im gonna save him
|
|move|p2a: Metagross|Bullet Punch|p1a: Kingdra
|-resisted|p1a: Kingdra
|-damage|p1a: Kingdra|124\/299
|move|p1a: Kingdra|Hydro Pump|p2a: Metagross
|-damage|p2a: Metagross|0 fnt
|faint|p2a: Metagross
|
|-weather|RainDance|[upkeep]
|c|âMistaken|i should of saved him tbh
|c|âTaipei|y?
|
|switch|p2a: Bisharp|Bisharp, F|271\/271
|turn|8
|
|move|p1a: Kingdra|Hydro Pump|p2a: Bisharp|[miss]
|-miss|p1a: Kingdra|p2a: Bisharp
|move|p2a: Bisharp|Pursuit|p1a: Kingdra
|-damage|p1a: Kingdra|40\/299
|
|-weather|none
|turn|9
|c|âMistaken|im an idiot :(
|c|âTaipei|why?>
|c|âTaipei|omfg
|c|âTaipei|omfg
|c|âMistaken|lol
|c|âTaipei|why
|c|âTaipei|i think i lose now
|c|âTaipei|im srs
|c|âTaipei|wow
|c|âTaipei|my win con fucking
|leave|CleanerThanRotom-W
|c|âTaipei|shit
|c|âMistaken|i though you might want to preserve kingdra since it always gets a kill
|
|move|p2a: Bisharp|Sucker Punch|p1a: Kingdra
|-damage|p1a: Kingdra|0 fnt
|faint|p1a: Kingdra
|
|c|âTaipei|i predicted
|c|âTaipei|lol
|c|âTaipei|i thought u would sd
|c|âTaipei|wow
|c|âTaipei|this game
|c|âTaipei|i have shit
|
|switch|p1a: Politoed|Politoed, F, shiny|351\/351
|-damage|p1a: Politoed|308\/351|[from] Stealth Rock
|-weather|RainDance
|turn|10
|c|âTaipei|i hate this game x[
|
|switch|p2a: Rotom-Wash|Rotom-Wash|294\/294
|move|p1a: Politoed|Hydro Pump|p2a: Rotom-Wash
|-resisted|p2a: Rotom-Wash
|-damage|p2a: Rotom-Wash|173\/294
|
|-weather|RainDance|[upkeep]
|-heal|p2a: Rotom-Wash|191\/294|[from] item: Leftovers
|turn|11
|c|âMistaken|we all do at some points
|c|âTaipei|yeah
|join|CleanerThanRotom-W
|
|switch|p1a: Manectric|Manectric, M|281\/281
|-damage|p1a: Manectric|246\/281|[from] Stealth Rock
|move|p2a: Rotom-Wash|Volt Switch|p1a: Manectric
|-boost|p1a: Manectric|spa|1|[from] ability: Lightning Rod
|
|-weather|RainDance|[upkeep]
|-heal|p2a: Rotom-Wash|209\/294|[from] item: Leftovers
|turn|12
|leave|CleanerThanRotom-W
|c|âTaipei|but ive gotten haxed out of my first round
|c|âMistaken|normally it feels like hydro has better accuracy than stone edge
|
|detailschange|p1a: Manectric|Manectric-Mega, M
|-mega|p1a: Manectric|Manectric|Manectite
|-ability|p1a: Manectric|Intimidate|[of] p2a: Rotom-Wash
|-unboost|p2a: Rotom-Wash|atk|1
|move|p1a: Manectric|Hidden Power|p2a: Rotom-Wash
|-resisted|p2a: Rotom-Wash
|-damage|p2a: Rotom-Wash|156\/294
|move|p2a: Rotom-Wash|Hydro Pump|p1a: Manectric
|-damage|p1a: Manectric|24\/281
|
|-weather|RainDance|[upkeep]
|-heal|p2a: Rotom-Wash|174\/294|[from] item: Leftovers
|turn|13
|
|move|p1a: Manectric|Thunder|p2a: Rotom-Wash
|-crit|p2a: Rotom-Wash
|-damage|p2a: Rotom-Wash|0 fnt
|faint|p2a: Rotom-Wash
|
|-weather|RainDance|[upkeep]
|c|âTaipei|ugh
|c|âTaipei|i hate myself
|
|switch|p2a: Landorus-Therian|Landorus-Therian, M|319\/319
|-ability|p2a: Landorus-Therian|Intimidate|[of] p1a: Manectric
|-unboost|p1a: Manectric|atk|1
|turn|14
|c|âTaipei|overpredicted
|
|move|p2a: Landorus-Therian|U-turn|p1a: Manectric
|-damage|p1a: Manectric|0 fnt
|faint|p1a: Manectric
|c|âTaipei|yea i pretty much lost when i missed hydro twice
|
|switch|p2a: Keldeo|Keldeo|323\/323
|
|-weather|RainDance|[upkeep]
|
|switch|p1a: Politoed|Politoed, F, shiny|308\/351
|-damage|p1a: Politoed|265\/351|[from] Stealth Rock
|turn|15
|
|move|p2a: Keldeo|Secret Sword|p1a: Politoed
|-damage|p1a: Politoed|0 fnt
|faint|p1a: Politoed
|
|-weather|RainDance|[upkeep]
|
|switch|p1a: Garchomp|Garchomp, M|359\/359
|-damage|p1a: Garchomp|337\/359|[from] Stealth Rock
|turn|16
|c|âMistaken|well my bisharp could live i think
|c|âTaipei|specs hydro
|c|âTaipei|?
|c|âTaipei|in rain?
|c|âMistaken|im max spd av
|c|âTaipei|!dt kingdra
|c|~|\/data-pokemon Kingdra
|raw|<font size="1"><font color=#585858>Dex#:<\/font> 230&nbsp;|&ThickSpace;<font color=#585858>Height:<\/font> 1.8 m&nbsp;|&ThickSpace;<font color=#585858>Weight:<\/font> 152 kg <em>(100 BP)<\/em>&nbsp;|&ThickSpace;<font color=#585858>Dex Colour:<\/font> Blue&nbsp;|&ThickSpace;<font color=#585858>Egg Group(s):<\/font> Water 1, Dragon&nbsp;|&ThickSpace;<font color=#585858><font color=#585858>Does Not Evolve<\/font><\/font><\/font>
|c|âTaipei|!dt bisharp
|c|~|\/data-pokemon Bisharp
|raw|<font size="1"><font color=#585858>Dex#:<\/font> 625&nbsp;|&ThickSpace;<font color=#585858>Height:<\/font> 1.6 m&nbsp;|&ThickSpace;<font color=#585858>Weight:<\/font> 70 kg <em>(80 BP)<\/em>&nbsp;|&ThickSpace;<font color=#585858>Dex Colour:<\/font> Red&nbsp;|&ThickSpace;<font color=#585858>Egg Group(s):<\/font> Human-Like&nbsp;|&ThickSpace;<font color=#585858><font color=#585858>Does Not Evolve<\/font><\/font><\/font>
|c|âTaipei|lets calc
|c|âMistaken|252+ SpA Choice Specs Kingdra Hydro Pump vs. 4 HP \/ 170 SpD Assault Vest Bisharp in Rain: 259-306 (95.2 - 112.5%) -- 68.8% chance to OHKO
|c|âMistaken|yeah it was in your favor
|c|âMistaken|but if you calc the 20% miss than it was in my favor
|c|âTaipei|:\/
|
|switch|p2a: Garchomp|Garchomp, F|357\/357
|move|p1a: Garchomp|Earthquake|p2a: Garchomp
|-damage|p2a: Garchomp|79\/357
|-damage|p1a: Garchomp|302\/359|[from] item: Life Orb
|
|-weather|RainDance|[upkeep]
|turn|17
|c|âTaipei|but i missed twice
|c|âMistaken|the first one didnt matter at all
|c|âMistaken|imo
|c|âMistaken|u lost an extra 15% health
|
|move|p2a: Garchomp|Dragon Claw|p1a: Garchomp
|-supereffective|p1a: Garchomp
|-damage|p1a: Garchomp|30\/359
|-damage|p2a: Garchomp|35\/357|[from] ability: Rough Skin|[of] p1a: Garchomp
|move|p1a: Garchomp|Earthquake|p2a: Garchomp
|-damage|p2a: Garchomp|0 fnt
|-damage|p1a: Garchomp|0 fnt|[from] item: Life Orb
|faint|p2a: Garchomp
|faint|p1a: Garchomp
|
|-weather|none
|c|âTaipei|and i lost speed tie
|c|âTaipei|great
|c|âTaipei|fucking
|c|âTaipei|game
|c|âMistaken|well that really didnt matter
|
|switch|p2a: Landorus-Therian|Landorus-Therian, M|319\/319
|switch|p1a: Lucario|Lucario, M|279\/279
|-ability|p2a: Landorus-Therian|Intimidate|[of] p1a: Lucario
|-unboost|p1a: Lucario|atk|1
|-damage|p1a: Lucario|271\/279|[from] Stealth Rock
|turn|18
|c|âTaipei|?
|c|âMistaken|i have scarf lando and keldeo
|c|âMistaken|to win
|c|âTaipei|it was my only counter to keldeo
|c|âTaipei|lol
|c|âMistaken|how is gar chomp a keldeo counter
|
|move|p2a: Landorus-Therian|Earthquake|p1a: Lucario
|-supereffective|p1a: Lucario
|-damage|p1a: Lucario|0 fnt
|faint|p1a: Lucario
|
|win|Mistaken
|c|âMistaken|anyways gg's
|c|âTaipei|im running bulk
|c|âTaipei|and spee
|c|âTaipei|d
|c|âTaipei|bg
|c|âTaipei|ah well