|join|specs smallpox
|join|Mistaken
|c|âMistaken|gl
|join|exodia15
|player|p1|specs smallpox|29
|player|p2|Mistaken|264
|gametype|singles
|gen|6
|tier|OU
|rated
|clearpoke
|poke|p1|Ferrothorn, F
|poke|p1|Tyranitar, M
|poke|p1|Landorus, M
|poke|p1|Excadrill, M
|poke|p1|Azumarill, F
|poke|p1|Lopunny, F
|poke|p2|Garchomp, F
|poke|p2|Thundurus, M
|poke|p2|Azumarill, M
|poke|p2|Landorus-Therian, M
|poke|p2|Bisharp, M
|poke|p2|Metagross, shiny
|rule|Swagger Clause: Swagger is banned
|rule|Baton Pass Clause: Limit one PokÃ©mon knowing Baton Pass
|rule|Sleep Clause Mod: Limit one foe put to sleep
|rule|Species Clause: Limit one of each PokÃ©mon
|rule|OHKO Clause: OHKO moves are banned
|rule|Moody Clause: Moody is banned
|rule|Evasion Moves Clause: Evasion moves are banned
|rule|Endless Battle Clause: Forcing endless battles is banned
|rule|HP Percentage Mod: HP is shown in percentages
|teampreview
|
|start
|switch|p1a: Landorus|Landorus, M|319\/319
|switch|p2a: Uncle Iro|Garchomp, F|357\/357
|turn|1
|
|move|p2a: Uncle Iro|Dragon Claw|p1a: Landorus
|-damage|p1a: Landorus|159\/319
|move|p1a: Landorus|Earth Power|p2a: Uncle Iro
|-damage|p2a: Uncle Iro|32\/357
|
|turn|2
|
|move|p2a: Uncle Iro|Stealth Rock|p1a: Landorus
|-sidestart|p1: specs smallpox|move: Stealth Rock
|move|p1a: Landorus|Psychic|p2a: Uncle Iro
|-damage|p2a: Uncle Iro|0 fnt
|faint|p2a: Uncle Iro
|
|
|switch|p2a: Zeus|Thundurus, M|299\/299
|turn|3
|
|switch|p1a: Tyranitar|Tyranitar, M|403\/403
|-damage|p1a: Tyranitar|353\/403|[from] Stealth Rock
|-weather|Sandstorm
|move|p2a: Zeus|Hidden Power|p1a: Tyranitar
|-damage|p1a: Tyranitar|310\/403
|-damage|p2a: Zeus|270\/299|[from] item: Life Orb
|
|-weather|Sandstorm|[upkeep]
|-damage|p2a: Zeus|252\/299|[from] sandstorm
|turn|4
|
|switch|p2a: Son of a Bish|Bisharp, M|271\/271
|move|p1a: Tyranitar|Ice Beam|p2a: Son of a Bish
|-resisted|p2a: Son of a Bish
|-damage|p2a: Son of a Bish|226\/271
|-status|p2a: Son of a Bish|frz
|
|-weather|Sandstorm|[upkeep]
|turn|5
|
|cant|p2a: Son of a Bish|frz
|move|p1a: Tyranitar|Stealth Rock|p2a: Son of a Bish
|-sidestart|p2: Mistaken|move: Stealth Rock
|
|-weather|Sandstorm|[upkeep]
|turn|6
|c|âMistaken|...
|c| exodia15|......
|join|haunter
|c|âspecs smallpox|dot
|
|cant|p2a: Son of a Bish|frz
|move|p1a: Tyranitar|Fire Blast|p2a: Son of a Bish
|-supereffective|p2a: Son of a Bish
|-damage|p2a: Son of a Bish|0 fnt
|faint|p2a: Son of a Bish
|
|-weather|Sandstorm|[upkeep]
|
|switch|p2a: TOPH|Metagross, shiny|301\/301
|-damage|p2a: TOPH|283\/301|[from] Stealth Rock
|turn|7
|
|switch|p1a: Landorus|Landorus, M|159\/319
|-damage|p1a: Landorus|120\/319|[from] Stealth Rock
|detailschange|p2a: TOPH|Metagross-Mega, shiny
|-mega|p2a: TOPH|Metagross|Metagrossite
|move|p2a: TOPH|Hammer Arm|p1a: Landorus
|-resisted|p1a: Landorus
|-damage|p1a: Landorus|24\/319
|-unboost|p2a: TOPH|spe|1
|
|-weather|Sandstorm|[upkeep]
|turn|8
|
|switch|p2a: Dogs Out|Landorus-Therian, M|325\/325
|-damage|p2a: Dogs Out|285\/325|[from] Stealth Rock
|-ability|p2a: Dogs Out|Intimidate|[of] p1a: Landorus
|-unboost|p1a: Landorus|atk|1
|move|p1a: Landorus|Focus Blast|p2a: Dogs Out|[miss]
|-miss|p1a: Landorus|p2a: Dogs Out
|
|-weather|Sandstorm|[upkeep]
|turn|9
|c|âspecs smallpox|nice cancel button
|c|âMistaken|what does that hit
|c|âspecs smallpox|this
|c|âspecs smallpox|but
|c| exodia15|Stuff
|c|âspecs smallpox|i switched to ferro
|c| exodia15|With air ballon
|c| exodia15|balloon
|
|move|p2a: Dogs Out|U-turn|p1a: Landorus
|-resisted|p1a: Landorus
|-damage|p1a: Landorus|0 fnt
|faint|p1a: Landorus
|
|switch|p2a: Azula|Azumarill, M|350\/350
|-damage|p2a: Azula|307\/350|[from] Stealth Rock
|
|-weather|Sandstorm|[upkeep]
|-damage|p2a: Azula|286\/350|[from] sandstorm
|
|switch|p1a: Azumarill|Azumarill, F|401\/401
|-damage|p1a: Azumarill|351\/401|[from] Stealth Rock
|turn|10
|
|move|p2a: Azula|Play Rough|p1a: Azumarill|[miss]
|-miss|p2a: Azula|p1a: Azumarill
|move|p1a: Azumarill|Play Rough|p2a: Azula
|-damage|p2a: Azula|93\/350
|
|-weather|none
|turn|11
|
|switch|p2a: TOPH|Metagross-Mega, shiny|283\/301
|-damage|p2a: TOPH|265\/301|[from] Stealth Rock
|move|p1a: Azumarill|Play Rough|p2a: TOPH
|-resisted|p2a: TOPH
|-damage|p2a: TOPH|193\/301
|
|turn|12
|c|âMistaken|i love this game so much
|c|âspecs smallpox|garb
|
|move|p2a: TOPH|Meteor Mash|p1a: Azumarill
|-damage|p1a: Azumarill|71\/401
|-boost|p2a: TOPH|atk|1
|move|p1a: Azumarill|Waterfall|p2a: TOPH
|-damage|p2a: TOPH|66\/301
|
|turn|13
|c|âMistaken|dw ill miss
|
|move|p1a: Azumarill|Aqua Jet|p2a: TOPH
|-damage|p2a: TOPH|0 fnt
|faint|p2a: TOPH
|
|
|switch|p2a: Zeus|Thundurus, M|252\/299
|-damage|p2a: Zeus|178\/299|[from] Stealth Rock
|turn|14
|
|move|p1a: Azumarill|Aqua Jet|p2a: Zeus
|-damage|p2a: Zeus|69\/299
|move|p2a: Zeus|Thunderbolt|p1a: Azumarill
|-supereffective|p1a: Azumarill
|-damage|p1a: Azumarill|0 fnt
|-damage|p2a: Zeus|40\/299|[from] item: Life Orb
|faint|p1a: Azumarill
|
|
|switch|p1a: Lopunny|Lopunny, F|272\/272
|-damage|p1a: Lopunny|238\/272|[from] Stealth Rock
|turn|15
|
|detailschange|p1a: Lopunny|Lopunny-Mega, F
|-mega|p1a: Lopunny|Lopunny|Lopunnite
|move|p1a: Lopunny|Fake Out|p2a: Zeus
|-damage|p2a: Zeus|0 fnt
|faint|p2a: Zeus
|
|
|switch|p2a: Dogs Out|Landorus-Therian, M|285\/325
|-damage|p2a: Dogs Out|245\/325|[from] Stealth Rock
|-ability|p2a: Dogs Out|Intimidate|[of] p1a: Lopunny
|-unboost|p1a: Lopunny|atk|1
|turn|16
|
|move|p2a: Dogs Out|U-turn|p1a: Lopunny
|-resisted|p1a: Lopunny
|-damage|p1a: Lopunny|189\/272
|
|switch|p2a: Azula|Azumarill, M|93\/350
|-damage|p2a: Azula|50\/350|[from] Stealth Rock
|move|p1a: Lopunny|Return|p2a: Azula
|-damage|p2a: Azula|0 fnt
|faint|p2a: Azula
|
|
|switch|p2a: Dogs Out|Landorus-Therian, M|245\/325
|-damage|p2a: Dogs Out|205\/325|[from] Stealth Rock
|-ability|p2a: Dogs Out|Intimidate|[of] p1a: Lopunny
|-unboost|p1a: Lopunny|atk|1
|turn|17
|
|switch|p1a: Tyranitar|Tyranitar, M|310\/403
|-damage|p1a: Tyranitar|260\/403|[from] Stealth Rock
|-weather|Sandstorm
|move|p2a: Dogs Out|Earthquake|p1a: Tyranitar
|-supereffective|p1a: Tyranitar
|-damage|p1a: Tyranitar|0 fnt
|faint|p1a: Tyranitar
|
|-weather|Sandstorm|[upkeep]
|
|switch|p1a: Excadrill|Excadrill, M|361\/361
|-damage|p1a: Excadrill|350\/361|[from] Stealth Rock
|turn|18
|c|âMistaken|gg
|
|move|p1a: Excadrill|Iron Head|p2a: Dogs Out
|-damage|p2a: Dogs Out|0 fnt
|-damage|p1a: Excadrill|314\/361|[from] item: Life Orb
|faint|p2a: Dogs Out
|
|win|specs smallpox
|raw|Ladder updating...
|c|âspecs smallpox|gg
|c|âspecs smallpox|soz 4 hax
|raw|specs smallpox's rating: 1622 &rarr; <strong>1645<\/strong><br \/>(+23 for winning)
|raw|Mistaken's rating: 1679 &rarr; <strong>1655<\/strong><br \/>(-24 for losing)
|leave|Mistaken