|join|Mistaken
|join|jacky0114
|player|p1|Mistaken|264
|player|p2|jacky0114|169
|gametype|singles
|gen|6
|tier|OU
|rated
|clearpoke
|poke|p1|Zapdos, shiny
|poke|p1|Chansey, F
|poke|p1|Gliscor, M
|poke|p1|Clefable, F
|poke|p1|Slowbro, F, shiny
|poke|p1|Scizor, F
|poke|p2|Chansey, F
|poke|p2|Amoonguss, F
|poke|p2|Skarmory, F
|poke|p2|Quagsire, M
|poke|p2|Slowbro, M
|poke|p2|Sableye, M
|rule|Swagger Clause: Swagger is banned
|rule|Baton Pass Clause: Limit one PokÃ©mon knowing Baton Pass
|rule|Sleep Clause Mod: Limit one foe put to sleep
|rule|Species Clause: Limit one of each PokÃ©mon
|rule|OHKO Clause: OHKO moves are banned
|rule|Moody Clause: Moody is banned
|rule|Evasion Moves Clause: Evasion moves are banned
|rule|Endless Battle Clause: Forcing endless battles is banned
|rule|HP Percentage Mod: HP is shown in percentages
|teampreview
|
|start
|switch|p1a: DayanneMadeME|Zapdos, shiny|384\/384
|switch|p2a: Sableye|Sableye, M|304\/304
|-ability|p1a: DayanneMadeME|Pressure
|turn|1
|
|switch|p1a: Chubby|Clefable, F|394\/394
|detailschange|p2a: Sableye|Sableye-Mega, M
|-mega|p2a: Sableye|Sableye|Sablenite
|move|p2a: Sableye|Calm Mind|p2a: Sableye
|-boost|p2a: Sableye|spa|1
|-boost|p2a: Sableye|spd|1
|
|turn|2
|
|switch|p2a: Slowbro|Slowbro, M|394\/394
|move|p1a: Chubby|Moonblast|p2a: Slowbro
|-damage|p2a: Slowbro|259\/394
|-unboost|p2a: Slowbro|spa|1
|
|turn|3
|join|Void
|
|switch|p1a: DayanneMadeME|Zapdos, shiny|384\/384
|-ability|p1a: DayanneMadeME|Pressure
|move|p2a: Slowbro|Trick|p1a: DayanneMadeME
|-activate|p2a: Slowbro|move: Trick|[of] p1a: DayanneMadeME
|-item|p1a: DayanneMadeME|Lagging Tail|[from] move: Trick
|-item|p2a: Slowbro|Leftovers|[from] move: Trick
|
|-heal|p2a: Slowbro|283\/394|[from] item: Leftovers
|turn|4
|
|switch|p1a: ZENZO|Gliscor, M|353\/353
|switch|p2a: Quagsire|Quagsire, M|394\/394
|
|-status|p1a: ZENZO|tox|[from] item: Toxic Orb
|turn|5
|c|âMistaken|da fuq
|
|switch|p2a: Sableye|Sableye-Mega, M|304\/304
|move|p1a: ZENZO|Knock Off|p2a: Sableye
|-damage|p2a: Sableye|274\/304
|
|turn|6
|
|switch|p1a: Chubby|Clefable, F|394\/394
|move|p2a: Sableye|Dark Pulse|p1a: Chubby
|-resisted|p1a: Chubby
|-damage|p1a: Chubby|349\/394
|
|-heal|p1a: Chubby|373\/394|[from] item: Leftovers
|turn|7
|
|switch|p2a: Chansey|Chansey, F|704\/704
|move|p1a: Chubby|Moonblast|p2a: Chansey
|-damage|p2a: Chansey|631\/704
|
|-heal|p1a: Chubby|394\/394|[from] item: Leftovers
|turn|8
|
|switch|p1a: ZENZO|Gliscor, M|353\/353 tox
|move|p2a: Chansey|Stealth Rock|p1a: ZENZO
|-sidestart|p1: Mistaken|move: Stealth Rock
|
|turn|9
|
|switch|p1a: Chubby|Clefable, F|394\/394
|-damage|p1a: Chubby|345\/394|[from] Stealth Rock
|switch|p2a: Sableye|Sableye-Mega, M|274\/304
|
|-heal|p1a: Chubby|369\/394|[from] item: Leftovers
|turn|10
|
|switch|p1a: EggHead|Chansey, F|704\/704
|-damage|p1a: EggHead|616\/704|[from] Stealth Rock
|switch|p2a: Amoonguss|Amoonguss, F|432\/432
|
|turn|11
|
|switch|p1a: DayanneMadeME|Zapdos, shiny|384\/384
|-damage|p1a: DayanneMadeME|288\/384|[from] Stealth Rock
|-ability|p1a: DayanneMadeME|Pressure
|switch|p2a: Sableye|Sableye-Mega, M|274\/304
|
|turn|12
|
|move|p2a: Sableye|Will-O-Wisp|p1a: DayanneMadeME
|-status|p1a: DayanneMadeME|brn
|move|p1a: DayanneMadeME|Defog|p2a: Sableye
|move|p2a: Sableye|Defog|p1a: DayanneMadeME|[from]Magic Bounce
|-unboost|p1a: DayanneMadeME|evasion|1
|-sideend|p1: Mistaken|Stealth Rock|[from] move: Defog|[of] p1a: DayanneMadeME
|
|-damage|p1a: DayanneMadeME|240\/384 brn|[from] brn
|turn|13
|
|switch|p2a: Quagsire|Quagsire, M|394\/394
|move|p1a: DayanneMadeME|Roost|p1a: DayanneMadeME
|-heal|p1a: DayanneMadeME|384\/384 brn
|
|-damage|p1a: DayanneMadeME|336\/384 brn|[from] brn
|turn|14
|
|switch|p1a: Slowbro'ed|Slowbro, F, shiny|394\/394
|move|p2a: Quagsire|Scald|p1a: Slowbro'ed
|-resisted|p1a: Slowbro'ed
|-damage|p1a: Slowbro'ed|361\/394
|
|-heal|p1a: Slowbro'ed|385\/394|[from] item: Leftovers
|turn|15
|
|switch|p2a: Chansey|Chansey, F|631\/704
|move|p1a: Slowbro'ed|Scald|p2a: Chansey
|-damage|p2a: Chansey|573\/704
|
|-heal|p1a: Slowbro'ed|394\/394|[from] item: Leftovers
|turn|16
|
|switch|p1a: ZENZO|Gliscor, M|353\/353 tox
|move|p2a: Chansey|Stealth Rock|p1a: ZENZO
|-sidestart|p1: Mistaken|move: Stealth Rock
|
|turn|17
|
|switch|p2a: Sableye|Sableye-Mega, M|274\/304
|move|p1a: ZENZO|Earthquake|p2a: Sableye
|-damage|p2a: Sableye|207\/304
|
|turn|18
|
|switch|p1a: DayanneMadeME|Zapdos, shiny|336\/384 brn
|-damage|p1a: DayanneMadeME|240\/384 brn|[from] Stealth Rock
|-ability|p1a: DayanneMadeME|Pressure
|move|p2a: Sableye|Calm Mind|p2a: Sableye
|-boost|p2a: Sableye|spa|1
|-boost|p2a: Sableye|spd|1
|
|-damage|p1a: DayanneMadeME|192\/384 brn|[from] brn
|turn|19
|
|move|p2a: Sableye|Dark Pulse|p1a: DayanneMadeME
|-damage|p1a: DayanneMadeME|68\/384 brn
|move|p1a: DayanneMadeME|Defog|p2a: Sableye
|move|p2a: Sableye|Defog|p1a: DayanneMadeME|[from]Magic Bounce
|-unboost|p1a: DayanneMadeME|evasion|1
|-sideend|p1: Mistaken|Stealth Rock|[from] move: Defog|[of] p1a: DayanneMadeME
|
|-damage|p1a: DayanneMadeME|20\/384 brn|[from] brn
|turn|20
|
|move|p2a: Sableye|Recover|p2a: Sableye
|-heal|p2a: Sableye|304\/304
|move|p1a: DayanneMadeME|Roost|p1a: DayanneMadeME
|-heal|p1a: DayanneMadeME|212\/384 brn
|
|-damage|p1a: DayanneMadeME|164\/384 brn|[from] brn
|turn|21
|
|switch|p1a: Chubby|Clefable, F|369\/394
|move|p2a: Sableye|Dark Pulse|p1a: Chubby
|-resisted|p1a: Chubby
|-damage|p1a: Chubby|327\/394
|
|-heal|p1a: Chubby|351\/394|[from] item: Leftovers
|turn|22
|
|switch|p1a: ZENZO|Gliscor, M|353\/353 tox
|switch|p2a: Chansey|Chansey, F|573\/704
|
|turn|23
|
|switch|p2a: Sableye|Sableye-Mega, M|304\/304
|move|p1a: ZENZO|Earthquake|p2a: Sableye
|-damage|p2a: Sableye|235\/304
|
|turn|24
|
|move|p1a: ZENZO|Earthquake|p2a: Sableye
|-damage|p2a: Sableye|162\/304
|move|p2a: Sableye|Calm Mind|p2a: Sableye
|-boost|p2a: Sableye|spa|1
|-boost|p2a: Sableye|spd|1
|
|turn|25
|
|switch|p1a: Chubby|Clefable, F|351\/394
|move|p2a: Sableye|Recover|p2a: Sableye
|-heal|p2a: Sableye|304\/304
|
|-heal|p1a: Chubby|375\/394|[from] item: Leftovers
|turn|26
|
|switch|p1a: EggHead|Chansey, F|616\/704
|switch|p2a: Skarmory|Skarmory, F|334\/334
|
|turn|27
|
|switch|p1a: DayanneMadeME|Zapdos, shiny|164\/384 brn
|-ability|p1a: DayanneMadeME|Pressure
|move|p2a: Skarmory|Spikes|p1a: DayanneMadeME
|-sidestart|p1: Mistaken|Spikes
|
|-damage|p1a: DayanneMadeME|116\/384 brn|[from] brn
|turn|28
|
|switch|p2a: Quagsire|Quagsire, M|394\/394
|move|p1a: DayanneMadeME|Roost|p1a: DayanneMadeME
|-heal|p1a: DayanneMadeME|308\/384 brn
|
|-damage|p1a: DayanneMadeME|260\/384 brn|[from] brn
|turn|29
|
|switch|p1a: ZENZO|Gliscor, M|353\/353 tox
|move|p2a: Quagsire|Scald|p1a: ZENZO
|-supereffective|p1a: ZENZO
|-damage|p1a: ZENZO|237\/353 tox
|
|-heal|p1a: ZENZO|281\/353 tox|[from] ability: Poison Heal
|turn|30
|
|switch|p1a: Chubby|Clefable, F|375\/394
|-damage|p1a: Chubby|326\/394|[from] Spikes
|switch|p2a: Sableye|Sableye-Mega, M|304\/304
|
|-heal|p1a: Chubby|350\/394|[from] item: Leftovers
|turn|31
|
|switch|p2a: Chansey|Chansey, F|573\/704
|move|p1a: Chubby|Moonblast|p2a: Chansey
|-crit|p2a: Chansey
|-damage|p2a: Chansey|474\/704
|
|-heal|p1a: Chubby|374\/394|[from] item: Leftovers
|turn|32
|
|switch|p1a: DayanneMadeME|Zapdos, shiny|260\/384 brn
|-ability|p1a: DayanneMadeME|Pressure
|move|p2a: Chansey|Stealth Rock|p1a: DayanneMadeME
|-sidestart|p1: Mistaken|move: Stealth Rock
|
|-damage|p1a: DayanneMadeME|212\/384 brn|[from] brn
|turn|33
|
|move|p2a: Chansey|Seismic Toss|p1a: DayanneMadeME
|-damage|p1a: DayanneMadeME|112\/384 brn
|move|p1a: DayanneMadeME|Defog|p2a: Chansey
|-unboost|p2a: Chansey|evasion|1
|-sideend|p1: Mistaken|Spikes|[from] move: Defog|[of] p1a: DayanneMadeME
|-sideend|p1: Mistaken|Stealth Rock|[from] move: Defog|[of] p1a: DayanneMadeME
|
|-damage|p1a: DayanneMadeME|64\/384 brn|[from] brn
|turn|34
|
|switch|p1a: ZENZO|Gliscor, M|281\/353 tox
|move|p2a: Chansey|Seismic Toss|p1a: ZENZO
|-damage|p1a: ZENZO|181\/353 tox
|
|-heal|p1a: ZENZO|225\/353 tox|[from] ability: Poison Heal
|turn|35
|
|switch|p2a: Skarmory|Skarmory, F|334\/334
|move|p1a: ZENZO|Roost|p1a: ZENZO
|-heal|p1a: ZENZO|353\/353 tox
|
|turn|36
|
|move|p1a: ZENZO|Taunt|p2a: Skarmory
|-start|p2a: Skarmory|move: Taunt
|cant|p2a: Skarmory|move: Taunt|Spikes
|
|turn|37
|
|switch|p1a: Slowbro'ed|Slowbro, F, shiny|394\/394
|switch|p2a: Sableye|Sableye-Mega, M|304\/304
|
|turn|38
|
|move|p1a: Slowbro'ed|Thunder Wave|p2a: Sableye
|move|p2a: Sableye|Thunder Wave|p1a: Slowbro'ed|[from]Magic Bounce
|-status|p1a: Slowbro'ed|par
|move|p2a: Sableye|Dark Pulse|p1a: Slowbro'ed
|-supereffective|p1a: Slowbro'ed
|-damage|p1a: Slowbro'ed|206\/394 par
|
|-heal|p1a: Slowbro'ed|230\/394 par|[from] item: Leftovers
|turn|39
|
|switch|p1a: ZENZO|Gliscor, M|353\/353 tox
|move|p2a: Sableye|Will-O-Wisp|p1a: ZENZO
|-fail|p1a: ZENZO
|
|turn|40
|
|switch|p1a: Slowbro'ed|Slowbro, F, shiny|361\/394 par
|move|p2a: Sableye|Calm Mind|p2a: Sableye
|-boost|p2a: Sableye|spa|1
|-boost|p2a: Sableye|spd|1
|
|-heal|p1a: Slowbro'ed|385\/394 par|[from] item: Leftovers
|turn|41
|
|switch|p1a: Chubby|Clefable, F|374\/394
|move|p2a: Sableye|Dark Pulse|p1a: Chubby
|-resisted|p1a: Chubby
|-damage|p1a: Chubby|328\/394
|
|-heal|p1a: Chubby|352\/394|[from] item: Leftovers
|turn|42
|
|switch|p2a: Chansey|Chansey, F|474\/704
|move|p1a: Chubby|Moonblast|p2a: Chansey
|-damage|p2a: Chansey|408\/704
|-unboost|p2a: Chansey|spa|1
|
|-heal|p1a: Chubby|376\/394|[from] item: Leftovers
|turn|43
|
|switch|p1a: rockPaperScizor|Scizor, F|343\/343
|move|p2a: Chansey|Seismic Toss|p1a: rockPaperScizor
|-damage|p1a: rockPaperScizor|243\/343
|
|turn|44
|
|switch|p1a: ZENZO|Gliscor, M|353\/353 tox
|switch|p2a: Skarmory|Skarmory, F|334\/334
|
|turn|45
|
|switch|p2a: Sableye|Sableye-Mega, M|304\/304
|move|p1a: ZENZO|Taunt|p2a: Sableye
|move|p2a: Sableye|Taunt|p1a: ZENZO|[from]Magic Bounce
|-start|p1a: ZENZO|move: Taunt
|
|turn|46
|
|move|p1a: ZENZO|Knock Off|p2a: Sableye
|-damage|p2a: Sableye|276\/304
|move|p2a: Sableye|Will-O-Wisp|p1a: ZENZO
|-fail|p1a: ZENZO
|
|turn|47
|
|switch|p1a: Slowbro'ed|Slowbro, F, shiny|394\/394 par
|move|p2a: Sableye|Calm Mind|p2a: Sableye
|-boost|p2a: Sableye|spa|1
|-boost|p2a: Sableye|spd|1
|
|turn|48
|join|fix the ladder
|leave|fix the ladder
|
|switch|p1a: Chubby|Clefable, F|376\/394
|move|p2a: Sableye|Dark Pulse|p1a: Chubby
|-resisted|p1a: Chubby
|-damage|p1a: Chubby|331\/394
|
|-heal|p1a: Chubby|355\/394|[from] item: Leftovers
|turn|49
|
|switch|p2a: Chansey|Chansey, F|408\/704
|move|p1a: Chubby|Wish|p1a: Chubby
|
|-heal|p1a: Chubby|379\/394|[from] item: Leftovers
|turn|50
|
|switch|p1a: DayanneMadeME|Zapdos, shiny|64\/384 brn
|-ability|p1a: DayanneMadeME|Pressure
|move|p2a: Chansey|Soft-Boiled|p2a: Chansey
|-heal|p2a: Chansey|704\/704
|
|-heal|p1a: DayanneMadeME|261\/384 brn|[from] move: Wish|[wisher] Chubby
|-damage|p1a: DayanneMadeME|213\/384 brn|[from] brn
|turn|51
|
|move|p2a: Chansey|Stealth Rock|p1a: DayanneMadeME
|-sidestart|p1: Mistaken|move: Stealth Rock
|move|p1a: DayanneMadeME|Roost|p1a: DayanneMadeME
|-heal|p1a: DayanneMadeME|384\/384 brn
|
|-damage|p1a: DayanneMadeME|336\/384 brn|[from] brn
|turn|52
|
|move|p2a: Chansey|Stealth Rock|p1a: DayanneMadeME
|-fail|p1a: DayanneMadeME
|move|p1a: DayanneMadeME|Defog|p2a: Chansey
|-unboost|p2a: Chansey|evasion|1
|-sideend|p1: Mistaken|Stealth Rock|[from] move: Defog|[of] p1a: DayanneMadeME
|
|-damage|p1a: DayanneMadeME|288\/384 brn|[from] brn
|turn|53
|
|switch|p1a: ZENZO|Gliscor, M|353\/353 tox
|move|p2a: Chansey|Seismic Toss|p1a: ZENZO
|-damage|p1a: ZENZO|253\/353 tox
|
|-heal|p1a: ZENZO|297\/353 tox|[from] ability: Poison Heal
|turn|54
|
|switch|p1a: EggHead|Chansey, F|616\/704
|switch|p2a: Sableye|Sableye-Mega, M|276\/304
|
|turn|55
|
|move|p1a: EggHead|Heal Bell|p1a: EggHead
|-cureteam|p1a: EggHead|[from] move: HealBell
|move|p2a: Sableye|Calm Mind|p2a: Sableye
|-boost|p2a: Sableye|spa|1
|-boost|p2a: Sableye|spd|1
|
|turn|56
|
|switch|p1a: Chubby|Clefable, F|379\/394
|move|p2a: Sableye|Will-O-Wisp|p1a: Chubby
|-status|p1a: Chubby|brn
|
|-heal|p1a: Chubby|394\/394 brn|[from] item: Leftovers
|-damage|p1a: Chubby|345\/394 brn|[from] brn
|turn|57
|
|switch|p1a: EggHead|Chansey, F|616\/704
|switch|p2a: Skarmory|Skarmory, F|334\/334
|
|turn|58
|
|move|p2a: Skarmory|Spikes|p1a: EggHead
|-sidestart|p1: Mistaken|Spikes
|move|p1a: EggHead|Stealth Rock|p2a: Skarmory
|-sidestart|p2: jacky0114|move: Stealth Rock
|
|turn|59
|
|switch|p1a: DayanneMadeME|Zapdos, shiny|288\/384
|-ability|p1a: DayanneMadeME|Pressure
|move|p2a: Skarmory|Spikes|p1a: DayanneMadeME
|-sidestart|p1: Mistaken|Spikes
|
|turn|60
|-message|Mistaken forfeited.
|
|win|jacky0114
|raw|Ladder updating...
|raw|Mistaken's rating: 1674 &rarr; <strong>1649<\/strong><br \/>(-25 for losing)
|raw|jacky0114's rating: 1588 &rarr; <strong>1613<\/strong><br \/>(+25 for winning)
|c|âMistaken|bhjjir\regr\kp
|c|âMistaken|[\
|leave|Mistaken
|player|p1
|leave|jacky0114
|player|p2