|join|don't use mega
|join|Mistaken
|player|p1|don't use mega|101
|player|p2|Mistaken|264
|gametype|singles
|gen|6
|tier|OU
|rated
|clearpoke
|poke|p1|Tyranitar, F
|poke|p1|Gliscor, F
|poke|p1|Chansey, F
|poke|p1|Slowbro, F
|poke|p1|Quagsire, F
|poke|p1|Mandibuzz, F
|poke|p2|Zapdos, shiny
|poke|p2|Chansey, F
|poke|p2|Gliscor, M
|poke|p2|Clefable, F
|poke|p2|Slowbro, F, shiny
|poke|p2|Scizor, F
|rule|Swagger Clause: Swagger is banned
|rule|Baton Pass Clause: Limit one PokÃ©mon knowing Baton Pass
|rule|Sleep Clause Mod: Limit one foe put to sleep
|rule|Species Clause: Limit one of each PokÃ©mon
|rule|OHKO Clause: OHKO moves are banned
|rule|Moody Clause: Moody is banned
|rule|Evasion Moves Clause: Evasion moves are banned
|rule|Endless Battle Clause: Forcing endless battles is banned
|rule|HP Percentage Mod: HP is shown in percentages
|teampreview
Mistaken turned on modjoin.
|raw|<div class="broadcast-red"><b>Moderated chat was set to +!<\/b><br \/>Only users of rank + and higher can talk.<\/div>
Mistaken made this room hidden.
|
|start
|switch|p1a: Slowbro|Slowbro, F|390\/390
|switch|p2a: Gliscor|Gliscor, M|353\/353
|turn|1
|
|move|p2a: Gliscor|Knock Off|p1a: Slowbro
|-supereffective|p1a: Slowbro
|-damage|p1a: Slowbro|290\/390
|-enditem|p1a: Slowbro|Leftovers|[from] move: Knock Off|[of] p2a: Gliscor
|move|p1a: Slowbro|Scald|p2a: Gliscor
|-crit|p2a: Gliscor
|-supereffective|p2a: Gliscor
|-damage|p2a: Gliscor|93\/353
|
|-status|p2a: Gliscor|tox|[from] item: Toxic Orb
|turn|2
|
|switch|p1a: Gliscor|Gliscor, F|350\/350
|move|p2a: Gliscor|Roost|p2a: Gliscor
|-heal|p2a: Gliscor|270\/353 tox
|
|-heal|p2a: Gliscor|314\/353 tox|[from] ability: Poison Heal
|-status|p1a: Gliscor|tox|[from] item: Toxic Orb
|turn|3
|
|move|p1a: Gliscor|Knock Off|p2a: Gliscor
|-damage|p2a: Gliscor|254\/353 tox
|-enditem|p2a: Gliscor|Toxic Orb|[from] move: Knock Off|[of] p1a: Gliscor
|move|p2a: Gliscor|Taunt|p1a: Gliscor
|-start|p1a: Gliscor|move: Taunt
|
|-heal|p2a: Gliscor|298\/353 tox|[from] ability: Poison Heal
|turn|4
|
|switch|p1a: Slowbro|Slowbro, F|390\/390
|move|p2a: Gliscor|Knock Off|p1a: Slowbro
|-supereffective|p1a: Slowbro
|-damage|p1a: Slowbro|328\/390
|
|-heal|p2a: Gliscor|342\/353 tox|[from] ability: Poison Heal
|turn|5
|
|switch|p2a: Zapdos|Zapdos, shiny|384\/384
|-ability|p2a: Zapdos|Pressure
|move|p1a: Slowbro|Scald|p2a: Zapdos
|-damage|p2a: Zapdos|273\/384
|
|-heal|p2a: Zapdos|297\/384|[from] item: Leftovers
|turn|6
|
|switch|p2a: Chansey|Chansey, F|704\/704
|switch|p1a: Gliscor|Gliscor, F|350\/350 tox
|
|turn|7
|
|switch|p2a: Gliscor|Gliscor, M|342\/353 tox
|move|p1a: Gliscor|Knock Off|p2a: Gliscor
|-damage|p2a: Gliscor|304\/353 tox
|
|-heal|p2a: Gliscor|348\/353 tox|[from] ability: Poison Heal
|turn|8
|
|switch|p1a: Slowbro|Slowbro, F|390\/390
|move|p2a: Gliscor|Knock Off|p1a: Slowbro
|-supereffective|p1a: Slowbro
|-damage|p1a: Slowbro|326\/390
|
|-heal|p2a: Gliscor|353\/353 tox|[from] ability: Poison Heal
|turn|9
|
|switch|p2a: Chansey|Chansey, F|704\/704
|move|p1a: Slowbro|Scald|p2a: Chansey
|-damage|p2a: Chansey|647\/704
|-status|p2a: Chansey|brn
|
|-damage|p2a: Chansey|559\/704 brn|[from] brn
|turn|10
|
|switch|p1a: Gliscor|Gliscor, F|350\/350 tox
|move|p2a: Chansey|Stealth Rock|p1a: Gliscor
|-sidestart|p1: don't use mega|move: Stealth Rock
|
|-damage|p2a: Chansey|471\/704 brn|[from] brn
|turn|11
Mistaken turned off modjoin.
|
|switch|p2a: Gliscor|Gliscor, M|353\/353 tox
|move|p1a: Gliscor|Taunt|p2a: Gliscor
|-start|p2a: Gliscor|move: Taunt
|
|turn|12
|join|Zenzo
Mistaken turned on modjoin.
|
|switch|p1a: Slowbro|Slowbro, F|390\/390
|-damage|p1a: Slowbro|342\/390|[from] Stealth Rock
|move|p2a: Gliscor|Knock Off|p1a: Slowbro
|-supereffective|p1a: Slowbro
|-damage|p1a: Slowbro|280\/390
|
|turn|13
|
|switch|p2a: Chansey|Chansey, F|471\/704
|move|p1a: Slowbro|Scald|p2a: Chansey
|-damage|p2a: Chansey|407\/704
|-status|p2a: Chansey|brn
|
|-damage|p2a: Chansey|319\/704 brn|[from] brn
|turn|14
|
|switch|p1a: Chansey|Chansey, F|682\/682
|-damage|p1a: Chansey|597\/682|[from] Stealth Rock
|move|p2a: Chansey|Soft-Boiled|p2a: Chansey
|-heal|p2a: Chansey|671\/704 brn
|
|-damage|p2a: Chansey|583\/704 brn|[from] brn
|turn|15
|
|switch|p2a: Gliscor|Gliscor, M|353\/353 tox
|move|p1a: Chansey|Stealth Rock|p2a: Gliscor
|-sidestart|p2: Mistaken|move: Stealth Rock
|
|turn|16
|
|switch|p1a: Slowbro|Slowbro, F|390\/390
|-damage|p1a: Slowbro|342\/390|[from] Stealth Rock
|move|p2a: Gliscor|Knock Off|p1a: Slowbro
|-supereffective|p1a: Slowbro
|-damage|p1a: Slowbro|278\/390
|
|turn|17
|
|switch|p1a: Gliscor|Gliscor, F|350\/350 tox
|-damage|p1a: Gliscor|307\/350 tox|[from] Stealth Rock
|move|p2a: Gliscor|Earthquake|p1a: Gliscor
|-immune|p1a: Gliscor|[msg]
|
|-heal|p1a: Gliscor|350\/350 tox|[from] ability: Poison Heal
|turn|18
|
|switch|p1a: Slowbro|Slowbro, F|390\/390
|-damage|p1a: Slowbro|342\/390|[from] Stealth Rock
|switch|p2a: Scizor|Scizor, F|343\/343
|-damage|p2a: Scizor|301\/343|[from] Stealth Rock
|
|turn|19
|
|switch|p2a: Chansey|Chansey, F|583\/704
|-damage|p2a: Chansey|495\/704|[from] Stealth Rock
|move|p1a: Slowbro|Scald|p2a: Chansey
|-damage|p2a: Chansey|437\/704
|-status|p2a: Chansey|brn
|
|-damage|p2a: Chansey|349\/704 brn|[from] brn
|turn|20
|
|move|p2a: Chansey|Soft-Boiled|p2a: Chansey
|-heal|p2a: Chansey|701\/704 brn
|move|p1a: Slowbro|Psyshock|p2a: Chansey
|-damage|p2a: Chansey|566\/704 brn
|
|-damage|p2a: Chansey|478\/704 brn|[from] brn
|turn|21
|
|switch|p2a: Slowbro'ed|Slowbro, F, shiny|394\/394
|-damage|p2a: Slowbro'ed|345\/394|[from] Stealth Rock
|move|p1a: Slowbro|Psyshock|p2a: Slowbro'ed
|-resisted|p2a: Slowbro'ed
|-damage|p2a: Slowbro'ed|315\/394
|
|-heal|p2a: Slowbro'ed|339\/394|[from] item: Leftovers
|turn|22
|
|move|p1a: Slowbro|Scald|p2a: Slowbro'ed
|-resisted|p2a: Slowbro'ed
|-damage|p2a: Slowbro'ed|277\/394
|move|p2a: Slowbro'ed|Scald|p1a: Slowbro
|-resisted|p1a: Slowbro
|-damage|p1a: Slowbro|287\/390
|-status|p1a: Slowbro|brn
|
|-heal|p2a: Slowbro'ed|301\/394|[from] item: Leftovers
|-damage|p1a: Slowbro|239\/390 brn|[from] brn
|turn|23
|
|switch|p1a: Gliscor|Gliscor, F|350\/350 tox
|-damage|p1a: Gliscor|307\/350 tox|[from] Stealth Rock
|switch|p2a: Chansey|Chansey, F|478\/704
|-damage|p2a: Chansey|390\/704|[from] Stealth Rock
|
|-heal|p1a: Gliscor|350\/350 tox|[from] ability: Poison Heal
|turn|24
|
|switch|p2a: Gliscor|Gliscor, M|353\/353 tox
|-damage|p2a: Gliscor|309\/353 tox|[from] Stealth Rock
|move|p1a: Gliscor|Taunt|p2a: Gliscor
|-start|p2a: Gliscor|move: Taunt
|
|-heal|p2a: Gliscor|353\/353 tox|[from] ability: Poison Heal
|turn|25
|
|move|p1a: Gliscor|Knock Off|p2a: Gliscor
|-damage|p2a: Gliscor|308\/353 tox
|move|p2a: Gliscor|Earthquake|p1a: Gliscor
|-immune|p1a: Gliscor|[msg]
|
|-heal|p2a: Gliscor|352\/353 tox|[from] ability: Poison Heal
|turn|26
|
|move|p1a: Gliscor|Knock Off|p2a: Gliscor
|-crit|p2a: Gliscor
|-damage|p2a: Gliscor|291\/353 tox
|move|p2a: Gliscor|Knock Off|p1a: Gliscor
|-damage|p1a: Gliscor|290\/350 tox
|-enditem|p1a: Gliscor|Toxic Orb|[from] move: Knock Off|[of] p2a: Gliscor
|
|-heal|p1a: Gliscor|333\/350 tox|[from] ability: Poison Heal
|-heal|p2a: Gliscor|335\/353 tox|[from] ability: Poison Heal
|turn|27
|
|move|p1a: Gliscor|Knock Off|p2a: Gliscor
|-crit|p2a: Gliscor
|-damage|p2a: Gliscor|278\/353 tox
|move|p2a: Gliscor|Knock Off|p1a: Gliscor
|-damage|p1a: Gliscor|294\/350 tox
|
|-heal|p1a: Gliscor|337\/350 tox|[from] ability: Poison Heal
|-heal|p2a: Gliscor|322\/353 tox|[from] ability: Poison Heal
|-end|p2a: Gliscor|move: Taunt
|turn|28
|
|move|p1a: Gliscor|Taunt|p2a: Gliscor
|-start|p2a: Gliscor|move: Taunt
|cant|p2a: Gliscor|move: Taunt|Taunt
|
|-heal|p1a: Gliscor|350\/350 tox|[from] ability: Poison Heal
|-heal|p2a: Gliscor|353\/353 tox|[from] ability: Poison Heal
|turn|29
|
|switch|p1a: Slowbro|Slowbro, F|369\/390 brn
|-damage|p1a: Slowbro|321\/390 brn|[from] Stealth Rock
|move|p2a: Gliscor|Earthquake|p1a: Slowbro
|-damage|p1a: Slowbro|240\/390 brn
|
|-damage|p1a: Slowbro|192\/390 brn|[from] brn
|turn|30
|
|switch|p2a: Clefable|Clefable, F|394\/394
|-damage|p2a: Clefable|345\/394|[from] Stealth Rock
|switch|p1a: Gliscor|Gliscor, F|350\/350 tox
|-damage|p1a: Gliscor|307\/350 tox|[from] Stealth Rock
|
|-heal|p2a: Clefable|369\/394|[from] item: Leftovers
|-heal|p1a: Gliscor|350\/350 tox|[from] ability: Poison Heal
|turn|31
|
|switch|p2a: Slowbro'ed|Slowbro, F, shiny|394\/394
|-damage|p2a: Slowbro'ed|345\/394|[from] Stealth Rock
|move|p1a: Gliscor|Taunt|p2a: Slowbro'ed
|-start|p2a: Slowbro'ed|move: Taunt
|
|-heal|p2a: Slowbro'ed|369\/394|[from] item: Leftovers
|turn|32
|
|switch|p2a: Gliscor|Gliscor, M|353\/353 tox
|-damage|p2a: Gliscor|309\/353 tox|[from] Stealth Rock
|move|p1a: Gliscor|Knock Off|p2a: Gliscor
|-damage|p2a: Gliscor|269\/353 tox
|
|-heal|p2a: Gliscor|313\/353 tox|[from] ability: Poison Heal
|turn|33
|
|move|p1a: Gliscor|Taunt|p2a: Gliscor
|-start|p2a: Gliscor|move: Taunt
|cant|p2a: Gliscor|move: Taunt|Taunt
|
|-heal|p2a: Gliscor|353\/353 tox|[from] ability: Poison Heal
|turn|34
|
|move|p1a: Gliscor|Knock Off|p2a: Gliscor
|-damage|p2a: Gliscor|310\/353 tox
|move|p2a: Gliscor|Knock Off|p1a: Gliscor
|-damage|p1a: Gliscor|310\/350 tox
|
|-heal|p1a: Gliscor|350\/350 tox|[from] ability: Poison Heal
|-heal|p2a: Gliscor|353\/353 tox|[from] ability: Poison Heal
|turn|35
|
|move|p1a: Gliscor|Knock Off|p2a: Gliscor
|-damage|p2a: Gliscor|311\/353 tox
|move|p2a: Gliscor|Knock Off|p1a: Gliscor
|-crit|p1a: Gliscor
|-damage|p1a: Gliscor|290\/350 tox
|
|-heal|p1a: Gliscor|333\/350 tox|[from] ability: Poison Heal
|-heal|p2a: Gliscor|353\/353 tox|[from] ability: Poison Heal
|-end|p2a: Gliscor|move: Taunt
|turn|36
|
|switch|p1a: Slowbro|Slowbro, F|322\/390 brn
|-damage|p1a: Slowbro|274\/390 brn|[from] Stealth Rock
|move|p2a: Gliscor|Taunt|p1a: Slowbro
|-start|p1a: Slowbro|move: Taunt
|
|-damage|p1a: Slowbro|226\/390 brn|[from] brn
|turn|37
|
|switch|p1a: Gliscor|Gliscor, F|333\/350 tox
|-damage|p1a: Gliscor|290\/350 tox|[from] Stealth Rock
|move|p2a: Gliscor|Knock Off|p1a: Gliscor
|-damage|p1a: Gliscor|250\/350 tox
|
|-heal|p1a: Gliscor|293\/350 tox|[from] ability: Poison Heal
|turn|38
|
|switch|p1a: Mandibuzz|Mandibuzz, F|420\/420
|-damage|p1a: Mandibuzz|315\/420|[from] Stealth Rock
|move|p2a: Gliscor|Knock Off|p1a: Mandibuzz
|-resisted|p1a: Mandibuzz
|-damage|p1a: Mandibuzz|288\/420
|-damage|p2a: Gliscor|295\/353 tox|[from] item: Rocky Helmet|[of] p1a: Mandibuzz
|-enditem|p1a: Mandibuzz|Rocky Helmet|[from] move: Knock Off|[of] p2a: Gliscor
|
|-heal|p2a: Gliscor|339\/353 tox|[from] ability: Poison Heal
|turn|39
|leave|Zenzo
|
|move|p2a: Gliscor|Taunt|p1a: Mandibuzz
|-start|p1a: Mandibuzz|move: Taunt
|cant|p1a: Mandibuzz|move: Taunt|Taunt
|
|-heal|p2a: Gliscor|353\/353 tox|[from] ability: Poison Heal
|turn|40
|
|switch|p1a: Gliscor|Gliscor, F|293\/350 tox
|-damage|p1a: Gliscor|250\/350 tox|[from] Stealth Rock
|move|p2a: Gliscor|Knock Off|p1a: Gliscor
|-damage|p1a: Gliscor|210\/350 tox
|
|-heal|p1a: Gliscor|253\/350 tox|[from] ability: Poison Heal
|turn|41
|
|move|p1a: Gliscor|Taunt|p2a: Gliscor
|-start|p2a: Gliscor|move: Taunt
|move|p2a: Gliscor|Knock Off|p1a: Gliscor
|-damage|p1a: Gliscor|208\/350 tox
|
|-heal|p1a: Gliscor|251\/350 tox|[from] ability: Poison Heal
|turn|42
|
|switch|p2a: Zapdos|Zapdos, shiny|297\/384
|-damage|p2a: Zapdos|201\/384|[from] Stealth Rock
|-ability|p2a: Zapdos|Pressure
|move|p1a: Gliscor|Knock Off|p2a: Zapdos
|-damage|p2a: Zapdos|133\/384
|-enditem|p2a: Zapdos|Leftovers|[from] move: Knock Off|[of] p1a: Gliscor
|
|-heal|p1a: Gliscor|294\/350 tox|[from] ability: Poison Heal
|turn|43
|
|move|p1a: Gliscor|Taunt|p2a: Zapdos
|-start|p2a: Zapdos|move: Taunt
|move|p2a: Zapdos|Heat Wave|p1a: Gliscor
|-damage|p1a: Gliscor|204\/350 tox
|
|-heal|p1a: Gliscor|247\/350 tox|[from] ability: Poison Heal
|turn|44
|
|switch|p1a: Slowbro|Slowbro, F|356\/390 brn
|-damage|p1a: Slowbro|308\/390 brn|[from] Stealth Rock
|switch|p2a: Gliscor|Gliscor, M|353\/353 tox
|-damage|p2a: Gliscor|309\/353 tox|[from] Stealth Rock
|
|-heal|p2a: Gliscor|353\/353 tox|[from] ability: Poison Heal
|-damage|p1a: Slowbro|260\/390 brn|[from] brn
|turn|45
|
|switch|p1a: Gliscor|Gliscor, F|247\/350 tox
|-damage|p1a: Gliscor|204\/350 tox|[from] Stealth Rock
|move|p2a: Gliscor|Taunt|p1a: Gliscor
|-start|p1a: Gliscor|move: Taunt
|
|-heal|p1a: Gliscor|247\/350 tox|[from] ability: Poison Heal
|turn|46
|
|switch|p1a: Mandibuzz|Mandibuzz, F|288\/420
|-damage|p1a: Mandibuzz|183\/420|[from] Stealth Rock
|move|p2a: Gliscor|Knock Off|p1a: Mandibuzz
|-resisted|p1a: Mandibuzz
|-damage|p1a: Mandibuzz|167\/420
|
|turn|47
|
|move|p2a: Gliscor|Taunt|p1a: Mandibuzz
|-start|p1a: Mandibuzz|move: Taunt
|cant|p1a: Mandibuzz|move: Taunt|Roost
|
|turn|48
|
|switch|p2a: Zapdos|Zapdos, shiny|133\/384
|-damage|p2a: Zapdos|37\/384|[from] Stealth Rock
|-ability|p2a: Zapdos|Pressure
|switch|p1a: Gliscor|Gliscor, F|247\/350 tox
|-damage|p1a: Gliscor|204\/350 tox|[from] Stealth Rock
|
|-heal|p1a: Gliscor|247\/350 tox|[from] ability: Poison Heal
|turn|49
|
|move|p1a: Gliscor|Taunt|p2a: Zapdos
|-start|p2a: Zapdos|move: Taunt
|move|p2a: Zapdos|Heat Wave|p1a: Gliscor
|-damage|p1a: Gliscor|158\/350 tox
|
|-heal|p1a: Gliscor|201\/350 tox|[from] ability: Poison Heal
|turn|50
|
|move|p1a: Gliscor|Knock Off|p2a: Zapdos
|-damage|p2a: Zapdos|0 fnt
|faint|p2a: Zapdos
|
|-heal|p1a: Gliscor|244\/350 tox|[from] ability: Poison Heal
|
|switch|p2a: Scizor|Scizor, F|301\/343
|-damage|p2a: Scizor|259\/343|[from] Stealth Rock
|turn|51
|
|detailschange|p2a: Scizor|Scizor-Mega, F
|-mega|p2a: Scizor|Scizor|Scizorite
|move|p1a: Gliscor|Taunt|p2a: Scizor
|-start|p2a: Scizor|move: Taunt
|cant|p2a: Scizor|move: Taunt|Swords Dance
|
|-heal|p1a: Gliscor|287\/350 tox|[from] ability: Poison Heal
|turn|52
|
|move|p2a: Scizor|Bullet Punch|p1a: Gliscor
|-damage|p1a: Gliscor|209\/350 tox
|move|p1a: Gliscor|Earthquake|p2a: Scizor
|-damage|p2a: Scizor|190\/343
|
|-heal|p1a: Gliscor|252\/350 tox|[from] ability: Poison Heal
|turn|53
|
|switch|p2a: Gliscor|Gliscor, M|353\/353 tox
|-damage|p2a: Gliscor|309\/353 tox|[from] Stealth Rock
|move|p1a: Gliscor|Earthquake|p2a: Gliscor
|-immune|p2a: Gliscor|[msg]
|
|-heal|p1a: Gliscor|295\/350 tox|[from] ability: Poison Heal
|-heal|p2a: Gliscor|353\/353 tox|[from] ability: Poison Heal
|turn|54
|
|switch|p2a: Slowbro'ed|Slowbro, F, shiny|394\/394
|-damage|p2a: Slowbro'ed|345\/394|[from] Stealth Rock
|move|p1a: Gliscor|Taunt|p2a: Slowbro'ed
|-start|p2a: Slowbro'ed|move: Taunt
|
|-heal|p2a: Slowbro'ed|369\/394|[from] item: Leftovers
|-heal|p1a: Gliscor|338\/350 tox|[from] ability: Poison Heal
|turn|55
|
|switch|p2a: Gliscor|Gliscor, M|353\/353 tox
|-damage|p2a: Gliscor|309\/353 tox|[from] Stealth Rock
|move|p1a: Gliscor|Knock Off|p2a: Gliscor
|-damage|p2a: Gliscor|267\/353 tox
|
|-heal|p1a: Gliscor|350\/350 tox|[from] ability: Poison Heal
|-heal|p2a: Gliscor|311\/353 tox|[from] ability: Poison Heal
|turn|56
|
|switch|p2a: Slowbro'ed|Slowbro, F, shiny|394\/394
|-damage|p2a: Slowbro'ed|345\/394|[from] Stealth Rock
|move|p1a: Gliscor|Knock Off|p2a: Slowbro'ed
|-supereffective|p2a: Slowbro'ed
|-damage|p2a: Slowbro'ed|253\/394
|-enditem|p2a: Slowbro'ed|Leftovers|[from] move: Knock Off|[of] p1a: Gliscor
|
|turn|57
|c|âMistaken|nb
|
|switch|p1a: Slowbro|Slowbro, F|390\/390 brn
|-damage|p1a: Slowbro|342\/390 brn|[from] Stealth Rock
|move|p2a: Slowbro'ed|Scald|p1a: Slowbro
|-resisted|p1a: Slowbro
|-damage|p1a: Slowbro|282\/390 brn
|
|-damage|p1a: Slowbro|234\/390 brn|[from] brn
|turn|58
|
|switch|p1a: Gliscor|Gliscor, F|350\/350 tox
|-damage|p1a: Gliscor|307\/350 tox|[from] Stealth Rock
|switch|p2a: Clefable|Clefable, F|369\/394
|-damage|p2a: Clefable|320\/394|[from] Stealth Rock
|
|-heal|p2a: Clefable|344\/394|[from] item: Leftovers
|-heal|p1a: Gliscor|350\/350 tox|[from] ability: Poison Heal
|turn|59
|
|move|p1a: Gliscor|Knock Off|p2a: Clefable
|-crit|p2a: Clefable
|-resisted|p2a: Clefable
|-damage|p2a: Clefable|294\/394
|-enditem|p2a: Clefable|Leftovers|[from] move: Knock Off|[of] p1a: Gliscor
|move|p2a: Clefable|Calm Mind|p2a: Clefable
|-boost|p2a: Clefable|spa|1
|-boost|p2a: Clefable|spd|1
|
|turn|60
|
|move|p1a: Gliscor|Taunt|p2a: Clefable
|-start|p2a: Clefable|move: Taunt
|move|p2a: Clefable|Moonblast|p1a: Gliscor
|-damage|p1a: Gliscor|202\/350 tox
|
|-heal|p1a: Gliscor|245\/350 tox|[from] ability: Poison Heal
|turn|61
|
|switch|p1a: Quagsire|Quagsire, F|394\/394
|-damage|p1a: Quagsire|370\/394|[from] Stealth Rock
|move|p2a: Clefable|Moonblast|p1a: Quagsire
|-damage|p1a: Quagsire|211\/394
|-unboost|p1a: Quagsire|spa|1
|
|-heal|p1a: Quagsire|235\/394|[from] item: Leftovers
|turn|62
|
|switch|p2a: Gliscor|Gliscor, M|311\/353 tox
|-damage|p2a: Gliscor|267\/353 tox|[from] Stealth Rock
|move|p1a: Quagsire|Toxic|p2a: Gliscor
|-fail|p2a: Gliscor|tox
|
|-heal|p1a: Quagsire|259\/394|[from] item: Leftovers
|-heal|p2a: Gliscor|311\/353 tox|[from] ability: Poison Heal
|turn|63
|
|switch|p1a: Slowbro|Slowbro, F|364\/390 brn
|-damage|p1a: Slowbro|316\/390 brn|[from] Stealth Rock
|move|p2a: Gliscor|Taunt|p1a: Slowbro
|-start|p1a: Slowbro|move: Taunt
|
|-heal|p2a: Gliscor|353\/353 tox|[from] ability: Poison Heal
|-damage|p1a: Slowbro|268\/390 brn|[from] brn
|turn|64
|
|switch|p1a: Gliscor|Gliscor, F|245\/350 tox
|-damage|p1a: Gliscor|202\/350 tox|[from] Stealth Rock
|move|p2a: Gliscor|Earthquake|p1a: Gliscor
|-immune|p1a: Gliscor|[msg]
|
|-heal|p1a: Gliscor|245\/350 tox|[from] ability: Poison Heal
|turn|65
|
|switch|p1a: Slowbro|Slowbro, F|390\/390 brn
|-damage|p1a: Slowbro|342\/390 brn|[from] Stealth Rock
|move|p2a: Gliscor|Knock Off|p1a: Slowbro
|-supereffective|p1a: Slowbro
|-damage|p1a: Slowbro|272\/390 brn
|
|-damage|p1a: Slowbro|224\/390 brn|[from] brn
|turn|66
|
|move|p2a: Gliscor|Earthquake|p1a: Slowbro
|-damage|p1a: Slowbro|152\/390 brn
|move|p1a: Slowbro|Scald|p2a: Gliscor
|-supereffective|p2a: Gliscor
|-damage|p2a: Gliscor|179\/353 tox
|
|-heal|p2a: Gliscor|223\/353 tox|[from] ability: Poison Heal
|-damage|p1a: Slowbro|104\/390 brn|[from] brn
|turn|67
|
|switch|p1a: Gliscor|Gliscor, F|245\/350 tox
|-damage|p1a: Gliscor|202\/350 tox|[from] Stealth Rock
|move|p2a: Gliscor|Taunt|p1a: Gliscor
|-start|p1a: Gliscor|move: Taunt
|
|-heal|p1a: Gliscor|245\/350 tox|[from] ability: Poison Heal
|-heal|p2a: Gliscor|267\/353 tox|[from] ability: Poison Heal
|turn|68
|
|move|p1a: Gliscor|Knock Off|p2a: Gliscor
|-damage|p2a: Gliscor|225\/353 tox
|move|p2a: Gliscor|Knock Off|p1a: Gliscor
|-damage|p1a: Gliscor|205\/350 tox
|
|-heal|p1a: Gliscor|248\/350 tox|[from] ability: Poison Heal
|-heal|p2a: Gliscor|269\/353 tox|[from] ability: Poison Heal
|turn|69
|
|move|p1a: Gliscor|Knock Off|p2a: Gliscor
|-damage|p2a: Gliscor|231\/353 tox
|move|p2a: Gliscor|Knock Off|p1a: Gliscor
|-damage|p1a: Gliscor|207\/350 tox
|
|-heal|p1a: Gliscor|250\/350 tox|[from] ability: Poison Heal
|-heal|p2a: Gliscor|275\/353 tox|[from] ability: Poison Heal
|turn|70
|
|move|p1a: Gliscor|Knock Off|p2a: Gliscor
|-damage|p2a: Gliscor|231\/353 tox
|move|p2a: Gliscor|Knock Off|p1a: Gliscor
|-damage|p1a: Gliscor|210\/350 tox
|
|-heal|p1a: Gliscor|253\/350 tox|[from] ability: Poison Heal
|-heal|p2a: Gliscor|275\/353 tox|[from] ability: Poison Heal
|-end|p1a: Gliscor|move: Taunt
|turn|71
|
|move|p1a: Gliscor|Taunt|p2a: Gliscor
|-start|p2a: Gliscor|move: Taunt
|move|p2a: Gliscor|Knock Off|p1a: Gliscor
|-damage|p1a: Gliscor|213\/350 tox
|
|-heal|p1a: Gliscor|256\/350 tox|[from] ability: Poison Heal
|-heal|p2a: Gliscor|319\/353 tox|[from] ability: Poison Heal
|turn|72
|
|switch|p2a: Scizor|Scizor-Mega, F|190\/343
|-damage|p2a: Scizor|148\/343|[from] Stealth Rock
|move|p1a: Gliscor|Knock Off|p2a: Scizor
|-damage|p2a: Scizor|120\/343
|
|-heal|p1a: Gliscor|299\/350 tox|[from] ability: Poison Heal
|turn|73
|
|switch|p2a: Slowbro'ed|Slowbro, F, shiny|384\/394
|-damage|p2a: Slowbro'ed|335\/394|[from] Stealth Rock
|move|p1a: Gliscor|Taunt|p2a: Slowbro'ed
|-start|p2a: Slowbro'ed|move: Taunt
|
|-heal|p1a: Gliscor|342\/350 tox|[from] ability: Poison Heal
|turn|74
|
|move|p1a: Gliscor|Knock Off|p2a: Slowbro'ed
|-supereffective|p2a: Slowbro'ed
|-damage|p2a: Slowbro'ed|267\/394
|move|p2a: Slowbro'ed|Scald|p1a: Gliscor
|-supereffective|p1a: Gliscor
|-damage|p1a: Gliscor|156\/350 tox
|
|-heal|p1a: Gliscor|199\/350 tox|[from] ability: Poison Heal
|turn|75
|
|switch|p1a: Slowbro|Slowbro, F|234\/390 brn
|-damage|p1a: Slowbro|186\/390 brn|[from] Stealth Rock
|switch|p2a: Gliscor|Gliscor, M|319\/353 tox
|-damage|p2a: Gliscor|275\/353 tox|[from] Stealth Rock
|
|-heal|p2a: Gliscor|319\/353 tox|[from] ability: Poison Heal
|-damage|p1a: Slowbro|138\/390 brn|[from] brn
|turn|76
|
|switch|p1a: Gliscor|Gliscor, F|199\/350 tox
|-damage|p1a: Gliscor|156\/350 tox|[from] Stealth Rock
|move|p2a: Gliscor|Taunt|p1a: Gliscor
|-start|p1a: Gliscor|move: Taunt
|
|-heal|p1a: Gliscor|199\/350 tox|[from] ability: Poison Heal
|-heal|p2a: Gliscor|353\/353 tox|[from] ability: Poison Heal
|turn|77
|
|switch|p1a: Slowbro|Slowbro, F|268\/390 brn
|-damage|p1a: Slowbro|220\/390 brn|[from] Stealth Rock
|move|p2a: Gliscor|Knock Off|p1a: Slowbro
|-crit|p1a: Slowbro
|-supereffective|p1a: Slowbro
|-damage|p1a: Slowbro|110\/390 brn
|
|-damage|p1a: Slowbro|62\/390 brn|[from] brn
|turn|78
|
|switch|p1a: Gliscor|Gliscor, F|199\/350 tox
|-damage|p1a: Gliscor|156\/350 tox|[from] Stealth Rock
|move|p2a: Gliscor|Knock Off|p1a: Gliscor
|-crit|p1a: Gliscor
|-damage|p1a: Gliscor|92\/350 tox
|
|-heal|p1a: Gliscor|135\/350 tox|[from] ability: Poison Heal
|turn|79
|c|âMistaken|calm down lol
|
|switch|p2a: Slowbro'ed|Slowbro, F, shiny|394\/394
|-damage|p2a: Slowbro'ed|345\/394|[from] Stealth Rock
|move|p1a: Gliscor|Taunt|p2a: Slowbro'ed
|-start|p2a: Slowbro'ed|move: Taunt
|
|-heal|p1a: Gliscor|178\/350 tox|[from] ability: Poison Heal
|turn|80
|
|move|p1a: Gliscor|Roost|p1a: Gliscor
|-heal|p1a: Gliscor|350\/350 tox
|move|p2a: Slowbro'ed|Scald|p1a: Gliscor
|-supereffective|p1a: Gliscor
|-damage|p1a: Gliscor|180\/350 tox
|
|-heal|p1a: Gliscor|223\/350 tox|[from] ability: Poison Heal
|turn|81
|
|switch|p1a: Slowbro|Slowbro, F|192\/390 brn
|-damage|p1a: Slowbro|144\/390 brn|[from] Stealth Rock
|move|p2a: Slowbro'ed|Scald|p1a: Slowbro
|-resisted|p1a: Slowbro
|-damage|p1a: Slowbro|93\/390 brn
|
|-damage|p1a: Slowbro|45\/390 brn|[from] brn
|turn|82
|
|move|p1a: Slowbro|Slack Off|p1a: Slowbro
|-heal|p1a: Slowbro|240\/390 brn
|move|p2a: Slowbro'ed|Scald|p1a: Slowbro
|-resisted|p1a: Slowbro
|-damage|p1a: Slowbro|180\/390 brn
|
|-damage|p1a: Slowbro|132\/390 brn|[from] brn
|-end|p2a: Slowbro'ed|move: Taunt
|turn|83
|c|âMistaken|ugh......
|
|switch|p2a: Clefable|Clefable, F|294\/394
|-damage|p2a: Clefable|245\/394|[from] Stealth Rock
|move|p1a: Slowbro|Slack Off|p1a: Slowbro
|-heal|p1a: Slowbro|327\/390 brn
|
|-damage|p1a: Slowbro|279\/390 brn|[from] brn
|turn|84
|
|switch|p1a: Quagsire|Quagsire, F|259\/394
|-damage|p1a: Quagsire|235\/394|[from] Stealth Rock
|move|p2a: Clefable|Calm Mind|p2a: Clefable
|-boost|p2a: Clefable|spa|1
|-boost|p2a: Clefable|spd|1
|
|-heal|p1a: Quagsire|259\/394|[from] item: Leftovers
|turn|85
|
|switch|p2a: Slowbro'ed|Slowbro, F, shiny|394\/394
|-damage|p2a: Slowbro'ed|345\/394|[from] Stealth Rock
|move|p1a: Quagsire|Recover|p1a: Quagsire
|-heal|p1a: Quagsire|394\/394
|
|turn|86
|
|move|p1a: Quagsire|Toxic|p2a: Slowbro'ed
|-status|p2a: Slowbro'ed|tox
|move|p2a: Slowbro'ed|Scald|p1a: Quagsire
|-damage|p1a: Quagsire|249\/394
|
|-heal|p1a: Quagsire|273\/394|[from] item: Leftovers
|-damage|p2a: Slowbro'ed|321\/394 tox|[from] psn
|turn|87
|c|âMistaken|missclick
|c|âMistaken|FUQ
|c|âMistaken|dude can we go for a tie
|
|switch|p1a: Slowbro|Slowbro, F|390\/390 brn
|-damage|p1a: Slowbro|342\/390 brn|[from] Stealth Rock
|switch|p2a: Gliscor|Gliscor, M|353\/353 tox
|-damage|p2a: Gliscor|309\/353 tox|[from] Stealth Rock
|
|-heal|p2a: Gliscor|353\/353 tox|[from] ability: Poison Heal
|-damage|p1a: Slowbro|294\/390 brn|[from] brn
|turn|88
|c|âMistaken|and not stall it out
|
|move|p2a: Gliscor|Knock Off|p1a: Slowbro
|-supereffective|p1a: Slowbro
|-damage|p1a: Slowbro|230\/390 brn
|move|p1a: Slowbro|Scald|p2a: Gliscor
|-supereffective|p2a: Gliscor
|-damage|p2a: Gliscor|179\/353 tox
|
|-heal|p2a: Gliscor|223\/353 tox|[from] ability: Poison Heal
|-damage|p1a: Slowbro|182\/390 brn|[from] brn
|turn|89
|c|âMistaken|i know u can win 3 matches in the time this one will take
|
|move|p2a: Gliscor|Earthquake|p1a: Slowbro
|-damage|p1a: Slowbro|104\/390 brn
|move|p1a: Slowbro|Scald|p2a: Gliscor
|-supereffective|p2a: Gliscor
|-damage|p2a: Gliscor|47\/353 tox
|
|-heal|p2a: Gliscor|91\/353 tox|[from] ability: Poison Heal
|-damage|p1a: Slowbro|56\/390 brn|[from] brn
|turn|90
|
|switch|p1a: Gliscor|Gliscor, F|223\/350 tox
|-damage|p1a: Gliscor|180\/350 tox|[from] Stealth Rock
|move|p2a: Gliscor|Roost|p2a: Gliscor
|-heal|p2a: Gliscor|268\/353 tox
|
|-heal|p1a: Gliscor|223\/350 tox|[from] ability: Poison Heal
|-heal|p2a: Gliscor|312\/353 tox|[from] ability: Poison Heal
|turn|91
|c|âMistaken|so tie y\/n
|
|switch|p2a: Slowbro'ed|Slowbro, F, shiny|394\/394 tox
|-damage|p2a: Slowbro'ed|345\/394 tox|[from] Stealth Rock
|move|p1a: Gliscor|Taunt|p2a: Slowbro'ed
|-start|p2a: Slowbro'ed|move: Taunt
|
|-heal|p1a: Gliscor|266\/350 tox|[from] ability: Poison Heal
|-damage|p2a: Slowbro'ed|321\/394 tox|[from] psn
|turn|92
|
|switch|p1a: Slowbro|Slowbro, F|186\/390 brn
|-damage|p1a: Slowbro|138\/390 brn|[from] Stealth Rock
|move|p2a: Slowbro'ed|Scald|p1a: Slowbro
|-resisted|p1a: Slowbro
|-damage|p1a: Slowbro|85\/390 brn
|
|-damage|p1a: Slowbro|37\/390 brn|[from] brn
|-damage|p2a: Slowbro'ed|273\/394 tox|[from] psn
|turn|93
|c|âdon't use mega|why tie if I won ? '-'
|
|move|p1a: Slowbro|Slack Off|p1a: Slowbro
|-heal|p1a: Slowbro|232\/390 brn
|move|p2a: Slowbro'ed|Scald|p1a: Slowbro
|-resisted|p1a: Slowbro
|-damage|p1a: Slowbro|171\/390 brn
|
|-damage|p1a: Slowbro|123\/390 brn|[from] brn
|-damage|p2a: Slowbro'ed|201\/394 tox|[from] psn
|turn|94
|c|âMistaken|because i can stall it out
|
|switch|p2a: Gliscor|Gliscor, M|312\/353 tox
|-damage|p2a: Gliscor|268\/353 tox|[from] Stealth Rock
|move|p1a: Slowbro|Slack Off|p1a: Slowbro
|-heal|p1a: Slowbro|318\/390 brn
|
|-heal|p2a: Gliscor|312\/353 tox|[from] ability: Poison Heal
|-damage|p1a: Slowbro|270\/390 brn|[from] brn
|turn|95
|
|move|p2a: Gliscor|Earthquake|p1a: Slowbro
|-damage|p1a: Slowbro|194\/390 brn
|move|p1a: Slowbro|Slack Off|p1a: Slowbro
|-heal|p1a: Slowbro|389\/390 brn
|
|-heal|p2a: Gliscor|353\/353 tox|[from] ability: Poison Heal
|-damage|p1a: Slowbro|341\/390 brn|[from] brn
|turn|96
|c|âMistaken|or if you give me some good advice about using stall ill forfeit
|
|move|p2a: Gliscor|Knock Off|p1a: Slowbro
|-supereffective|p1a: Slowbro
|-damage|p1a: Slowbro|273\/390 brn
|move|p1a: Slowbro|Scald|p2a: Gliscor
|-supereffective|p2a: Gliscor
|-damage|p2a: Gliscor|171\/353 tox
|
|-heal|p2a: Gliscor|215\/353 tox|[from] ability: Poison Heal
|-damage|p1a: Slowbro|225\/390 brn|[from] brn
|turn|97
|c|âdon't use mega|hm. . .
|
|move|p2a: Gliscor|Earthquake|p1a: Slowbro
|-damage|p1a: Slowbro|153\/390 brn
|move|p1a: Slowbro|Scald|p2a: Gliscor
|-supereffective|p2a: Gliscor
|-damage|p2a: Gliscor|53\/353 tox
|
|-heal|p2a: Gliscor|97\/353 tox|[from] ability: Poison Heal
|-damage|p1a: Slowbro|105\/390 brn|[from] brn
|turn|98
|c|âdon't use mega|'Â¬'
|
|move|p2a: Gliscor|Roost|p2a: Gliscor
|-heal|p2a: Gliscor|274\/353 tox
|move|p1a: Slowbro|Slack Off|p1a: Slowbro
|-heal|p1a: Slowbro|300\/390 brn
|
|-heal|p2a: Gliscor|318\/353 tox|[from] ability: Poison Heal
|-damage|p1a: Slowbro|252\/390 brn|[from] brn
|turn|99
|c|âMistaken|is that a no?
|c|âdon't use mega|I'm thinking
|c|âdon't use mega|Â¬Â¬
|
|switch|p2a: Chansey|Chansey, F|390\/704
|-damage|p2a: Chansey|302\/704|[from] Stealth Rock
|move|p1a: Slowbro|Scald|p2a: Chansey
|-damage|p2a: Chansey|236\/704
|
|-damage|p1a: Slowbro|204\/390 brn|[from] brn
|turn|100
|
|switch|p1a: Mandibuzz|Mandibuzz, F|167\/420
|-damage|p1a: Mandibuzz|62\/420|[from] Stealth Rock
|move|p2a: Chansey|Soft-Boiled|p2a: Chansey
|-heal|p2a: Chansey|588\/704
|
|turn|101
|
|switch|p2a: Clefable|Clefable, F|245\/394
|-damage|p2a: Clefable|196\/394|[from] Stealth Rock
|move|p1a: Mandibuzz|Roost|p1a: Mandibuzz
|-heal|p1a: Mandibuzz|272\/420
|
|turn|102
|
|move|p1a: Mandibuzz|Taunt|p2a: Clefable
|-start|p2a: Clefable|move: Taunt
|cant|p2a: Clefable|move: Taunt|Wish
|
|turn|103
|
|switch|p1a: Chansey|Chansey, F|597\/682
|-damage|p1a: Chansey|512\/682|[from] Stealth Rock
|switch|p2a: Gliscor|Gliscor, M|318\/353 tox
|-damage|p2a: Gliscor|274\/353 tox|[from] Stealth Rock
|
|-heal|p2a: Gliscor|318\/353 tox|[from] ability: Poison Heal
|turn|104
|
|move|p2a: Gliscor|Knock Off|p1a: Chansey
|-damage|p1a: Chansey|407\/682
|-enditem|p1a: Chansey|Eviolite|[from] move: Knock Off|[of] p2a: Gliscor
|move|p1a: Chansey|Seismic Toss|p2a: Gliscor
|-damage|p2a: Gliscor|218\/353 tox
|
|-heal|p2a: Gliscor|262\/353 tox|[from] ability: Poison Heal
|turn|105
|
|move|p2a: Gliscor|Taunt|p1a: Chansey
|-start|p1a: Chansey|move: Taunt
|move|p1a: Chansey|Seismic Toss|p2a: Gliscor
|-damage|p2a: Gliscor|162\/353 tox
|
|-heal|p2a: Gliscor|206\/353 tox|[from] ability: Poison Heal
|turn|106
|
|switch|p1a: Gliscor|Gliscor, F|266\/350 tox
|-damage|p1a: Gliscor|223\/350 tox|[from] Stealth Rock
|move|p2a: Gliscor|Earthquake|p1a: Gliscor
|-immune|p1a: Gliscor|[msg]
|
|-heal|p1a: Gliscor|266\/350 tox|[from] ability: Poison Heal
|-heal|p2a: Gliscor|250\/353 tox|[from] ability: Poison Heal
|turn|107
|
|move|p1a: Gliscor|Taunt|p2a: Gliscor
|-start|p2a: Gliscor|move: Taunt
|cant|p2a: Gliscor|move: Taunt|Roost
|
|-heal|p1a: Gliscor|309\/350 tox|[from] ability: Poison Heal
|-heal|p2a: Gliscor|294\/353 tox|[from] ability: Poison Heal
|turn|108
|c|âMistaken|do u have 4 speed on your slowbro
|
|switch|p2a: Slowbro'ed|Slowbro, F, shiny|332\/394 tox
|-damage|p2a: Slowbro'ed|283\/394 tox|[from] Stealth Rock
|move|p1a: Gliscor|Knock Off|p2a: Slowbro'ed
|-supereffective|p2a: Slowbro'ed
|-damage|p2a: Slowbro'ed|211\/394 tox
|
|-heal|p1a: Gliscor|350\/350 tox|[from] ability: Poison Heal
|-damage|p2a: Slowbro'ed|187\/394 tox|[from] psn
|turn|109
|c|âdon't use mega|haha
|c|âMistaken|?
|
|switch|p2a: Gliscor|Gliscor, M|294\/353 tox
|-damage|p2a: Gliscor|250\/353 tox|[from] Stealth Rock
|move|p1a: Gliscor|Taunt|p2a: Gliscor
|-start|p2a: Gliscor|move: Taunt
|
|-heal|p2a: Gliscor|294\/353 tox|[from] ability: Poison Heal
|turn|110
|c|âdon't use mega|you slowbro never die is my
|
|switch|p2a: Slowbro'ed|Slowbro, F, shiny|318\/394 tox
|-damage|p2a: Slowbro'ed|269\/394 tox|[from] Stealth Rock
|move|p1a: Gliscor|Knock Off|p2a: Slowbro'ed
|-supereffective|p2a: Slowbro'ed
|-damage|p2a: Slowbro'ed|199\/394 tox
|
|-damage|p2a: Slowbro'ed|175\/394 tox|[from] psn
|turn|111
|c|âMistaken|and I'm 90% the team I'm using can't touch leech seed venu
|c|âdon't use mega|hm
|
|switch|p2a: Gliscor|Gliscor, M|294\/353 tox
|-damage|p2a: Gliscor|250\/353 tox|[from] Stealth Rock
|move|p1a: Gliscor|Taunt|p2a: Gliscor
|-start|p2a: Gliscor|move: Taunt
|
|-heal|p2a: Gliscor|294\/353 tox|[from] ability: Poison Heal
|turn|112
|
|switch|p1a: Slowbro|Slowbro, F|334\/390 brn
|-damage|p1a: Slowbro|286\/390 brn|[from] Stealth Rock
|move|p2a: Gliscor|Knock Off|p1a: Slowbro
|-supereffective|p1a: Slowbro
|-damage|p1a: Slowbro|218\/390 brn
|
|-heal|p2a: Gliscor|338\/353 tox|[from] ability: Poison Heal
|-damage|p1a: Slowbro|170\/390 brn|[from] brn
|turn|113
|c|âdon't use mega|but this team is not your
|c|âMistaken|ik
|
|switch|p2a: Clefable|Clefable, F|196\/394
|-damage|p2a: Clefable|147\/394|[from] Stealth Rock
|switch|p1a: Gliscor|Gliscor, F|350\/350 tox
|-damage|p1a: Gliscor|307\/350 tox|[from] Stealth Rock
|
|-heal|p1a: Gliscor|350\/350 tox|[from] ability: Poison Heal
|turn|114
|c|âMistaken|its dyaane
|c|âMistaken|or something like that
|c|âdon't use mega|yep
|
|move|p2a: Clefable|Protect|p2a: Clefable
|-singleturn|p2a: Clefable|Protect
|move|p1a: Gliscor|Taunt|p2a: Clefable
|-activate|p2a: Clefable|Protect
|
|turn|115
|c|âMistaken|idk stall just seems like the way to go on the ladder
|
|move|p1a: Gliscor|Taunt|p2a: Clefable
|-start|p2a: Clefable|move: Taunt
|cant|p2a: Clefable|move: Taunt|Wish
|
|turn|116
|c|âMistaken|but as you can see I'm terrible with stall
|c|âMistaken|lol
|
|switch|p1a: Slowbro|Slowbro, F|300\/390 brn
|-damage|p1a: Slowbro|252\/390 brn|[from] Stealth Rock
|switch|p2a: Gliscor|Gliscor, M|338\/353 tox
|-damage|p2a: Gliscor|294\/353 tox|[from] Stealth Rock
|
|-heal|p2a: Gliscor|338\/353 tox|[from] ability: Poison Heal
|-damage|p1a: Slowbro|204\/390 brn|[from] brn
|turn|117
|
|switch|p1a: Gliscor|Gliscor, F|350\/350 tox
|-damage|p1a: Gliscor|307\/350 tox|[from] Stealth Rock
|move|p2a: Gliscor|Taunt|p1a: Gliscor
|-start|p1a: Gliscor|move: Taunt
|
|-heal|p1a: Gliscor|350\/350 tox|[from] ability: Poison Heal
|-heal|p2a: Gliscor|353\/353 tox|[from] ability: Poison Heal
|turn|118
|
|switch|p2a: Clefable|Clefable, F|147\/394
|-damage|p2a: Clefable|98\/394|[from] Stealth Rock
|move|p1a: Gliscor|Earthquake|p2a: Clefable
|-damage|p2a: Clefable|0 fnt
|faint|p2a: Clefable
|
|c|âMistaken|I'm still waiting for that advice lmfao
|
|switch|p2a: Scizor|Scizor-Mega, F|120\/343
|-damage|p2a: Scizor|78\/343|[from] Stealth Rock
|turn|119
|
|move|p1a: Gliscor|Earthquake|p2a: Scizor
|-damage|p2a: Scizor|5\/343
|move|p2a: Scizor|Roost|p2a: Scizor
|-heal|p2a: Scizor|177\/343
|
|turn|120
|
|switch|p1a: Quagsire|Quagsire, F|273\/394
|-damage|p1a: Quagsire|249\/394|[from] Stealth Rock
|move|p2a: Scizor|Swords Dance|p2a: Scizor
|-boost|p2a: Scizor|atk|2
|
|-heal|p1a: Quagsire|273\/394|[from] item: Leftovers
|turn|121
|c|âdon't use mega|:o
|
|switch|p2a: Slowbro'ed|Slowbro, F, shiny|306\/394 tox
|-damage|p2a: Slowbro'ed|257\/394 tox|[from] Stealth Rock
|move|p1a: Quagsire|Recover|p1a: Quagsire
|-heal|p1a: Quagsire|394\/394
|
|-damage|p2a: Slowbro'ed|233\/394 tox|[from] psn
|turn|122
|
|switch|p1a: Slowbro|Slowbro, F|334\/390 brn
|-damage|p1a: Slowbro|286\/390 brn|[from] Stealth Rock
|move|p2a: Slowbro'ed|Scald|p1a: Slowbro
|-resisted|p1a: Slowbro
|-damage|p1a: Slowbro|235\/390 brn
|
|-damage|p1a: Slowbro|187\/390 brn|[from] brn
|-damage|p2a: Slowbro'ed|185\/394 tox|[from] psn
|turn|123
|c|âMistaken|Really u got nothing :9
|c|âMistaken|:(
|
|move|p1a: Slowbro|Scald|p2a: Slowbro'ed
|-resisted|p2a: Slowbro'ed
|-damage|p2a: Slowbro'ed|133\/394 tox
|move|p2a: Slowbro'ed|Slack Off|p2a: Slowbro'ed
|-heal|p2a: Slowbro'ed|330\/394 tox
|
|-damage|p1a: Slowbro|139\/390 brn|[from] brn
|-damage|p2a: Slowbro'ed|258\/394 tox|[from] psn
|turn|124
|
|move|p1a: Slowbro|Slack Off|p1a: Slowbro
|-heal|p1a: Slowbro|334\/390 brn
|move|p2a: Slowbro'ed|Slack Off|p2a: Slowbro'ed
|-heal|p2a: Slowbro'ed|394\/394 tox
|
|-damage|p1a: Slowbro|286\/390 brn|[from] brn
|-damage|p2a: Slowbro'ed|298\/394 tox|[from] psn
|turn|125
|
|switch|p2a: Chansey|Chansey, F|588\/704
|-damage|p2a: Chansey|500\/704|[from] Stealth Rock
|move|p1a: Slowbro|Psyshock|p2a: Chansey
|-crit|p2a: Chansey
|-damage|p2a: Chansey|301\/704
|
|-damage|p1a: Slowbro|238\/390 brn|[from] brn
|turn|126
|
|switch|p1a: Gliscor|Gliscor, F|350\/350 tox
|-damage|p1a: Gliscor|307\/350 tox|[from] Stealth Rock
|move|p2a: Chansey|Soft-Boiled|p2a: Chansey
|-heal|p2a: Chansey|653\/704
|
|-heal|p1a: Gliscor|350\/350 tox|[from] ability: Poison Heal
|turn|127
|
|switch|p2a: Gliscor|Gliscor, M|353\/353 tox
|-damage|p2a: Gliscor|309\/353 tox|[from] Stealth Rock
|move|p1a: Gliscor|Taunt|p2a: Gliscor
|-start|p2a: Gliscor|move: Taunt
|
|-heal|p2a: Gliscor|353\/353 tox|[from] ability: Poison Heal
|turn|128
|
|move|p1a: Gliscor|Earthquake|p2a: Gliscor
|-immune|p2a: Gliscor|[msg]
|move|p2a: Gliscor|Knock Off|p1a: Gliscor
|-damage|p1a: Gliscor|309\/350 tox
|
|-heal|p1a: Gliscor|350\/350 tox|[from] ability: Poison Heal
|turn|129
|
|move|p1a: Gliscor|Earthquake|p2a: Gliscor
|-immune|p2a: Gliscor|[msg]
|move|p2a: Gliscor|Earthquake|p1a: Gliscor
|-immune|p1a: Gliscor|[msg]
|
|turn|130
|
|switch|p2a: Slowbro'ed|Slowbro, F, shiny|394\/394 tox
|-damage|p2a: Slowbro'ed|345\/394 tox|[from] Stealth Rock
|move|p1a: Gliscor|Earthquake|p2a: Slowbro'ed
|-damage|p2a: Slowbro'ed|273\/394 tox
|
|-damage|p2a: Slowbro'ed|249\/394 tox|[from] psn
|turn|131
|
|switch|p1a: Slowbro|Slowbro, F|368\/390 brn
|-damage|p1a: Slowbro|320\/390 brn|[from] Stealth Rock
|move|p2a: Slowbro'ed|Slack Off|p2a: Slowbro'ed
|-heal|p2a: Slowbro'ed|394\/394 tox
|
|-damage|p1a: Slowbro|272\/390 brn|[from] brn
|-damage|p2a: Slowbro'ed|346\/394 tox|[from] psn
|turn|132
|
|switch|p2a: Chansey|Chansey, F|653\/704
|-damage|p2a: Chansey|565\/704|[from] Stealth Rock
|move|p1a: Slowbro|Scald|p2a: Chansey
|-damage|p2a: Chansey|498\/704
|
|-damage|p1a: Slowbro|224\/390 brn|[from] brn
|turn|133
|
|switch|p1a: Mandibuzz|Mandibuzz, F|272\/420
|-damage|p1a: Mandibuzz|167\/420|[from] Stealth Rock
|move|p2a: Chansey|Seismic Toss|p1a: Mandibuzz
|-damage|p1a: Mandibuzz|67\/420
|
|turn|134
|
|switch|p2a: Gliscor|Gliscor, M|353\/353 tox
|-damage|p2a: Gliscor|309\/353 tox|[from] Stealth Rock
|move|p1a: Mandibuzz|Roost|p1a: Mandibuzz
|-heal|p1a: Mandibuzz|277\/420
|
|-heal|p2a: Gliscor|353\/353 tox|[from] ability: Poison Heal
|turn|135
|
|switch|p2a: Slowbro'ed|Slowbro, F, shiny|394\/394 tox
|-damage|p2a: Slowbro'ed|345\/394 tox|[from] Stealth Rock
|move|p1a: Mandibuzz|Taunt|p2a: Slowbro'ed
|-start|p2a: Slowbro'ed|move: Taunt
|
|-damage|p2a: Slowbro'ed|321\/394 tox|[from] psn
|turn|136
|
|move|p1a: Mandibuzz|Taunt|p2a: Slowbro'ed
|-fail|p2a: Slowbro'ed
|move|p2a: Slowbro'ed|Scald|p1a: Mandibuzz
|-damage|p1a: Mandibuzz|180\/420
|
|-damage|p2a: Slowbro'ed|273\/394 tox|[from] psn
|turn|137
|
|move|p1a: Mandibuzz|Foul Play|p2a: Slowbro'ed
|-supereffective|p2a: Slowbro'ed
|-damage|p2a: Slowbro'ed|169\/394 tox
|move|p2a: Slowbro'ed|Scald|p1a: Mandibuzz
|-damage|p1a: Mandibuzz|87\/420
|
|-damage|p2a: Slowbro'ed|97\/394 tox|[from] psn
|turn|138
|
|switch|p2a: Gliscor|Gliscor, M|353\/353 tox
|-damage|p2a: Gliscor|309\/353 tox|[from] Stealth Rock
|move|p1a: Mandibuzz|Taunt|p2a: Gliscor
|-start|p2a: Gliscor|move: Taunt
|
|-heal|p2a: Gliscor|353\/353 tox|[from] ability: Poison Heal
|turn|139
|
|move|p2a: Gliscor|Knock Off|p1a: Mandibuzz
|-resisted|p1a: Mandibuzz
|-damage|p1a: Mandibuzz|70\/420
|move|p1a: Mandibuzz|Roost|p1a: Mandibuzz
|-heal|p1a: Mandibuzz|280\/420
|
|turn|140
|
|switch|p2a: Slowbro'ed|Slowbro, F, shiny|228\/394 tox
|-damage|p2a: Slowbro'ed|179\/394 tox|[from] Stealth Rock
|move|p1a: Mandibuzz|Roost|p1a: Mandibuzz
|-heal|p1a: Mandibuzz|420\/420
|
|-damage|p2a: Slowbro'ed|155\/394 tox|[from] psn
|turn|141
|
|switch|p2a: Gliscor|Gliscor, M|353\/353 tox
|-damage|p2a: Gliscor|309\/353 tox|[from] Stealth Rock
|move|p1a: Mandibuzz|Taunt|p2a: Gliscor
|-start|p2a: Gliscor|move: Taunt
|
|-heal|p2a: Gliscor|353\/353 tox|[from] ability: Poison Heal
|turn|142
|
|switch|p2a: Slowbro'ed|Slowbro, F, shiny|286\/394 tox
|-damage|p2a: Slowbro'ed|237\/394 tox|[from] Stealth Rock
|move|p1a: Mandibuzz|Foul Play|p2a: Slowbro'ed
|-supereffective|p2a: Slowbro'ed
|-damage|p2a: Slowbro'ed|121\/394 tox
|
|-damage|p2a: Slowbro'ed|97\/394 tox|[from] psn
|turn|143
|
|switch|p2a: Gliscor|Gliscor, M|353\/353 tox
|-damage|p2a: Gliscor|309\/353 tox|[from] Stealth Rock
|move|p1a: Mandibuzz|Taunt|p2a: Gliscor
|-start|p2a: Gliscor|move: Taunt
|
|-heal|p2a: Gliscor|353\/353 tox|[from] ability: Poison Heal
|turn|144
|
|move|p2a: Gliscor|Knock Off|p1a: Mandibuzz
|-resisted|p1a: Mandibuzz
|-damage|p1a: Mandibuzz|402\/420
|move|p1a: Mandibuzz|Foul Play|p2a: Gliscor
|-damage|p2a: Gliscor|262\/353 tox
|
|-heal|p2a: Gliscor|306\/353 tox|[from] ability: Poison Heal
|turn|145
|
|switch|p2a: Slowbro'ed|Slowbro, F, shiny|228\/394 tox
|-damage|p2a: Slowbro'ed|179\/394 tox|[from] Stealth Rock
|move|p1a: Mandibuzz|Foul Play|p2a: Slowbro'ed
|-supereffective|p2a: Slowbro'ed
|-damage|p2a: Slowbro'ed|75\/394 tox
|
|-damage|p2a: Slowbro'ed|51\/394 tox|[from] psn
|turn|146
|
|switch|p2a: Gliscor|Gliscor, M|306\/353 tox
|-damage|p2a: Gliscor|262\/353 tox|[from] Stealth Rock
|move|p1a: Mandibuzz|Taunt|p2a: Gliscor
|-start|p2a: Gliscor|move: Taunt
|
|-heal|p2a: Gliscor|306\/353 tox|[from] ability: Poison Heal
|turn|147
|
|switch|p2a: Chansey|Chansey, F|498\/704
|-damage|p2a: Chansey|410\/704|[from] Stealth Rock
|move|p1a: Mandibuzz|Foul Play|p2a: Chansey
|-damage|p2a: Chansey|382\/704
|
|turn|148
|
|move|p1a: Mandibuzz|Taunt|p2a: Chansey
|-start|p2a: Chansey|move: Taunt
|cant|p2a: Chansey|move: Taunt|Soft-Boiled
|
|turn|149
|
|switch|p1a: Tyranitar|Tyranitar, F|342\/342
|-damage|p1a: Tyranitar|300\/342|[from] Stealth Rock
|-weather|Sandstorm
|switch|p2a: Gliscor|Gliscor, M|306\/353 tox
|-damage|p2a: Gliscor|262\/353 tox|[from] Stealth Rock
|
|-weather|Sandstorm|[upkeep]
|-heal|p2a: Gliscor|306\/353 tox|[from] ability: Poison Heal
|turn|150
|
|switch|p1a: Gliscor|Gliscor, F|350\/350 tox
|-damage|p1a: Gliscor|307\/350 tox|[from] Stealth Rock
|move|p2a: Gliscor|Earthquake|p1a: Gliscor
|-immune|p1a: Gliscor|[msg]
|
|-weather|Sandstorm|[upkeep]
|-heal|p1a: Gliscor|350\/350 tox|[from] ability: Poison Heal
|-heal|p2a: Gliscor|350\/353 tox|[from] ability: Poison Heal
|turn|151
|-message|Mistaken forfeited.
|c|âMistaken|gg
|
|win|don't use mega
|raw|Ladder updating...
|raw|don&apos;t use mega's rating: 1723 &rarr; <strong>1739<\/strong><br \/>(+16 for winning)
|raw|Mistaken's rating: 1650 &rarr; <strong>1634<\/strong><br \/>(-16 for losing)
|leave|Mistaken
|player|p2