|join|lil manaphy
|join|Mistaken
|player|p1|lil manaphy|272
|player|p2|Mistaken|264
|gametype|singles
|gen|6
|tier|OU
|rated
|clearpoke
|poke|p1|Lopunny, M
|poke|p1|Manaphy
|poke|p1|Scizor, M
|poke|p1|Celebi
|poke|p1|Heatran, M
|poke|p1|Mandibuzz, F
|poke|p2|Garchomp, F
|poke|p2|Thundurus, M
|poke|p2|Azumarill, M
|poke|p2|Landorus-Therian, M
|poke|p2|Bisharp, M
|poke|p2|Metagross, shiny
|rule|Swagger Clause: Swagger is banned
|rule|Baton Pass Clause: Limit one PokÃ©mon knowing Baton Pass
|rule|Sleep Clause Mod: Limit one foe put to sleep
|rule|Species Clause: Limit one of each PokÃ©mon
|rule|OHKO Clause: OHKO moves are banned
|rule|Moody Clause: Moody is banned
|rule|Evasion Moves Clause: Evasion moves are banned
|rule|Endless Battle Clause: Forcing endless battles is banned
|rule|HP Percentage Mod: HP is shown in percentages
|teampreview
|c|âMistaken|again lol
|c|âMistaken|i just got on
|
|start
|switch|p1a: Lopunny|Lopunny, M|271\/271
|switch|p2a: Uncle Iro|Garchomp, F|357\/357
|turn|1
|
|detailschange|p1a: Lopunny|Lopunny-Mega, M
|-mega|p1a: Lopunny|Lopunny|Lopunnite
|move|p1a: Lopunny|Fake Out|p2a: Uncle Iro
|-crit|p2a: Uncle Iro
|-damage|p2a: Uncle Iro|230\/357
|-damage|p1a: Lopunny|238\/271|[from] ability: Rough Skin|[of] p2a: Uncle Iro
|-damage|p1a: Lopunny|193\/271|[from] item: Rocky Helmet|[of] p2a: Uncle Iro
|cant|p2a: Uncle Iro|flinch
|
|turn|2
|c|âMistaken|again with 1st turn crit
|
|switch|p1a: Mandibuzz|Mandibuzz, F|423\/423
|move|p2a: Uncle Iro|Stealth Rock|p1a: Mandibuzz
|-sidestart|p1: lil manaphy|move: Stealth Rock
|
|turn|3
|
|switch|p2a: Azula|Azumarill, M|350\/350
|move|p1a: Mandibuzz|Foul Play|p2a: Azula
|-resisted|p2a: Azula
|-damage|p2a: Azula|291\/350
|
|turn|4
|
|switch|p1a: Scizor|Scizor, M|343\/343
|-damage|p1a: Scizor|301\/343|[from] Stealth Rock
|move|p2a: Azula|Play Rough|p1a: Scizor
|-resisted|p1a: Scizor
|-damage|p1a: Scizor|154\/343
|
|turn|5
|
|switch|p2a: Uncle Iro|Garchomp, F|230\/357
|move|p1a: Scizor|U-turn|p2a: Uncle Iro
|-damage|p2a: Uncle Iro|0 fnt
|-damage|p1a: Scizor|112\/343|[from] ability: Rough Skin|[of] p2a: Uncle Iro
|-damage|p1a: Scizor|55\/343|[from] item: Rocky Helmet|[of] p2a: Uncle Iro
|faint|p2a: Uncle Iro
|
|switch|p1a: Lopunny|Lopunny-Mega, M|193\/271
|-damage|p1a: Lopunny|177\/271|[from] Stealth Rock
|
|join|smogon test123
|
|switch|p2a: Dogs Out|Landorus-Therian, M|325\/325
|-ability|p2a: Dogs Out|Intimidate|[of] p1a: Lopunny
|-unboost|p1a: Lopunny|atk|1
|turn|6
|
|move|p1a: Lopunny|Fake Out|p2a: Dogs Out
|-damage|p2a: Dogs Out|271\/325
|cant|p2a: Dogs Out|flinch
|
|turn|7
|join|belli
|join|Druides
|
|switch|p1a: Scizor|Scizor, M|55\/343
|-damage|p1a: Scizor|13\/343|[from] Stealth Rock
|move|p2a: Dogs Out|Earthquake|p1a: Scizor
|-damage|p1a: Scizor|0 fnt
|faint|p1a: Scizor
|
|join|Reud
|c| belli|That kids team is
|c| belli|baaaaad
|
|switch|p1a: Mandibuzz|Mandibuzz, F|423\/423
|-damage|p1a: Mandibuzz|318\/423|[from] Stealth Rock
|turn|8
|join|dstwo
Mistaken turned on modjoin.
|raw|<div class="broadcast-red"><b>Moderated chat was set to +!<\/b><br \/>Only users of rank + and higher can talk.<\/div>
Mistaken made this room hidden.
|
|switch|p2a: Azula|Azumarill, M|291\/350
|move|p1a: Mandibuzz|Defog|p2a: Azula
|-unboost|p2a: Azula|evasion|1
|-sideend|p1: lil manaphy|Stealth Rock|[from] move: Defog|[of] p1a: Mandibuzz
|
|turn|9
|
|switch|p1a: Celebi|Celebi|404\/404
|move|p2a: Azula|Play Rough|p1a: Celebi
|-damage|p1a: Celebi|110\/404
|
|-heal|p1a: Celebi|135\/404|[from] item: Leftovers
|turn|10
|
|switch|p2a: TOPH|Metagross, shiny|301\/301
|move|p1a: Celebi|Baton Pass|p1a: Celebi
|
|switch|p1a: Mandibuzz|Mandibuzz, F|318\/423
|
|turn|11
|
|switch|p2a: Zeus|Thundurus, M|299\/299
|move|p1a: Mandibuzz|Foul Play|p2a: Zeus
|-damage|p2a: Zeus|146\/299
|
|turn|12
|
|switch|p1a: Heatran|Heatran, M|386\/386
|move|p2a: Zeus|Hidden Power|p1a: Heatran
|-resisted|p1a: Heatran
|-damage|p1a: Heatran|370\/386
|-damage|p2a: Zeus|117\/299|[from] item: Life Orb
|
|-heal|p1a: Heatran|386\/386|[from] item: Leftovers
|turn|13
|leave|belli
|
|move|p2a: Zeus|Focus Blast|p1a: Heatran
|-supereffective|p1a: Heatran
|-damage|p1a: Heatran|147\/386
|-damage|p2a: Zeus|88\/299|[from] item: Life Orb
|move|p1a: Heatran|Stealth Rock|p2a: Zeus
|-sidestart|p2: Mistaken|move: Stealth Rock
|
|-heal|p1a: Heatran|171\/386|[from] item: Leftovers
|turn|14
|
|move|p1a: Heatran|Protect|p1a: Heatran
|-singleturn|p1a: Heatran|Protect
|move|p2a: Zeus|Focus Blast|p1a: Heatran
|-activate|p1a: Heatran|Protect
|
|-heal|p1a: Heatran|195\/386|[from] item: Leftovers
|turn|15
|
|move|p2a: Zeus|Focus Blast|p1a: Heatran
|-supereffective|p1a: Heatran
|-damage|p1a: Heatran|0 fnt
|-damage|p2a: Zeus|59\/299|[from] item: Life Orb
|faint|p1a: Heatran
|
|
|switch|p1a: Lopunny|Lopunny-Mega, M|177\/271
|turn|16
|
|switch|p2a: TOPH|Metagross, shiny|301\/301
|-damage|p2a: TOPH|283\/301|[from] Stealth Rock
|move|p1a: Lopunny|Fake Out|p2a: TOPH
|-resisted|p2a: TOPH
|-damage|p2a: TOPH|253\/301
|
|turn|17
|
|switch|p1a: Mandibuzz|Mandibuzz, F|318\/423
|detailschange|p2a: TOPH|Metagross-Mega, shiny
|-mega|p2a: TOPH|Metagross|Metagrossite
|move|p2a: TOPH|Ice Punch|p1a: Mandibuzz
|-supereffective|p1a: Mandibuzz
|-damage|p1a: Mandibuzz|140\/423
|-damage|p2a: TOPH|203\/301|[from] item: Rocky Helmet|[of] p1a: Mandibuzz
|
|turn|18
|
|switch|p1a: small|Manaphy|341\/341
|move|p2a: TOPH|Ice Punch|p1a: small
|-resisted|p1a: small
|-damage|p1a: small|277\/341
|-status|p1a: small|frz
|
|-heal|p1a: small|298\/341 frz|[from] item: Leftovers
|turn|19
|
|move|p2a: TOPH|Zen Headbutt|p1a: small
|-damage|p1a: small|81\/341 frz
|-curestatus|p1a: small|frz
|cant|p1a: small|flinch
|
|-heal|p1a: small|102\/341|[from] item: Leftovers
|turn|20
|
|switch|p1a: Mandibuzz|Mandibuzz, F|140\/423
|move|p2a: TOPH|Zen Headbutt|p1a: Mandibuzz
|-immune|p1a: Mandibuzz|[msg]
|
|turn|21
|
|move|p2a: TOPH|Ice Punch|p1a: Mandibuzz
|-supereffective|p1a: Mandibuzz
|-damage|p1a: Mandibuzz|0 fnt
|-damage|p2a: TOPH|153\/301|[from] item: Rocky Helmet|[of] p1a: Mandibuzz
|faint|p1a: Mandibuzz
|
|
|switch|p1a: Lopunny|Lopunny-Mega, M|177\/271
|turn|22
|
|switch|p2a: Zeus|Thundurus, M|59\/299
|-damage|p2a: Zeus|0 fnt|[from] Stealth Rock
|faint|p2a: Zeus
|move|p1a: Lopunny|Fake Out|p2: Zeus|[notarget]
|-notarget
|
|
|switch|p2a: Dogs Out|Landorus-Therian, M|271\/325
|-damage|p2a: Dogs Out|231\/325|[from] Stealth Rock
|-ability|p2a: Dogs Out|Intimidate|[of] p1a: Lopunny
|-unboost|p1a: Lopunny|atk|1
|turn|23
|
|move|p2a: Dogs Out|Earthquake|p1a: Lopunny
|-damage|p1a: Lopunny|0 fnt
|faint|p1a: Lopunny
|
|-message|lil manaphy forfeited.
|leave|lil manaphy
|
|win|Mistaken
|raw|Ladder updating...
|player|p1
|raw|lil manaphy's rating: 1667 &rarr; <strong>1646<\/strong><br \/>(-21 for losing)
|raw|Mistaken's rating: 1662 &rarr; <strong>1682<\/strong><br \/>(+20 for winning)