|join|Mistaken
|join|MoB Barley
|player|p1|Mistaken|264
|player|p2|MoB Barley|161
|gametype|singles
|gen|6
|tier|OU (suspect test)
|clearpoke
|poke|p1|Garchomp, M
|poke|p1|Thundurus, M
|poke|p1|Azumarill, F
|poke|p1|Landorus-Therian, M
|poke|p1|Bisharp, F
|poke|p1|Metagross, shiny
|poke|p2|Azumarill, M
|poke|p2|Gallade, M, shiny
|poke|p2|Tyranitar, M
|poke|p2|Latios, M
|poke|p2|Landorus, M, shiny
|poke|p2|Gengar, M
|rule|Swagger Clause: Swagger is banned
|rule|Baton Pass Clause: Limit one PokÃ©mon knowing Baton Pass
|rule|Sleep Clause Mod: Limit one foe put to sleep
|rule|Species Clause: Limit one of each PokÃ©mon
|rule|OHKO Clause: OHKO moves are banned
|rule|Moody Clause: Moody is banned
|rule|Evasion Moves Clause: Evasion moves are banned
|rule|Endless Battle Clause: Forcing endless battles is banned
|rule|HP Percentage Mod: HP is shown in percentages
|teampreview
|c|âMistaken|gl
|c|âMoB Barley|one second
|join|Alkov
|join|Henry
|join|kratosmana
|
|start
|switch|p1a: Zeus|Thundurus, M|299\/299
|switch|p2a: Gengar|Gengar, M|261\/261
|turn|1
|c|âMoB Barley|gl
|
|switch|p2a: Tyranitar|Tyranitar, M|341\/341
|-weather|Sandstorm
|move|p1a: Zeus|Thunderbolt|p2a: Tyranitar
|-damage|p2a: Tyranitar|207\/341
|-damage|p1a: Zeus|270\/299|[from] item: Life Orb
|
|-weather|Sandstorm|[upkeep]
|-damage|p1a: Zeus|252\/299|[from] sandstorm
|turn|2
|join|Squirrelll
|
|switch|p1a: Dogs Out|Landorus-Therian, M|325\/325
|-ability|p1a: Dogs Out|Intimidate|[of] p2a: Tyranitar
|-unboost|p2a: Tyranitar|atk|1
|move|p2a: Tyranitar|Stone Edge|p1a: Dogs Out
|-damage|p1a: Dogs Out|201\/325
|
|-weather|Sandstorm|[upkeep]
|turn|3
|
|switch|p2a: Gengar|Gengar, M|261\/261
|move|p1a: Dogs Out|U-turn|p2a: Gengar
|-resisted|p2a: Gengar
|-damage|p2a: Gengar|228\/261
|
|switch|p1a: Zeus|Thundurus, M|252\/299
|
|-weather|Sandstorm|[upkeep]
|-damage|p1a: Zeus|234\/299|[from] sandstorm
|-damage|p2a: Gengar|212\/261|[from] sandstorm
|turn|4
|
|switch|p2a: Latios|Latios, M|301\/301
|move|p1a: Zeus|Thunderbolt|p2a: Latios
|-resisted|p2a: Latios
|-damage|p2a: Latios|214\/301
|-damage|p1a: Zeus|205\/299|[from] item: Life Orb
|
|-weather|Sandstorm|[upkeep]
|-damage|p1a: Zeus|187\/299|[from] sandstorm
|-damage|p2a: Latios|196\/301|[from] sandstorm
|turn|5
|
|switch|p1a: Metagross|Metagross, shiny|301\/301
|switch|p2a: Azumarill|Azumarill, M|381\/381
|
|-weather|none
|turn|6
|
|detailschange|p1a: Metagross|Metagross-Mega, shiny
|-mega|p1a: Metagross|Metagross|Metagrossite
|move|p1a: Metagross|Meteor Mash|p2a: Azumarill
|-damage|p2a: Azumarill|89\/381
|-boost|p1a: Metagross|atk|1
|move|p2a: Azumarill|Waterfall|p1a: Metagross
|-damage|p1a: Metagross|115\/301
|
|turn|7
|
|move|p1a: Metagross|Meteor Mash|p2a: Azumarill
|-damage|p2a: Azumarill|0 fnt
|faint|p2a: Azumarill
|
|join|thepack
|
|switch|p2a: Tyranitar|Tyranitar, M|207\/341
|-weather|Sandstorm
|turn|8
|c| Squirrelll|mega meta is a piece of shit
|c|âMistaken|sableye is worse
|
|move|p2a: Tyranitar|Pursuit|p1a: Metagross
|-supereffective|p1a: Metagross
|-damage|p1a: Metagross|17\/301
|move|p1a: Metagross|Meteor Mash|p2a: Tyranitar|[miss]
|-miss|p1a: Metagross|p2a: Tyranitar
|
|-weather|Sandstorm|[upkeep]
|turn|9
|c| Squirrelll|close to equals imo
|c|âMoB Barley|lol nb
|c|âMistaken|:(
|c|âMoB Barley|figured you knew i was scarf by now
|c|âMistaken|i did
|
|move|p2a: Tyranitar|Pursuit|p1a: Metagross
|-supereffective|p1a: Metagross
|-damage|p1a: Metagross|0 fnt
|faint|p1a: Metagross
|
|-weather|Sandstorm|[upkeep]
|join|Biz
|c|âMistaken|but feared pusuit
|c| Alkov|set up SD on sharp and win y\/y
|
|switch|p1a: Dragon Spotted|Garchomp, M|357\/357
|turn|10
|c|âMistaken|no fun
|
|switch|p2a: Gengar|Gengar, M|212\/261
|move|p1a: Dragon Spotted|Stealth Rock|p2a: Gengar
|-sidestart|p2: MoB Barley|move: Stealth Rock
|
|-weather|Sandstorm|[upkeep]
|-damage|p2a: Gengar|196\/261|[from] sandstorm
|turn|11
|
|move|p2a: Gengar|Will-O-Wisp|p1a: Dragon Spotted
|-status|p1a: Dragon Spotted|brn
|move|p1a: Dragon Spotted|Dragon Claw|p2a: Gengar
|-damage|p2a: Gengar|96\/261
|
|-weather|Sandstorm|[upkeep]
|-damage|p2a: Gengar|80\/261|[from] sandstorm
|-damage|p1a: Dragon Spotted|313\/357 brn|[from] brn
|turn|12
|
|move|p2a: Gengar|Pain Split|p1a: Dragon Spotted
|-sethp|p1a: Dragon Spotted|196\/357 brn|p2a: Gengar|196\/261|[from] move: Pain Split
|move|p1a: Dragon Spotted|Dragon Claw|p2a: Gengar
|-damage|p2a: Gengar|87\/261
|
|-weather|none
|-damage|p1a: Dragon Spotted|152\/357 brn|[from] brn
|turn|13
|c|âMistaken|yeah that would be bad 4 sharp
|join|LT3A Dragonuser
|
|move|p2a: Gengar|Shadow Ball|p1a: Dragon Spotted
|-damage|p1a: Dragon Spotted|0 fnt
|-damage|p2a: Gengar|61\/261|[from] item: Life Orb
|faint|p1a: Dragon Spotted
|
|
|switch|p1a: Azula|Azumarill, F|350\/350
|turn|14
|
|switch|p2a: Latios|Latios, M|196\/301
|-damage|p2a: Latios|159\/301|[from] Stealth Rock
|move|p1a: Azula|Aqua Jet|p2a: Latios
|-crit|p2a: Latios
|-resisted|p2a: Latios
|-damage|p2a: Latios|43\/301
|
|turn|15
|c|âMistaken|damn
|
|move|p1a: Azula|Aqua Jet|p2a: Latios
|-resisted|p2a: Latios
|-damage|p2a: Latios|0 fnt
|faint|p2a: Latios
|
|
|switch|p2a: Landorus|Landorus, M, shiny|319\/319
|-damage|p2a: Landorus|280\/319|[from] Stealth Rock
|turn|16
|
|move|p1a: Azula|Aqua Jet|p2a: Landorus
|-supereffective|p2a: Landorus
|-damage|p2a: Landorus|0 fnt
|faint|p2a: Landorus
|
|c|âMoB Barley|gg
|-message|MoB Barley forfeited.
|c|âMistaken|gg
|leave|MoB Barley
|leave|Alkov
|leave|thepack
|
|win|Mistaken
|player|p2