|join|Mistaken
|join|Fuck Fakie
|player|p1|Mistaken|92
|player|p2|Fuck Fakie|115
|gametype|singles
|gen|6
|tier|OU (suspect test)
|rated
|clearpoke
|poke|p1|Terrakion
|poke|p1|Keldeo
|poke|p1|Gallade, M
|poke|p1|Latios, M
|poke|p1|Landorus-Therian, M
|poke|p1|Raikou
|poke|p2|Charizard, F, shiny
|poke|p2|Landorus-Therian, M
|poke|p2|Garchomp, F
|poke|p2|Starmie, shiny
|poke|p2|Scizor, M
|poke|p2|Kyurem-Black
|rule|Swagger Clause: Swagger is banned
|rule|Baton Pass Clause: Limit one PokÃ©mon knowing Baton Pass
|rule|Sleep Clause Mod: Limit one foe put to sleep
|rule|Species Clause: Limit one of each PokÃ©mon
|rule|OHKO Clause: OHKO moves are banned
|rule|Moody Clause: Moody is banned
|rule|Evasion Moves Clause: Evasion moves are banned
|rule|Endless Battle Clause: Forcing endless battles is banned
|rule|HP Percentage Mod: HP is shown in percentages
|teampreview
|join|Quavo The Magician
|
|start
|switch|p1a: Terrakion|Terrakion|323\/323
|switch|p2a: Landorus-Therian|Landorus-Therian, M|319\/319
|-ability|p2a: Landorus-Therian|Intimidate|[of] p1a: Terrakion
|-unboost|p1a: Terrakion|atk|1
|turn|1
|
|move|p2a: Landorus-Therian|Earthquake|p1a: Terrakion
|-supereffective|p1a: Terrakion
|-enditem|p1a: Terrakion|Focus Sash
|-damage|p1a: Terrakion|1\/323
|move|p1a: Terrakion|Stealth Rock|p2a: Landorus-Therian
|-sidestart|p2: Fuck Fakie|move: Stealth Rock
|
|turn|2
|
|switch|p2a: Starmie|Starmie, shiny|261\/261
|-damage|p2a: Starmie|229\/261|[from] Stealth Rock
|switch|p1a: Landorus-Therian|Landorus-Therian, M|325\/325
|-ability|p1a: Landorus-Therian|Intimidate|[of] p2a: Starmie
|-unboost|p2a: Starmie|atk|1
|
|turn|3
|
|move|p1a: Landorus-Therian|U-turn|p2a: Starmie
|-supereffective|p2a: Starmie
|-damage|p2a: Starmie|27\/261
|
|switch|p1a: Terrakion|Terrakion|1\/323
|move|p2a: Starmie|Rapid Spin|p1a: Terrakion
|-resisted|p1a: Terrakion
|-damage|p1a: Terrakion|0 fnt
|-sideend|p2: Fuck Fakie|Stealth Rock|[from] move: Rapid Spin|[of] p2a: Starmie
|-damage|p2a: Starmie|1\/261|[from] item: Life Orb
|faint|p1a: Terrakion
|
|join|dude09666
|
|switch|p1a: Landorus-Therian|Landorus-Therian, M|325\/325
|-ability|p1a: Landorus-Therian|Intimidate|[of] p2a: Starmie
|-unboost|p2a: Starmie|atk|1
|turn|4
|
|switch|p2a: Landorus-Therian|Landorus-Therian, M|319\/319
|-ability|p2a: Landorus-Therian|Intimidate|[of] p1a: Landorus-Therian
|-unboost|p1a: Landorus-Therian|atk|1
|move|p1a: Landorus-Therian|U-turn|p2a: Landorus-Therian
|-resisted|p2a: Landorus-Therian
|-damage|p2a: Landorus-Therian|283\/319
|
|switch|p1a: Keldeo|Keldeo|323\/323
|
|turn|5
|
|move|p2a: Landorus-Therian|U-turn|p1a: Keldeo
|-resisted|p1a: Keldeo
|-damage|p1a: Keldeo|276\/323
|
|switch|p2a: Starmie|Starmie, shiny|1\/261
|move|p1a: Keldeo|Scald|p2a: Starmie
|-resisted|p2a: Starmie
|-damage|p2a: Starmie|0 fnt
|faint|p2a: Starmie
|
|
|switch|p2a: Kyurem-Black|Kyurem-Black|404\/404
|-ability|p2a: Kyurem-Black|Teravolt
|turn|6
|
|switch|p1a: Raikou|Raikou|321\/321
|-ability|p1a: Raikou|Pressure
|move|p2a: Kyurem-Black|Substitute|p2a: Kyurem-Black
|-start|p2a: Kyurem-Black|Substitute
|-damage|p2a: Kyurem-Black|303\/404
|
|-heal|p2a: Kyurem-Black|328\/404|[from] item: Leftovers
|turn|7
|
|move|p1a: Raikou|Hidden Power|p2a: Kyurem-Black
|-activate|p2a: Kyurem-Black|Substitute|[damage]
|move|p2a: Kyurem-Black|Outrage|p1a: Raikou
|-damage|p1a: Raikou|0 fnt
|faint|p1a: Raikou
|
|-heal|p2a: Kyurem-Black|353\/404|[from] item: Leftovers
|
|switch|p1a: Landorus-Therian|Landorus-Therian, M|325\/325
|-activate|p2a: Kyurem-Black|Substitute|ability: Intimidate|[of] p1a: Landorus-Therian
|turn|8
|leave|dude09666
|
|move|p1a: Landorus-Therian|Earthquake|p2a: Kyurem-Black
|-end|p2a: Kyurem-Black|Substitute
|move|p2a: Kyurem-Black|Outrage|p1a: Landorus-Therian
|-damage|p1a: Landorus-Therian|0 fnt
|faint|p1a: Landorus-Therian
|
|-end|p2a: Kyurem-Black|rampage
|-start|p2a: Kyurem-Black|confusion
|-heal|p2a: Kyurem-Black|378\/404|[from] item: Leftovers
|
|switch|p1a: Gallade|Gallade, M|277\/277
|turn|9
|
|switch|p2a: Garchomp|Garchomp, F|378\/378
|detailschange|p1a: Gallade|Gallade-Mega, M
|-mega|p1a: Gallade|Gallade|Galladite
|move|p1a: Gallade|Close Combat|p2a: Garchomp
|-damage|p2a: Garchomp|143\/378
|-damage|p1a: Gallade|243\/277|[from] ability: Rough Skin|[of] p2a: Garchomp
|-unboost|p1a: Gallade|def|1
|-unboost|p1a: Gallade|spd|1
|
|turn|10
|
|move|p1a: Gallade|Ice Punch|p2a: Garchomp
|-supereffective|p2a: Garchomp
|-damage|p2a: Garchomp|0 fnt
|-damage|p1a: Gallade|209\/277|[from] ability: Rough Skin|[of] p2a: Garchomp
|faint|p2a: Garchomp
|
|
|switch|p2a: Scizor|Scizor, M|343\/343
|turn|11
|
|move|p2a: Scizor|Pursuit|p1a: Gallade|[from]Pursuit
|-damage|p1a: Gallade|0 fnt
|faint|p1a: Gallade
|
|
|switch|p1a: Keldeo|Keldeo|276\/323
|turn|12
|
|switch|p2a: Charizard|Charizard, F, shiny|297\/297
|move|p1a: Keldeo|Hydro Pump|p2a: Charizard|[miss]
|-miss|p1a: Keldeo|p2a: Charizard
|
|turn|13
|
|detailschange|p2a: Charizard|Charizard-Mega-Y, F, shiny
|-mega|p2a: Charizard|Charizard|Charizardite Y
|-weather|SunnyDay
|move|p1a: Keldeo|Hydro Pump|p2a: Charizard|[miss]
|-miss|p1a: Keldeo|p2a: Charizard
|move|p2a: Charizard|Solar Beam|p1a: Keldeo|[still]
|-prepare|p2a: Charizard|Solar Beam|p1a: Keldeo
|-anim|p2a: Charizard|Solar Beam|p1a: Keldeo
|-supereffective|p1a: Keldeo
|-damage|p1a: Keldeo|0 fnt
|faint|p1a: Keldeo
|
|-weather|SunnyDay|[upkeep]
|
|switch|p1a: Latios|Latios, M|301\/301
|turn|14
|c|âFuck Fakie|haha
|c| Quavo The Magician|lol
|-message|Mistaken forfeited.
|
|win|Fuck Fakie
|raw|Ladder updating...
|leave|Mistaken
|player|p1
|raw|Mistaken's rating: 1435 &rarr; <strong>1409<\/strong><br \/>(-26 for losing)
|raw|Fuck Fakie's rating: 1312 &rarr; <strong>1339<\/strong><br \/>(+27 for winning)
|leave|Quavo The Magician