|join|MartinSousRace
|join|toiletpkay
|player|p1|MartinSousRace|264
|player|p2|toiletpkay|293
|gametype|singles
|gen|6
|tier|OU
|rated
|clearpoke
|poke|p1|Medicham, M, shiny
|poke|p1|Scizor, F
|poke|p1|Milotic, F
|poke|p1|Gliscor, M
|poke|p1|Seismitoad, M
|poke|p1|Zapdos, shiny
|poke|p2|Azumarill, F
|poke|p2|Greninja, M
|poke|p2|Manectric, F
|poke|p2|Victini
|poke|p2|Landorus-Therian, M
|poke|p2|Cloyster, M
|rule|Sleep Clause Mod: Limit one foe put to sleep
|rule|Species Clause: Limit one of each Pokemon
|rule|OHKO Clause: OHKO moves are banned
|rule|Moody Clause: Moody is banned
|rule|Evasion Moves Clause: Evasion moves are banned
|rule|Endless Battle Clause: Forcing endless battles is banned.
|rule|HP Percentage Mod: HP is reported as percentages
|teampreview
|
|start
|switch|p1a: Jojo|Medicham, M, shiny|261\/261
|switch|p2a: Landorus-Therian|Landorus-Therian, M|319\/319
|-ability|p2a: Landorus-Therian|Intimidate|[of] p1a: Jojo
|-unboost|p1a: Jojo|atk|1
|turn|1
|
|switch|p2a: Victini|Victini|341\/341
|detailschange|p1a: Jojo|Medicham-Mega, M, shiny
|message|Medicham has Mega Evolved into Mega Medicham!
|move|p1a: Jojo|Fake Out|p2a: Victini
|-damage|p2a: Victini|286\/341
|
|turn|2
|
|switch|p1a: Kanary|Zapdos, shiny|382\/382
|-ability|p1a: Kanary|Pressure
|move|p2a: Victini|V-create|p1a: Kanary
|-damage|p1a: Kanary|70\/382
|-unboost|p2a: Victini|def|1
|-unboost|p2a: Victini|spd|1
|-unboost|p2a: Victini|spe|1
|-damage|p2a: Victini|252\/341|[from] item: Life Orb
|
|-heal|p1a: Kanary|93\/382|[from] item: Leftovers
|turn|3
|
|move|p1a: Kanary|Roost|p1a: Kanary
|-heal|p1a: Kanary|284\/382
|move|p2a: Victini|V-create|p1a: Kanary
|-damage|p1a: Kanary|0 fnt
|-unboost|p2a: Victini|def|1
|-unboost|p2a: Victini|spd|1
|-unboost|p2a: Victini|spe|1
|-damage|p2a: Victini|218\/341|[from] item: Life Orb
|faint|p1a: Kanary
|
|
|switch|p1a: Scizor|Scizor, F|292\/292
|turn|4
|
|move|p1a: Scizor|Pursuit|p2a: Victini|[from]Pursuit
|-supereffective|p2a: Victini
|-damage|p2a: Victini|0 fnt
|faint|p2a: Victini
|
|
|switch|p2a: Landorus-Therian|Landorus-Therian, M|319\/319
|-ability|p2a: Landorus-Therian|Intimidate|[of] p1a: Scizor
|-unboost|p1a: Scizor|atk|1
|turn|5
|
|switch|p1a: Nami|Milotic, F|394\/394
|move|p2a: Landorus-Therian|Knock Off|p1a: Nami
|-crit|p1a: Nami
|-damage|p1a: Nami|209\/394
|-enditem|p1a: Nami|Leftovers|[from] move: Knock Off|[of] p2a: Landorus-Therian
|
|turn|6
|
|move|p2a: Landorus-Therian|Earthquake|p1a: Nami
|-damage|p1a: Nami|34\/394
|move|p1a: Nami|Recover|p1a: Nami
|-heal|p1a: Nami|231\/394
|
|turn|7
|
|switch|p1a: Gay Lord|Gliscor, M|352\/352
|move|p2a: Landorus-Therian|Earthquake|p1a: Gay Lord
|-immune|p1a: Gay Lord|[msg]
|
|-status|p1a: Gay Lord|tox|[from] item: Toxic Orb
|turn|8
|
|move|p1a: Gay Lord|Taunt|p2a: Landorus-Therian
|-start|p2a: Landorus-Therian|move: Taunt
|move|p2a: Landorus-Therian|U-turn|p1a: Gay Lord
|-crit|p1a: Gay Lord
|-resisted|p1a: Gay Lord
|-damage|p1a: Gay Lord|297\/352 tox
|
|switch|p2a: Greninja|Greninja, M|286\/286
|
|-heal|p1a: Gay Lord|341\/352 tox|[from] ability: Poison Heal
|turn|9
|
|switch|p1a: Toat|Seismitoad, M|414\/414
|-start|p2a: Greninja|typechange|Water|[from] Protean
|move|p2a: Greninja|Hydro Pump|p1a: Toat
|-immune|p1a: Toat|[msg]
|
|turn|10
|
|switch|p2a: Cloyster|Cloyster, M|242\/242
|move|p1a: Toat|Stealth Rock|p2a: Cloyster
|-sidestart|p2: toiletpkay|move: Stealth Rock
|
|turn|11
|
|switch|p1a: Nami|Milotic, F|231\/394
|move|p2a: Cloyster|Shell Smash|p2a: Cloyster
|-boost|p2a: Cloyster|atk|2
|-boost|p2a: Cloyster|spa|2
|-boost|p2a: Cloyster|spe|2
|-unboost|p2a: Cloyster|def|1
|-unboost|p2a: Cloyster|spd|1
|
|turn|12
|chat|toiletpkay|screw ur stalls
|chat|toiletpkay|u mug
|
|move|p2a: Cloyster|Rock Blast|p1a: Nami
|-crit|p1a: Nami
|-damage|p1a: Nami|164\/394
|-damage|p1a: Nami|120\/394
|-damage|p1a: Nami|78\/394
|-damage|p1a: Nami|31\/394
|-damage|p1a: Nami|0 fnt
|-hitcount|p1a: Nami|5
|faint|p1a: Nami
|
|
|switch|p1a: Jojo|Medicham-Mega, M, shiny|261\/261
|turn|13
|
|move|p1a: Jojo|Fake Out|p2a: Cloyster
|-damage|p2a: Cloyster|175\/242
|cant|p2a: Cloyster|flinch
|
|turn|14
|
|move|p2a: Cloyster|Icicle Spear|p1a: Jojo
|-damage|p1a: Jojo|173\/261
|-damage|p1a: Jojo|85\/261
|-damage|p1a: Jojo|0 fnt
|-hitcount|p1a: Jojo|3
|faint|p1a: Jojo
|
|
|switch|p1a: Scizor|Scizor, F|292\/292
|turn|15
|
|move|p1a: Scizor|Bullet Punch|p2a: Cloyster
|-damage|p2a: Cloyster|4\/242
|move|p2a: Cloyster|Icicle Spear|p1a: Scizor
|-resisted|p1a: Scizor
|-damage|p1a: Scizor|256\/292
|-resisted|p1a: Scizor
|-damage|p1a: Scizor|214\/292
|-resisted|p1a: Scizor
|-damage|p1a: Scizor|174\/292
|-resisted|p1a: Scizor
|-damage|p1a: Scizor|135\/292
|-resisted|p1a: Scizor
|-damage|p1a: Scizor|94\/292
|-hitcount|p1a: Scizor|5
|
|turn|16
|chat|MartinSousRace|crit city too stronk
|chat|toiletpkay|what crit
|chat|toiletpkay|u dumb ass
|chat|toiletpkay|it didnt matter u had 50%
|chat|toiletpkay|my rock blast done 11%
|chat|toiletpkay|each hit
|chat|toiletpkay|u dumb moron
|
|move|p2a: Cloyster|Ice Shard|p1a: Scizor
|-resisted|p1a: Scizor
|-damage|p1a: Scizor|26\/292
|move|p1a: Scizor|Bullet Punch|p2a: Cloyster
|-damage|p2a: Cloyster|0 fnt
|faint|p2a: Cloyster
|
|chat|MartinSousRace|lol what ever
|
|switch|p2a: Greninja|Greninja, M|286\/286
|-damage|p2a: Greninja|251\/286|[from] Stealth Rock
|turn|17
|
|switch|p1a: Toat|Seismitoad, M|414\/414
|-start|p2a: Greninja|typechange|Dark|[from] Protean
|move|p2a: Greninja|Dark Pulse|p1a: Toat
|-damage|p1a: Toat|265\/414
|-damage|p2a: Greninja|223\/286|[from] item: Life Orb
|
|-heal|p1a: Toat|290\/414|[from] item: Leftovers
|turn|18
|
|-start|p2a: Greninja|typechange|Ice|[from] Protean
|move|p2a: Greninja|Ice Beam|p1a: Toat
|-damage|p1a: Toat|129\/414
|-damage|p2a: Greninja|195\/286|[from] item: Life Orb
|move|p1a: Toat|Ice Punch|p2a: Greninja
|-resisted|p2a: Greninja
|-damage|p2a: Greninja|156\/286
|
|-heal|p1a: Toat|154\/414|[from] item: Leftovers
|turn|19
|
|move|p1a: Toat|Protect|p1a: Toat
|-singleturn|p1a: Toat|Protect
|move|p2a: Greninja|Ice Beam|p1a: Toat
|-activate|p1a: Toat|Protect
|
|-heal|p1a: Toat|179\/414|[from] item: Leftovers
|turn|20
|
|move|p2a: Greninja|Ice Beam|p1a: Toat
|-damage|p1a: Toat|37\/414
|-damage|p2a: Greninja|128\/286|[from] item: Life Orb
|move|p1a: Toat|Earthquake|p2a: Greninja
|-damage|p2a: Greninja|0 fnt
|faint|p2a: Greninja
|
|-heal|p1a: Toat|62\/414|[from] item: Leftovers
|
|switch|p2a: Landorus-Therian|Landorus-Therian, M|319\/319
|-damage|p2a: Landorus-Therian|280\/319|[from] Stealth Rock
|-ability|p2a: Landorus-Therian|Intimidate|[of] p1a: Toat
|-unboost|p1a: Toat|atk|1
|turn|21
|
|move|p1a: Toat|Protect|p1a: Toat
|-singleturn|p1a: Toat|Protect
|move|p2a: Landorus-Therian|Stealth Rock|p1a: Toat
|-sidestart|p1: MartinSousRace|move: Stealth Rock
|
|-heal|p2a: Landorus-Therian|299\/319|[from] item: Leftovers
|-heal|p1a: Toat|87\/414|[from] item: Leftovers
|turn|22
|
|switch|p1a: Gay Lord|Gliscor, M|341\/352 tox
|-damage|p1a: Gay Lord|297\/352 tox|[from] Stealth Rock
|move|p2a: Landorus-Therian|U-turn|p1a: Gay Lord
|-resisted|p1a: Gay Lord
|-damage|p1a: Gay Lord|258\/352 tox
|
|switch|p2a: Manectric|Manectric, F|281\/281
|-damage|p2a: Manectric|246\/281|[from] Stealth Rock
|
|-heal|p1a: Gay Lord|302\/352 tox|[from] ability: Poison Heal
|turn|23
|
|detailschange|p2a: Manectric|Manectric-Mega, F
|message|Manectric has Mega Evolved into Mega Manectric!
|-ability|p2a: Manectric|Intimidate|[of] p1a: Gay Lord
|-unboost|p1a: Gay Lord|atk|1
|move|p2a: Manectric|Hidden Power|p1a: Gay Lord
|-supereffective|p1a: Gay Lord
|-damage|p1a: Gay Lord|0 fnt
|faint|p1a: Gay Lord
|
|chat|MartinSousRace|good crit
|-message|MartinSousRace forfeited.
|
|win|toiletpkay
|raw|Ladder updating...
|leave|MartinSousRace
|player|p1
|raw|MartinSousRace's rating: 1803 &rarr; <strong>1783<\/strong><br \/>(-20 for losing)
|raw|toiletpkay's rating: 1806 &rarr; <strong>1826<\/strong><br \/>(+20 for winning)
|join|churos
|leave|churos
|join|MartinSousRace
|chat|toiletpkay|complete retard