|join|UI Aurora
|join|MartinSousRace
|player|p1|UI Aurora|280
|player|p2|MartinSousRace|38
|gametype|singles
|gen|6
|tier|OU
|rated
|clearpoke
|poke|p1|Landorus-Therian, M
|poke|p1|Latios, M
|poke|p1|Rotom-Heat
|poke|p1|Scizor, F
|poke|p1|Gyarados, M
|poke|p1|Ditto
|poke|p2|Charizard, M
|poke|p2|Keldeo
|poke|p2|Hippowdon, F
|poke|p2|Escavalier, F, shiny
|poke|p2|Tyranitar, F
|poke|p2|Latias, F
|rule|Sleep Clause Mod: Limit one foe put to sleep
|rule|Species Clause: Limit one of each Pokemon
|rule|OHKO Clause: OHKO moves are banned
|rule|Moody Clause: Moody is banned
|rule|Evasion Moves Clause: Evasion moves are banned
|rule|Endless Battle Clause: Forcing endless battles is banned.
|rule|HP Percentage Mod: HP is reported as percentages
|teampreview
|
|start
|switch|p1a: Landorus-Therian|Landorus-Therian, M|381\/381
|switch|p2a: Keldeo|Keldeo|323\/323
|-ability|p1a: Landorus-Therian|Intimidate|[of] p2a: Keldeo
|-unboost|p2a: Keldeo|atk|1
|turn|1
|
|switch|p1a: Latios|Latios, M|302\/302
|move|p2a: Keldeo|Scald|p1a: Latios
|-resisted|p1a: Latios
|-damage|p1a: Latios|208\/302
|-status|p1a: Latios|brn
|
|-damage|p1a: Latios|171\/302 brn|[from] brn
|turn|2
|
|switch|p2a: Tyranitar|Tyranitar, F|342\/342
|-weather|Sandstorm
|move|p1a: Latios|Draco Meteor|p2a: Tyranitar
|-damage|p2a: Tyranitar|154\/342
|-unboost|p1a: Latios|spa|2
|-damage|p1a: Latios|141\/302 brn|[from] item: Life Orb
|
|-weather|Sandstorm|[upkeep]
|-damage|p1a: Latios|123\/302 brn|[from] sandstorm
|-damage|p1a: Latios|86\/302 brn|[from] brn
|turn|3
|join|Enzorouths
|
|move|p2a: Tyranitar|Pursuit|p1a: Latios
|-supereffective|p1a: Latios
|-damage|p1a: Latios|0 fnt
|faint|p1a: Latios
|
|-weather|Sandstorm|[upkeep]
|
|switch|p1a: Gyarados|Gyarados, M|331\/331
|turn|4
|
|switch|p2a: Escavalier|Escavalier, F, shiny|343\/343
|move|p1a: Gyarados|Dragon Dance|p1a: Gyarados
|-boost|p1a: Gyarados|atk|1
|-boost|p1a: Gyarados|spe|1
|
|-weather|Sandstorm|[upkeep]
|-damage|p1a: Gyarados|311\/331|[from] sandstorm
|turn|5
|
|move|p1a: Gyarados|Substitute|p1a: Gyarados
|-start|p1a: Gyarados|Substitute
|-damage|p1a: Gyarados|229\/331
|move|p2a: Escavalier|Megahorn|p1a: Gyarados
|-resisted|p1a: Gyarados
|-end|p1a: Gyarados|Substitute
|
|-weather|Sandstorm|[upkeep]
|-damage|p1a: Gyarados|209\/331|[from] sandstorm
|turn|6
|leave|Enzorouths
|
|move|p1a: Gyarados|Waterfall|p2a: Escavalier
|-damage|p2a: Escavalier|124\/343
|move|p2a: Escavalier|Knock Off|p1a: Gyarados
|-damage|p1a: Gyarados|96\/331
|
|-weather|none
|turn|7
|chat|MartinSousRace|wtf
|
|move|p1a: Gyarados|Waterfall|p2a: Escavalier
|-damage|p2a: Escavalier|0 fnt
|faint|p2a: Escavalier
|-boost|p1a: Gyarados|atk|1|[from] ability: Moxie
|
|chat|UI Aurora|lol
|
|switch|p2a: Tyranitar|Tyranitar, F|154\/342
|-weather|Sandstorm
|turn|8
|chat|MartinSousRace|moxie ok
|
|move|p1a: Gyarados|Waterfall|p2a: Tyranitar
|-crit|p2a: Tyranitar
|-supereffective|p2a: Tyranitar
|-damage|p2a: Tyranitar|0 fnt
|faint|p2a: Tyranitar
|-boost|p1a: Gyarados|atk|1|[from] ability: Moxie
|
|-weather|Sandstorm|[upkeep]
|-damage|p1a: Gyarados|76\/331|[from] sandstorm
|
|switch|p2a: Latias|Latias, F|302\/302
|turn|9
|
|-formechange|p1a: Gyarados|Gyarados-Mega
|message|Gyarados has Mega Evolved into Mega Gyarados!
|-ability|p1a: Gyarados|Mold Breaker
|move|p1a: Gyarados|Earthquake|p2a: Latias
|-damage|p2a: Latias|0 fnt
|faint|p2a: Latias
|
|-weather|Sandstorm|[upkeep]
|-damage|p1a: Gyarados|56\/331|[from] sandstorm
|
|switch|p2a: Keldeo|Keldeo|323\/323
|turn|10
|
|move|p1a: Gyarados|Earthquake|p2a: Keldeo
|-damage|p2a: Keldeo|0 fnt
|faint|p2a: Keldeo
|
|-weather|Sandstorm|[upkeep]
|-damage|p1a: Gyarados|36\/331|[from] sandstorm
|
|switch|p2a: Hippowdon|Hippowdon, F|417\/417
|turn|11
|
|move|p1a: Gyarados|Waterfall|p2a: Hippowdon
|-supereffective|p2a: Hippowdon
|-damage|p2a: Hippowdon|0 fnt
|faint|p2a: Hippowdon
|
|-weather|Sandstorm|[upkeep]
|-damage|p1a: Gyarados|16\/331|[from] sandstorm
|
|switch|p2a: Charizard|Charizard, M|307\/307
|turn|12
|
|-formechange|p2a: Charizard|Charizard-Mega-Y
|message|Charizard has Mega Evolved into Mega Charizard!
|-weather|SunnyDay
|move|p1a: Gyarados|Waterfall|p2a: Charizard
|-supereffective|p2a: Charizard
|-damage|p2a: Charizard|0 fnt
|faint|p2a: Charizard
|
|win|UI Aurora
|raw|Ladder updating...
|raw|UI Aurora's rating: 1599 &rarr; <strong>1622<\/strong><br \/>(+23 for winning)
|raw|MartinSousRace's rating: 1643 &rarr; <strong>1621<\/strong><br \/>(-22 for losing)
|leave|UI Aurora
|player|p1
|leave|MartinSousRace
|player|p2
|join|UI Aurora