|join|KidKazam
|join|MartinSousRace
|player|p1|KidKazam|56
|player|p2|MartinSousRace|264
|gametype|singles
|gen|6
|tier|OU
|rated
|clearpoke
|poke|p1|Azelf
|poke|p1|Whimsicott, M
|poke|p1|Smeargle, F
|poke|p1|Espeon, F
|poke|p1|Porygon-Z
|poke|p1|Aerodactyl, F
|poke|p2|Sharpedo, F
|poke|p2|Klefki, M
|poke|p2|Garchomp, M
|poke|p2|Clefable, F
|poke|p2|Rotom-Wash
|poke|p2|Keldeo
|rule|Swagger Clause: Swagger is banned
|rule|Baton Pass Clause: Limit one PokÃ©mon knowing Baton Pass
|rule|Sleep Clause Mod: Limit one foe put to sleep
|rule|Species Clause: Limit one of each PokÃ©mon
|rule|OHKO Clause: OHKO moves are banned
|rule|Moody Clause: Moody is banned
|rule|Evasion Moves Clause: Evasion moves are banned
|rule|Endless Battle Clause: Forcing endless battles is banned
|rule|HP Percentage Mod: HP is shown in percentages
|teampreview
|c|âMartinSousRace|oh cancer team
|c|âMartinSousRace|nice
|
|start
|switch|p1a: Aerodactyl|Aerodactyl, F|363\/363
|switch|p2a: Klefki|Klefki, M|317\/317
|-ability|p1a: Aerodactyl|Unnerve|p2: MartinSousRace
|turn|1
|
|move|p2a: Klefki|Thunder Wave|p1a: Aerodactyl
|-status|p1a: Aerodactyl|par
|move|p1a: Aerodactyl|Taunt|p2a: Klefki
|-start|p2a: Klefki|move: Taunt
|
|turn|2
|
|switch|p2a: Garchomp|Garchomp, M|413\/413
|move|p1a: Aerodactyl|Stealth Rock|p2a: Garchomp
|-sidestart|p2: MartinSousRace|move: Stealth Rock
|
|turn|3
|
|move|p2a: Garchomp|Stealth Rock|p1a: Aerodactyl
|-sidestart|p1: KidKazam|move: Stealth Rock
|move|p1a: Aerodactyl|Taunt|p2a: Garchomp
|-start|p2a: Garchomp|move: Taunt
|
|turn|4
|
|switch|p2a: Klefki|Klefki, M|317\/317
|-damage|p2a: Klefki|298\/317|[from] Stealth Rock
|move|p1a: Aerodactyl|Tailwind|p1a: Aerodactyl
|-sidestart|p1: KidKazam|move: Tailwind
|
|-heal|p2a: Klefki|317\/317|[from] item: Leftovers
|turn|5
|
|move|p2a: Klefki|Spikes|p1a: Aerodactyl
|-sidestart|p1: KidKazam|Spikes
|move|p1a: Aerodactyl|Taunt|p2a: Klefki
|-start|p2a: Klefki|move: Taunt
|
|turn|6
|
|switch|p1a: Whimsicott|Whimsicott, M|324\/324
|-damage|p1a: Whimsicott|284\/324|[from] Spikes
|-damage|p1a: Whimsicott|244\/324|[from] Stealth Rock
|move|p2a: Klefki|Play Rough|p1a: Whimsicott
|-damage|p1a: Whimsicott|147\/324
|
|turn|7
|
|switch|p2a: Garchomp|Garchomp, M|413\/413
|-damage|p2a: Garchomp|388\/413|[from] Stealth Rock
|move|p1a: Whimsicott|Tailwind|p1a: Whimsicott
|-fail|p1a: Whimsicott
|
|-sideend|p1: KidKazam|move: Tailwind
|turn|8
|
|move|p1a: Whimsicott|Taunt|p2a: Garchomp
|-start|p2a: Garchomp|move: Taunt
|cant|p2a: Garchomp|move: Taunt|Toxic
|
|turn|9
|
|switch|p2a: Sharpedo|Sharpedo, F|281\/281
|-damage|p2a: Sharpedo|246\/281|[from] Stealth Rock
|move|p1a: Whimsicott|Memento|p2a: Sharpedo
|-unboost|p2a: Sharpedo|atk|2
|-unboost|p2a: Sharpedo|spa|2
|faint|p1a: Whimsicott
|
|
|switch|p1a: Azelf|Azelf|292\/292
|-damage|p1a: Azelf|256\/292|[from] Stealth Rock
|turn|10
|
|switch|p2a: Rotom-Wash|Rotom-Wash|303\/303
|-damage|p2a: Rotom-Wash|266\/303|[from] Stealth Rock
|move|p1a: Azelf|Reflect|p1a: Azelf
|-sidestart|p1: KidKazam|Reflect
|
|-heal|p2a: Rotom-Wash|284\/303|[from] item: Leftovers
|turn|11
|
|move|p1a: Azelf|Light Screen|p1a: Azelf
|-sidestart|p1: KidKazam|move: Light Screen
|move|p2a: Rotom-Wash|Volt Switch|p1a: Azelf
|-damage|p1a: Azelf|203\/292
|
|switch|p2a: Sharpedo|Sharpedo, F|246\/281
|-damage|p2a: Sharpedo|211\/281|[from] Stealth Rock
|
|turn|12
|
|move|p2a: Sharpedo|Protect|p2a: Sharpedo
|-singleturn|p2a: Sharpedo|Protect
|move|p1a: Azelf|Explosion|p2a: Sharpedo
|-activate|p2a: Sharpedo|Protect
|faint|p1a: Azelf
|
|-boost|p2a: Sharpedo|spe|1|[from] ability: Speed Boost
|
|switch|p1a: Smeargle|Smeargle, F|314\/314
|-damage|p1a: Smeargle|275\/314|[from] Spikes
|-damage|p1a: Smeargle|236\/314|[from] Stealth Rock
|turn|13
|
|detailschange|p2a: Sharpedo|Sharpedo-Mega, F
|message|Sharpedo has Mega Evolved into Mega Sharpedo!
|move|p2a: Sharpedo|Crunch|p1a: Smeargle
|-damage|p1a: Smeargle|0 fnt
|faint|p1a: Smeargle
|
|c|âMartinSousRace|eat shit
|c|âKidKazam|strooonk
|c|âKidKazam|gg
|-message|KidKazam forfeited.
|leave|KidKazam
|
|win|MartinSousRace
|raw|Ladder updating...
|player|p1