|join|MartinSousRace
|join|qqqqw
|player|p1|MartinSousRace|264
|player|p2|qqqqw|52
|gametype|singles
|gen|6
|tier|OU
|rated
|clearpoke
|poke|p1|Celebi
|poke|p1|Bisharp, M
|poke|p1|Landorus-Therian, M
|poke|p1|Gardevoir, F
|poke|p1|Thundurus, M
|poke|p1|Azumarill, M
|poke|p2|Absol, F
|poke|p2|Azumarill, M
|poke|p2|Breloom, F
|poke|p2|Garchomp, M
|poke|p2|Gardevoir, M
|poke|p2|Scizor, F
|rule|Swagger Clause: Swagger is banned
|rule|Baton Pass Clause: Limit one PokÃ©mon knowing Baton Pass
|rule|Sleep Clause Mod: Limit one foe put to sleep
|rule|Species Clause: Limit one of each PokÃ©mon
|rule|OHKO Clause: OHKO moves are banned
|rule|Moody Clause: Moody is banned
|rule|Evasion Moves Clause: Evasion moves are banned
|rule|Endless Battle Clause: Forcing endless battles is banned
|rule|HP Percentage Mod: HP is shown in percentages
|teampreview
|
|start
|switch|p1a: Celebi|Celebi|404\/404
|switch|p2a: Absol|Absol, F|271\/271
|-ability|p2a: Absol|Pressure
|turn|1
|
|switch|p1a: Landorus-Therian|Landorus-Therian, M|381\/381
|-ability|p1a: Landorus-Therian|Intimidate|[of] p2a: Absol
|-unboost|p2a: Absol|atk|1
|detailschange|p2a: Absol|Absol-Mega, F
|message|Absol has Mega Evolved into Mega Absol!
|move|p2a: Absol|Knock Off|p1a: Landorus-Therian
|-damage|p1a: Landorus-Therian|296\/381
|-damage|p2a: Absol|226\/271|[from] item: Rocky Helmet|[of] p1a: Landorus-Therian
|-enditem|p1a: Landorus-Therian|Rocky Helmet|[from] move: Knock Off|[of] p2a: Absol
|
|turn|2
|
|move|p2a: Absol|Ice Beam|p1a: Landorus-Therian
|-supereffective|p1a: Landorus-Therian
|-damage|p1a: Landorus-Therian|0 fnt
|faint|p1a: Landorus-Therian
|
|
|switch|p1a: Gardevoir|Gardevoir, F|301\/301
|turn|3
|
|switch|p2a: Scizor|Scizor, F|344\/344
|detailschange|p1a: Gardevoir|Gardevoir-Mega, F
|message|Gardevoir has Mega Evolved into Mega Gardevoir!
|move|p1a: Gardevoir|Hyper Voice|p2a: Scizor
|-resisted|p2a: Scizor
|-damage|p2a: Scizor|198\/344
|
|turn|4
|
|switch|p1a: Thundurus|Thundurus, M|299\/299
|move|p2a: Scizor|Knock Off|p1a: Thundurus
|-damage|p1a: Thundurus|46\/299
|-enditem|p1a: Thundurus|Life Orb|[from] move: Knock Off|[of] p2a: Scizor
|
|turn|5
|
|switch|p2a: Garchomp|Garchomp, M|420\/420
|move|p1a: Thundurus|Thunder Wave|p2a: Garchomp
|-immune|p2a: Garchomp|[msg]
|
|turn|6
|
|switch|p2a: Gardevoir|Gardevoir, M|330\/330
|-ability|p2a: Gardevoir|Prankster|[from] ability: Trace|[of] p1a: Thundurus
|move|p1a: Thundurus|Hidden Power|p2a: Gardevoir
|-damage|p2a: Gardevoir|270\/330
|
|-heal|p2a: Gardevoir|290\/330|[from] item: Leftovers
|turn|7
|
|move|p1a: Thundurus|Thunder Wave|p2a: Gardevoir
|-status|p2a: Gardevoir|par
|move|p2a: Gardevoir|Calm Mind|p2a: Gardevoir
|-boost|p2a: Gardevoir|spa|1
|-boost|p2a: Gardevoir|spd|1
|
|-heal|p2a: Gardevoir|310\/330 par|[from] item: Leftovers
|turn|8
|
|switch|p1a: Bisharp|Bisharp, M|272\/272
|move|p2a: Gardevoir|Calm Mind|p2a: Gardevoir
|-boost|p2a: Gardevoir|spa|1
|-boost|p2a: Gardevoir|spd|1
|
|-heal|p2a: Gardevoir|330\/330 par|[from] item: Leftovers
|turn|9
|
|switch|p2a: Garchomp|Garchomp, M|420\/420
|move|p1a: Bisharp|Iron Head|p2a: Garchomp
|-crit|p2a: Garchomp
|-damage|p2a: Garchomp|89\/420
|-damage|p1a: Bisharp|238\/272|[from] ability: Rough Skin|[of] p2a: Garchomp
|-damage|p1a: Bisharp|193\/272|[from] item: Rocky Helmet|[of] p2a: Garchomp
|-damage|p1a: Bisharp|166\/272|[from] item: Life Orb
|
|turn|10
|
|switch|p1a: Thundurus|Thundurus, M|46\/299
|move|p2a: Garchomp|Stealth Rock|p1a: Thundurus
|-sidestart|p1: MartinSousRace|move: Stealth Rock
|
|turn|11
|
|switch|p2a: Gardevoir|Gardevoir, M|330\/330 par
|-ability|p2a: Gardevoir|Prankster|[from] ability: Trace|[of] p1a: Thundurus
|move|p1a: Thundurus|Psychic|p2a: Gardevoir
|-resisted|p2a: Gardevoir
|-damage|p2a: Gardevoir|286\/330 par
|
|-heal|p2a: Gardevoir|306\/330 par|[from] item: Leftovers
|turn|12
|
|move|p2a: Gardevoir|Calm Mind|p2a: Gardevoir
|-boost|p2a: Gardevoir|spa|1
|-boost|p2a: Gardevoir|spd|1
|move|p1a: Thundurus|Thunderbolt|p2a: Gardevoir
|-damage|p2a: Gardevoir|221\/330 par
|
|-heal|p2a: Gardevoir|241\/330 par|[from] item: Leftovers
|turn|13
|
|move|p2a: Gardevoir|Calm Mind|p2a: Gardevoir
|-boost|p2a: Gardevoir|spa|1
|-boost|p2a: Gardevoir|spd|1
|move|p1a: Thundurus|Thunderbolt|p2a: Gardevoir
|-damage|p2a: Gardevoir|166\/330 par
|
|-heal|p2a: Gardevoir|186\/330 par|[from] item: Leftovers
|turn|14
|
|move|p1a: Thundurus|Thunderbolt|p2a: Gardevoir
|-damage|p2a: Gardevoir|122\/330 par
|move|p2a: Gardevoir|Moonblast|p1a: Thundurus
|-damage|p1a: Thundurus|0 fnt
|faint|p1a: Thundurus
|
|-heal|p2a: Gardevoir|142\/330 par|[from] item: Leftovers
|
|switch|p1a: Bisharp|Bisharp, M|166\/272
|-damage|p1a: Bisharp|149\/272|[from] Stealth Rock
|turn|15
|
|move|p2a: Gardevoir|Calm Mind|p2a: Gardevoir
|-boost|p2a: Gardevoir|spa|1
|-boost|p2a: Gardevoir|spd|1
|move|p1a: Bisharp|Iron Head|p2a: Gardevoir
|-supereffective|p2a: Gardevoir
|-damage|p2a: Gardevoir|0 fnt
|-damage|p1a: Bisharp|122\/272|[from] item: Life Orb
|faint|p2a: Gardevoir
|
|
|switch|p2a: Breloom|Breloom, F|262\/262
|turn|16
|
|switch|p1a: Celebi|Celebi|404\/404
|-damage|p1a: Celebi|354\/404|[from] Stealth Rock
|move|p2a: Breloom|Mach Punch|p1a: Celebi
|-resisted|p1a: Celebi
|-damage|p1a: Celebi|304\/404
|
|-heal|p1a: Celebi|329\/404|[from] item: Leftovers
|turn|17
|
|switch|p2a: Scizor|Scizor, F|198\/344
|move|p1a: Celebi|Substitute|p1a: Celebi
|-start|p1a: Celebi|Substitute
|-damage|p1a: Celebi|228\/404
|
|-heal|p1a: Celebi|253\/404|[from] item: Leftovers
|turn|18
|
|move|p1a: Celebi|Baton Pass|p1a: Celebi
|
|switch|p1a: Gardevoir|Gardevoir-Mega, F|301\/301
|-damage|p1a: Gardevoir|264\/301|[from] Stealth Rock
|move|p2a: Scizor|Knock Off|p1a: Gardevoir
|-end|p1a: Gardevoir|Substitute
|
|turn|19
|
|move|p1a: Gardevoir|Focus Blast|p2a: Scizor
|-damage|p2a: Scizor|0 fnt
|faint|p2a: Scizor
|
|
|switch|p2a: Garchomp|Garchomp, M|89\/420
|turn|20
|
|switch|p1a: Azumarill|Azumarill, M|349\/349
|-damage|p1a: Azumarill|306\/349|[from] Stealth Rock
|move|p2a: Garchomp|Earthquake|p1a: Azumarill
|-damage|p1a: Azumarill|161\/349
|
|turn|21
|
|switch|p2a: Azumarill|Azumarill, M|404\/404
|move|p1a: Azumarill|Play Rough|p2a: Azumarill
|-damage|p2a: Azumarill|50\/404
|
|turn|22
|
|switch|p1a: Celebi|Celebi|253\/404
|-damage|p1a: Celebi|203\/404|[from] Stealth Rock
|move|p2a: Azumarill|Aqua Jet|p1a: Celebi
|-resisted|p1a: Celebi
|-damage|p1a: Celebi|137\/404
|
|-heal|p1a: Celebi|162\/404|[from] item: Leftovers
|turn|23
|
|switch|p2a: Absol|Absol-Mega, F|226\/271
|move|p1a: Celebi|Giga Drain|p2a: Absol
|-damage|p2a: Absol|64\/271
|-heal|p1a: Celebi|243\/404|[from] drain|[of] p2a: Absol
|
|-heal|p1a: Celebi|268\/404|[from] item: Leftovers
|turn|24
|
|switch|p1a: Bisharp|Bisharp, M|122\/272
|-damage|p1a: Bisharp|105\/272|[from] Stealth Rock
|move|p2a: Absol|Knock Off|p1a: Bisharp
|-resisted|p1a: Bisharp
|-damage|p1a: Bisharp|26\/272
|-enditem|p1a: Bisharp|Life Orb|[from] move: Knock Off|[of] p2a: Absol
|
|turn|25
|
|switch|p2a: Azumarill|Azumarill, M|50\/404
|move|p1a: Bisharp|Sucker Punch|p2a: Azumarill
|-fail|p2a: Azumarill
|
|turn|26
|
|move|p1a: Bisharp|Sucker Punch|p2a: Azumarill
|-resisted|p2a: Azumarill
|-damage|p2a: Azumarill|0 fnt
|faint|p2a: Azumarill
|
|
|switch|p2a: Breloom|Breloom, F|262\/262
|turn|27
|
|switch|p1a: Celebi|Celebi|268\/404
|-damage|p1a: Celebi|218\/404|[from] Stealth Rock
|move|p2a: Breloom|Mach Punch|p1a: Celebi
|-crit|p1a: Celebi
|-resisted|p1a: Celebi
|-damage|p1a: Celebi|134\/404
|
|-heal|p1a: Celebi|159\/404|[from] item: Leftovers
|turn|28
|
|move|p1a: Celebi|Recover|p1a: Celebi
|-heal|p1a: Celebi|361\/404
|move|p2a: Breloom|Swords Dance|p2a: Breloom
|-boost|p2a: Breloom|atk|2
|
|-heal|p1a: Celebi|386\/404|[from] item: Leftovers
|turn|29
|c|âMartinSousRace|shiiiiiiiiit
|
|move|p1a: Celebi|Baton Pass|p1a: Celebi
|
|switch|p1a: Bisharp|Bisharp, M|26\/272
|-damage|p1a: Bisharp|9\/272|[from] Stealth Rock
|move|p2a: Breloom|Bullet Seed|p1a: Bisharp
|-resisted|p1a: Bisharp
|-damage|p1a: Bisharp|0 fnt
|-hitcount|p1a: Bisharp|1
|faint|p1a: Bisharp
|
|
|switch|p1a: Gardevoir|Gardevoir-Mega, F|264\/301
|-damage|p1a: Gardevoir|227\/301|[from] Stealth Rock
|turn|30
|
|switch|p2a: Absol|Absol-Mega, F|64\/271
|move|p1a: Gardevoir|Hyper Voice|p2a: Absol
|-supereffective|p2a: Absol
|-damage|p2a: Absol|0 fnt
|faint|p2a: Absol
|
|
|switch|p2a: Garchomp|Garchomp, M|89\/420
|turn|31
|
|move|p2a: Garchomp|Earthquake|p1a: Gardevoir
|-damage|p1a: Gardevoir|58\/301
|move|p1a: Gardevoir|Hyper Voice|p2a: Garchomp
|-supereffective|p2a: Garchomp
|-damage|p2a: Garchomp|0 fnt
|faint|p2a: Garchomp
|
|
|switch|p2a: Breloom|Breloom, F|262\/262
|turn|32
|
|move|p2a: Breloom|Mach Punch|p1a: Gardevoir
|-resisted|p1a: Gardevoir
|-damage|p1a: Gardevoir|23\/301
|move|p1a: Gardevoir|Hyper Voice|p2a: Breloom
|-supereffective|p2a: Breloom
|-enditem|p2a: Breloom|Focus Sash
|-damage|p2a: Breloom|1\/262
|
|turn|33
|
|move|p2a: Breloom|Mach Punch|p1a: Gardevoir
|-resisted|p1a: Gardevoir
|-damage|p1a: Gardevoir|0 fnt
|faint|p1a: Gardevoir
|
|
|switch|p1a: Azumarill|Azumarill, M|161\/349
|-damage|p1a: Azumarill|118\/349|[from] Stealth Rock
|turn|34
|c|âqqqqw|-.-'
|
|move|p2a: Breloom|Mach Punch|p1a: Azumarill
|-resisted|p1a: Azumarill
|-damage|p1a: Azumarill|59\/349
|move|p1a: Azumarill|Aqua Jet|p2a: Breloom
|-crit|p2a: Breloom
|-resisted|p2a: Breloom
|-damage|p2a: Breloom|0 fnt
|faint|p2a: Breloom
|
|win|MartinSousRace
|raw|Ladder updating...
|raw|MartinSousRace's rating: 1491 &rarr; <strong>1510<\/strong><br \/>(+19 for winning)
|raw|qqqqw's rating: 1481 &rarr; <strong>1461<\/strong><br \/>(-20 for losing)
|leave|qqqqw
|player|p2