|join|JRVWW
|join|MartinSousRace
|player|p1|JRVWW|275
|player|p2|MartinSousRace|38
|gametype|singles
|gen|6
|tier|OU
|rated
|clearpoke
|poke|p1|Azumarill, M
|poke|p1|Florges, F
|poke|p1|Slowbro, M
|poke|p1|Landorus, M, shiny
|poke|p1|Garchomp, M
|poke|p1|Mandibuzz, F
|poke|p2|Talonflame, F
|poke|p2|Zapdos
|poke|p2|Sylveon, M
|poke|p2|Dugtrio, M, shiny
|poke|p2|Scizor, F
|poke|p2|Heatran, M
|rule|Sleep Clause Mod: Limit one foe put to sleep
|rule|Species Clause: Limit one of each Pokemon
|rule|OHKO Clause: OHKO moves are banned
|rule|Moody Clause: Moody is banned
|rule|Evasion Moves Clause: Evasion moves are banned
|rule|Endless Battle Clause: Forcing endless battles is banned.
|rule|HP Percentage Mod: HP is reported as percentages
|teampreview
|
|start
|switch|p1a: Rico Strong|Azumarill, M|404\/404
|switch|p2a: Sylveon|Sylveon, M|392\/392
|turn|1
|
|move|p2a: Sylveon|Hyper Voice|p1a: Rico Strong
|-damage|p1a: Rico Strong|214\/404
|move|p1a: Rico Strong|Waterfall|p2a: Sylveon
|-damage|p2a: Sylveon|127\/392
|
|-heal|p2a: Sylveon|151\/392|[from] item: Leftovers
|turn|2
|
|switch|p1a: Mary Jane|Florges, F|360\/360
|move|p2a: Sylveon|Hyper Voice|p1a: Mary Jane
|-damage|p1a: Mary Jane|276\/360
|
|-heal|p1a: Mary Jane|298\/360|[from] item: Leftovers
|-heal|p2a: Sylveon|175\/392|[from] item: Leftovers
|turn|3
|
|move|p1a: Mary Jane|Toxic|p2a: Sylveon
|-status|p2a: Sylveon|tox
|move|p2a: Sylveon|Wish|p2a: Sylveon
|
|-heal|p1a: Mary Jane|320\/360|[from] item: Leftovers
|-heal|p2a: Sylveon|199\/392 tox|[from] item: Leftovers
|-damage|p2a: Sylveon|175\/392 tox|[from] psn
|turn|4
|
|move|p1a: Mary Jane|Wish|p1a: Mary Jane
|move|p2a: Sylveon|Heal Bell|p2a: Sylveon
|-cureteam|p2a: Sylveon|[from] move: HealBell
|
|-heal|p2a: Sylveon|371\/392|[from] move: Wish|[wisher] Sylveon
|-heal|p1a: Mary Jane|342\/360|[from] item: Leftovers
|-heal|p2a: Sylveon|392\/392|[from] item: Leftovers
|turn|5
|
|switch|p1a: Rico Strong|Azumarill, M|214\/404
|move|p2a: Sylveon|Wish|p2a: Sylveon
|
|-heal|p1a: Rico Strong|394\/404|[from] move: Wish|[wisher] Mary Jane
|turn|6
|
|move|p2a: Sylveon|Hyper Voice|p1a: Rico Strong
|-damage|p1a: Rico Strong|201\/404
|move|p1a: Rico Strong|Knock Off|p2a: Sylveon
|-crit|p2a: Sylveon
|-resisted|p2a: Sylveon
|-damage|p2a: Sylveon|254\/392
|-enditem|p2a: Sylveon|Leftovers|[from] move: Knock Off|[of] p1a: Rico Strong
|
|-heal|p2a: Sylveon|392\/392|[from] move: Wish|[wisher] Sylveon
|turn|7
|
|switch|p2a: Heatran|Heatran, M|385\/385
|switch|p1a: Slowbreh|Slowbro, M|394\/394
|
|turn|8
|
|move|p2a: Heatran|Will-O-Wisp|p1a: Slowbreh
|-status|p1a: Slowbreh|brn
|move|p1a: Slowbreh|Thunder Wave|p2a: Heatran
|-status|p2a: Heatran|par
|
|-damage|p1a: Slowbreh|345\/394 brn|[from] brn
|turn|9
|
|switch|p2a: Sylveon|Sylveon, M|392\/392
|move|p1a: Slowbreh|Scald|p2a: Sylveon
|-damage|p2a: Sylveon|317\/392
|
|-heal|p1a: Slowbreh|369\/394 brn|[from] item: Leftovers
|-damage|p1a: Slowbreh|320\/394 brn|[from] brn
|turn|10
|
|switch|p1a: Mary Jane|Florges, F|342\/360
|move|p2a: Sylveon|Wish|p2a: Sylveon
|
|-heal|p1a: Mary Jane|360\/360|[from] item: Leftovers
|turn|11
|
|move|p1a: Mary Jane|Aromatherapy|p1a: Mary Jane
|-cureteam|p1a: Mary Jane|[from] move: Aromatherapy
|move|p2a: Sylveon|Heal Bell|p2a: Sylveon
|-cureteam|p2a: Sylveon|[from] move: HealBell
|
|-heal|p2a: Sylveon|392\/392|[from] move: Wish|[wisher] Sylveon
|turn|12
|chat|JRVWW|ughhh
|
|switch|p2a: Scizor|Scizor, F|343\/343
|move|p1a: Mary Jane|Toxic|p2a: Scizor
|-fail|p2a: Scizor
|
|turn|13
|
|switch|p1a: Whore|Mandibuzz, F|424\/424
|-formechange|p2a: Scizor|Scizor-Mega
|message|Scizor has Mega Evolved into Mega Scizor!
|move|p2a: Scizor|Knock Off|p1a: Whore
|-resisted|p1a: Whore
|-damage|p1a: Whore|382\/424
|-enditem|p1a: Whore|Leftovers|[from] move: Knock Off|[of] p2a: Scizor
|
|turn|14
|
|switch|p1a: Slowbreh|Slowbro, M|394\/394
|move|p2a: Scizor|Bullet Punch|p1a: Slowbreh
|-resisted|p1a: Slowbreh
|-damage|p1a: Slowbreh|355\/394
|
|-heal|p1a: Slowbreh|379\/394|[from] item: Leftovers
|turn|15
|
|move|p2a: Scizor|Knock Off|p1a: Slowbreh
|-supereffective|p1a: Slowbreh
|-damage|p1a: Slowbreh|209\/394
|-enditem|p1a: Slowbreh|Leftovers|[from] move: Knock Off|[of] p2a: Scizor
|move|p1a: Slowbreh|Scald|p2a: Scizor
|-damage|p2a: Scizor|261\/343
|-status|p2a: Scizor|brn
|
|-damage|p2a: Scizor|219\/343 brn|[from] brn
|turn|16
|
|switch|p2a: Sylveon|Sylveon, M|392\/392
|move|p1a: Slowbreh|Slack Off|p1a: Slowbreh
|-heal|p1a: Slowbreh|394\/394
|
|turn|17
|
|switch|p1a: Earrff|Landorus, M, shiny|319\/319
|move|p2a: Sylveon|Wish|p2a: Sylveon
|
|turn|18
|
|move|p1a: Earrff|U-turn|p2a: Sylveon
|-resisted|p2a: Sylveon
|-damage|p2a: Sylveon|360\/392
|
|switch|p1a: Mary Jane|Florges, F|360\/360
|move|p2a: Sylveon|Hyper Voice|p1a: Mary Jane
|-damage|p1a: Mary Jane|282\/360
|
|-heal|p2a: Sylveon|392\/392|[from] move: Wish|[wisher] Sylveon
|-heal|p1a: Mary Jane|304\/360|[from] item: Leftovers
|turn|19
|
|move|p1a: Mary Jane|Toxic|p2a: Sylveon
|-status|p2a: Sylveon|tox
|move|p2a: Sylveon|Heal Bell|p2a: Sylveon
|-cureteam|p2a: Sylveon|[from] move: HealBell
|
|-heal|p1a: Mary Jane|326\/360|[from] item: Leftovers
|turn|20
|
|move|p1a: Mary Jane|Moonblast|p2a: Sylveon
|-damage|p2a: Sylveon|301\/392
|-unboost|p2a: Sylveon|spa|1
|move|p2a: Sylveon|Wish|p2a: Sylveon
|
|-heal|p1a: Mary Jane|348\/360|[from] item: Leftovers
|turn|21
|
|switch|p2a: Scizor|Scizor, F|219\/343
|-formechange|p2a: Scizor|Scizor-Mega
|move|p1a: Mary Jane|Toxic|p2a: Scizor
|-fail|p2a: Scizor
|
|-heal|p2a: Scizor|343\/343|[from] move: Wish|[wisher] Sylveon
|-heal|p1a: Mary Jane|360\/360|[from] item: Leftovers
|turn|22
|
|switch|p1a: Slowbreh|Slowbro, M|394\/394
|move|p2a: Scizor|Bullet Punch|p1a: Slowbreh
|-resisted|p1a: Slowbreh
|-damage|p1a: Slowbreh|359\/394
|
|turn|23
|
|move|p2a: Scizor|Knock Off|p1a: Slowbreh
|-supereffective|p1a: Slowbreh
|-damage|p1a: Slowbreh|259\/394
|move|p1a: Slowbreh|Thunder Wave|p2a: Scizor
|-status|p2a: Scizor|par
|
|turn|24
|
|move|p1a: Slowbreh|Scald|p2a: Scizor
|-damage|p2a: Scizor|262\/343 par
|move|p2a: Scizor|Swords Dance|p2a: Scizor
|-boost|p2a: Scizor|atk|2
|
|turn|25
|
|move|p1a: Slowbreh|Slack Off|p1a: Slowbreh
|-heal|p1a: Slowbreh|394\/394
|move|p2a: Scizor|Knock Off|p1a: Slowbreh
|-supereffective|p1a: Slowbreh
|-damage|p1a: Slowbreh|184\/394
|
|turn|26
|
|move|p1a: Slowbreh|Slack Off|p1a: Slowbreh
|-heal|p1a: Slowbreh|381\/394
|cant|p2a: Scizor|par
|
|turn|27
|
|switch|p2a: Sylveon|Sylveon, M|301\/392
|move|p1a: Slowbreh|Scald|p2a: Sylveon
|-damage|p2a: Sylveon|229\/392
|-status|p2a: Sylveon|brn
|
|-damage|p2a: Sylveon|180\/392 brn|[from] brn
|turn|28
|
|switch|p1a: Whore|Mandibuzz, F|382\/424
|move|p2a: Sylveon|Heal Bell|p2a: Sylveon
|-cureteam|p2a: Sylveon|[from] move: HealBell
|
|turn|29
|
|move|p1a: Whore|Brave Bird|p2a: Sylveon
|-damage|p2a: Sylveon|81\/392
|-damage|p1a: Whore|349\/424|[from] recoil|[of] p2a: Sylveon
|move|p2a: Sylveon|Wish|p2a: Sylveon
|
|turn|30
|
|move|p2a: Sylveon|Protect|p2a: Sylveon
|-singleturn|p2a: Sylveon|Protect
|move|p1a: Whore|Brave Bird|p2a: Sylveon
|-activate|p2a: Sylveon|Protect
|
|-heal|p2a: Sylveon|277\/392|[from] move: Wish|[wisher] Sylveon
|turn|31
|chat|JRVWW|lol
|
|switch|p1a: Mary Jane|Florges, F|360\/360
|move|p2a: Sylveon|Hyper Voice|p1a: Mary Jane
|-damage|p1a: Mary Jane|284\/360
|
|-heal|p1a: Mary Jane|306\/360|[from] item: Leftovers
|turn|32
|
|move|p1a: Mary Jane|Moonblast|p2a: Sylveon
|-damage|p2a: Sylveon|178\/392
|move|p2a: Sylveon|Wish|p2a: Sylveon
|
|-heal|p1a: Mary Jane|328\/360|[from] item: Leftovers
|turn|33
|
|move|p1a: Mary Jane|Moonblast|p2a: Sylveon
|-damage|p2a: Sylveon|87\/392
|move|p2a: Sylveon|Hyper Voice|p1a: Mary Jane
|-damage|p1a: Mary Jane|255\/360
|
|-heal|p2a: Sylveon|283\/392|[from] move: Wish|[wisher] Sylveon
|-heal|p1a: Mary Jane|277\/360|[from] item: Leftovers
|turn|34
|
|switch|p2a: Heatran|Heatran, M|385\/385
|move|p1a: Mary Jane|Toxic|p2a: Heatran
|-fail|p2a: Heatran
|
|-heal|p1a: Mary Jane|299\/360|[from] item: Leftovers
|turn|35
|
|move|p1a: Mary Jane|Wish|p1a: Mary Jane
|move|p2a: Heatran|Roar|p1a: Mary Jane
|drag|p1a: Rico Strong|Azumarill, M|201\/404
|
|turn|36
|chat|MartinSousRace|fuck you heatran
|chat|JRVWW|lol sorry
|
|switch|p2a: Zapdos|Zapdos|384\/384
|-ability|p2a: Zapdos|Pressure
|move|p1a: Rico Strong|Waterfall|p2a: Zapdos
|-damage|p2a: Zapdos|147\/384
|
|-heal|p1a: Rico Strong|381\/404|[from] move: Wish|[wisher] Mary Jane
|-heal|p2a: Zapdos|171\/384|[from] item: Leftovers
|turn|37
|
|switch|p1a: Mary Jane|Florges, F|299\/360
|move|p2a: Zapdos|Thunderbolt|p1a: Mary Jane
|-damage|p1a: Mary Jane|227\/360
|-status|p1a: Mary Jane|par
|
|-heal|p2a: Zapdos|195\/384|[from] item: Leftovers
|-heal|p1a: Mary Jane|249\/360 par|[from] item: Leftovers
|turn|38
|chat|MartinSousRace|haxx
|
|switch|p2a: Dugtrio|Dugtrio, M, shiny|211\/211
|move|p1a: Mary Jane|Moonblast|p2a: Dugtrio
|-damage|p2a: Dugtrio|57\/211
|-unboost|p2a: Dugtrio|spa|1
|
|-heal|p1a: Mary Jane|271\/360 par|[from] item: Leftovers
|turn|39
|chat|JRVWW|what can you do
|
|move|p2a: Dugtrio|Stealth Rock|p1a: Mary Jane
|-sidestart|p1: JRVWW|move: Stealth Rock
|move|p1a: Mary Jane|Moonblast|p2a: Dugtrio
|-damage|p2a: Dugtrio|0 fnt
|faint|p2a: Dugtrio
|
|-heal|p1a: Mary Jane|293\/360 par|[from] item: Leftovers
|
|switch|p2a: TalonPleb|Talonflame, F|297\/297
|turn|40
|
|switch|p1a: Whore|Mandibuzz, F|349\/424
|-damage|p1a: Whore|243\/424|[from] Stealth Rock
|move|p2a: TalonPleb|U-turn|p1a: Whore
|-damage|p1a: Whore|172\/424
|
|switch|p2a: Scizor|Scizor, F|262\/343
|-formechange|p2a: Scizor|Scizor-Mega
|
|turn|41
|
|move|p1a: Whore|Roost|p1a: Whore
|-heal|p1a: Whore|384\/424
|move|p2a: Scizor|Roost|p2a: Scizor
|-heal|p2a: Scizor|343\/343
|
|turn|42
|
|move|p1a: Whore|Defog|p2a: Scizor
|-unboost|p2a: Scizor|evasion|1
|-sideend|p1: JRVWW|Stealth Rock|[from] move: Defog|[of] p1a: Whore
|move|p2a: Scizor|Swords Dance|p2a: Scizor
|-boost|p2a: Scizor|atk|2
|
|turn|43
|
|switch|p1a: Slowbreh|Slowbro, M|394\/394
|move|p2a: Scizor|Bullet Punch|p1a: Slowbreh
|-resisted|p1a: Slowbreh
|-damage|p1a: Slowbreh|315\/394
|
|turn|44
|
|move|p2a: Scizor|Swords Dance|p2a: Scizor
|-boost|p2a: Scizor|atk|2
|move|p1a: Slowbreh|Thunder Wave|p2a: Scizor
|-status|p2a: Scizor|par
|
|turn|45
|
|move|p1a: Slowbreh|Scald|p2a: Scizor
|-damage|p2a: Scizor|261\/343 par
|cant|p2a: Scizor|par
|
|turn|46
|
|move|p1a: Slowbreh|Scald|p2a: Scizor
|-damage|p2a: Scizor|170\/343 par
|move|p2a: Scizor|Swords Dance|p2a: Scizor
|-boost|p2a: Scizor|atk|2
|
|turn|47
|
|move|p1a: Slowbreh|Scald|p2a: Scizor
|-damage|p2a: Scizor|85\/343 par
|move|p2a: Scizor|Roost|p2a: Scizor
|-heal|p2a: Scizor|257\/343 par
|
|turn|48
|
|move|p1a: Slowbreh|Scald|p2a: Scizor
|-damage|p2a: Scizor|172\/343 par
|move|p2a: Scizor|Knock Off|p1a: Slowbreh
|-supereffective|p1a: Slowbreh
|-damage|p1a: Slowbreh|0 fnt
|faint|p1a: Slowbreh
|
|
|switch|p1a: Earrff|Landorus, M, shiny|319\/319
|turn|49
|
|cant|p2a: Scizor|par
|move|p1a: Earrff|Earth Power|p2a: Scizor
|-damage|p2a: Scizor|0 fnt
|faint|p2a: Scizor
|
|
|switch|p2a: Sylveon|Sylveon, M|283\/392
|turn|50
|
|move|p1a: Earrff|Earth Power|p2a: Sylveon
|-damage|p2a: Sylveon|135\/392
|move|p2a: Sylveon|Wish|p2a: Sylveon
|
|turn|51
|
|move|p2a: Sylveon|Protect|p2a: Sylveon
|-singleturn|p2a: Sylveon|Protect
|move|p1a: Earrff|Earth Power|p2a: Sylveon
|-activate|p2a: Sylveon|Protect
|
|-heal|p2a: Sylveon|331\/392|[from] move: Wish|[wisher] Sylveon
|turn|52
|
|move|p1a: Earrff|Earth Power|p2a: Sylveon
|-damage|p2a: Sylveon|168\/392
|move|p2a: Sylveon|Hyper Voice|p1a: Earrff
|-crit|p1a: Earrff
|-damage|p1a: Earrff|0 fnt
|faint|p1a: Earrff
|
|chat|JRVWW|.....
|
|switch|p1a: Rico Strong|Azumarill, M|381\/404
|turn|53
|
|move|p2a: Sylveon|Wish|p2a: Sylveon
|move|p1a: Rico Strong|Knock Off|p2a: Sylveon
|-resisted|p2a: Sylveon
|-damage|p2a: Sylveon|101\/392
|
|turn|54
|
|switch|p1a: Mary Jane|Florges, F|293\/360 par
|move|p2a: Sylveon|Protect|p2a: Sylveon
|-fail|p2a: Sylveon
|
|-heal|p2a: Sylveon|297\/392|[from] move: Wish|[wisher] Sylveon
|-heal|p1a: Mary Jane|315\/360 par|[from] item: Leftovers
|turn|55
|
|switch|p2a: TalonPleb|Talonflame, F|297\/297
|move|p1a: Mary Jane|Aromatherapy|p1a: Mary Jane
|-cureteam|p1a: Mary Jane|[from] move: Aromatherapy
|
|-heal|p1a: Mary Jane|337\/360|[from] item: Leftovers
|turn|56
|
|switch|p1a: Whore|Mandibuzz, F|384\/424
|move|p2a: TalonPleb|Brave Bird|p1a: Whore
|-damage|p1a: Whore|191\/424
|-damage|p2a: TalonPleb|233\/297|[from] recoil|[of] p1a: Whore
|
|turn|57
|
|move|p2a: TalonPleb|Brave Bird|p1a: Whore
|-damage|p1a: Whore|0 fnt
|-damage|p2a: TalonPleb|170\/297|[from] recoil|[of] p1a: Whore
|faint|p1a: Whore
|
|
|switch|p1a: Rico Strong|Azumarill, M|381\/404
|turn|58
|
|move|p2a: TalonPleb|Brave Bird|p1a: Rico Strong
|-damage|p1a: Rico Strong|86\/404
|-damage|p2a: TalonPleb|73\/297|[from] recoil|[of] p1a: Rico Strong
|move|p1a: Rico Strong|Waterfall|p2a: TalonPleb
|-supereffective|p2a: TalonPleb
|-damage|p2a: TalonPleb|0 fnt
|faint|p2a: TalonPleb
|
|
|switch|p2a: Zapdos|Zapdos|195\/384
|-ability|p2a: Zapdos|Pressure
|turn|59
|
|switch|p1a: Kal-El|Garchomp, M|358\/358
|move|p2a: Zapdos|Toxic|p1a: Kal-El
|-status|p1a: Kal-El|tox
|
|-heal|p2a: Zapdos|219\/384|[from] item: Leftovers
|-damage|p1a: Kal-El|336\/358 tox|[from] psn
|turn|60
|
|switch|p2a: Sylveon|Sylveon, M|297\/392
|-formechange|p1a: Kal-El|Garchomp-Mega
|message|Garchomp has Mega Evolved into Mega Garchomp!
|move|p1a: Kal-El|Crunch|p2a: Sylveon
|-resisted|p2a: Sylveon
|-damage|p2a: Sylveon|239\/392
|
|-damage|p1a: Kal-El|292\/358 tox|[from] psn
|turn|61
|
|move|p1a: Kal-El|Earthquake|p2a: Sylveon
|-damage|p2a: Sylveon|40\/392
|move|p2a: Sylveon|Wish|p2a: Sylveon
|
|-damage|p1a: Kal-El|226\/358 tox|[from] psn
|turn|62
|
|switch|p1a: Mary Jane|Florges, F|337\/360
|move|p2a: Sylveon|Protect|p2a: Sylveon
|-fail|p2a: Sylveon
|
|-heal|p2a: Sylveon|236\/392|[from] move: Wish|[wisher] Sylveon
|-heal|p1a: Mary Jane|359\/360|[from] item: Leftovers
|turn|63
|
|switch|p2a: Heatran|Heatran, M|385\/385
|move|p1a: Mary Jane|Aromatherapy|p1a: Mary Jane
|-cureteam|p1a: Mary Jane|[from] move: Aromatherapy
|
|-heal|p1a: Mary Jane|360\/360|[from] item: Leftovers
|turn|64
|
|move|p2a: Heatran|Will-O-Wisp|p1a: Mary Jane
|-status|p1a: Mary Jane|brn
|move|p1a: Mary Jane|Wish|p1a: Mary Jane
|
|-damage|p1a: Mary Jane|315\/360 brn|[from] brn
|turn|65
|
|switch|p1a: Rico Strong|Azumarill, M|86\/404
|move|p2a: Heatran|Will-O-Wisp|p1a: Rico Strong
|-status|p1a: Rico Strong|brn
|
|-heal|p1a: Rico Strong|266\/404 brn|[from] move: Wish|[wisher] Mary Jane
|-damage|p1a: Rico Strong|216\/404 brn|[from] brn
|turn|66
|
|switch|p2a: Zapdos|Zapdos|219\/384
|-ability|p2a: Zapdos|Pressure
|move|p1a: Rico Strong|Waterfall|p2a: Zapdos
|-damage|p2a: Zapdos|104\/384
|
|-heal|p2a: Zapdos|128\/384|[from] item: Leftovers
|-damage|p1a: Rico Strong|166\/404 brn|[from] brn
|turn|67
|
|switch|p1a: Mary Jane|Florges, F|315\/360 brn
|move|p2a: Zapdos|Roost|p2a: Zapdos
|-heal|p2a: Zapdos|320\/384
|
|-heal|p2a: Zapdos|344\/384|[from] item: Leftovers
|-heal|p1a: Mary Jane|337\/360 brn|[from] item: Leftovers
|-damage|p1a: Mary Jane|292\/360 brn|[from] brn
|turn|68
|
|switch|p2a: Heatran|Heatran, M|385\/385
|move|p1a: Mary Jane|Moonblast|p2a: Heatran
|-resisted|p2a: Heatran
|-damage|p2a: Heatran|364\/385
|
|-heal|p2a: Heatran|385\/385|[from] item: Leftovers
|-heal|p1a: Mary Jane|314\/360 brn|[from] item: Leftovers
|-damage|p1a: Mary Jane|269\/360 brn|[from] brn
|turn|69
|
|move|p2a: Heatran|Lava Plume|p1a: Mary Jane
|-damage|p1a: Mary Jane|205\/360 brn
|move|p1a: Mary Jane|Aromatherapy|p1a: Mary Jane
|-cureteam|p1a: Mary Jane|[from] move: Aromatherapy
|
|-heal|p1a: Mary Jane|227\/360|[from] item: Leftovers
|turn|70
|
|move|p2a: Heatran|Will-O-Wisp|p1a: Mary Jane
|-status|p1a: Mary Jane|brn
|move|p1a: Mary Jane|Wish|p1a: Mary Jane
|
|-heal|p1a: Mary Jane|249\/360 brn|[from] item: Leftovers
|-damage|p1a: Mary Jane|204\/360 brn|[from] brn
|turn|71
|
|switch|p2a: Zapdos|Zapdos|344\/384
|-ability|p2a: Zapdos|Pressure
|switch|p1a: Rico Strong|Azumarill, M|166\/404
|
|-heal|p1a: Rico Strong|346\/404|[from] move: Wish|[wisher] Mary Jane
|-heal|p2a: Zapdos|368\/384|[from] item: Leftovers
|turn|72
|
|switch|p1a: Kal-El|Garchomp, M|226\/358
|-formechange|p1a: Kal-El|Garchomp-Mega
|move|p2a: Zapdos|Thunderbolt|p1a: Kal-El
|-immune|p1a: Kal-El|[msg]
|
|-heal|p2a: Zapdos|384\/384|[from] item: Leftovers
|turn|73
|
|move|p1a: Kal-El|Swords Dance|p1a: Kal-El
|-boost|p1a: Kal-El|atk|2
|move|p2a: Zapdos|Toxic|p1a: Kal-El
|-status|p1a: Kal-El|tox
|
|-damage|p1a: Kal-El|204\/358 tox|[from] psn
|turn|74
|
|move|p1a: Kal-El|Crunch|p2a: Zapdos
|-damage|p2a: Zapdos|184\/384
|move|p2a: Zapdos|Roost|p2a: Zapdos
|-heal|p2a: Zapdos|376\/384
|
|-heal|p2a: Zapdos|384\/384|[from] item: Leftovers
|-damage|p1a: Kal-El|160\/358 tox|[from] psn
|turn|75
|
|switch|p2a: Sylveon|Sylveon, M|236\/392
|move|p1a: Kal-El|Dragon Claw|p2a: Sylveon
|-immune|p2a: Sylveon|[msg]
|
|-damage|p1a: Kal-El|94\/358 tox|[from] psn
|turn|76
|
|switch|p2a: Zapdos|Zapdos|384\/384
|-ability|p2a: Zapdos|Pressure
|move|p1a: Kal-El|Earthquake|p2a: Zapdos
|-immune|p2a: Zapdos|[msg]
|
|-damage|p1a: Kal-El|6\/358 tox|[from] psn
|turn|77
|leave|JRVWW
|player|p1
|-message|jrvww lost due to inactivity.
|
|win|MartinSousRace
|raw|Ladder updating...
|raw|JRVWW's rating: 1211 &rarr; <strong>1193<\/strong><br \/>(-18 for losing)
|raw|MartinSousRace's rating: 1303 &rarr; <strong>1317<\/strong><br \/>(+14 for winning)