|join|lil manaphy
|join|MartinSousRace
|player|p1|lil manaphy|260
|player|p2|MartinSousRace|264
|gametype|singles
|gen|6
|tier|OU
|rated
|clearpoke
|poke|p1|Gardevoir, F, shiny
|poke|p1|Mandibuzz, F
|poke|p1|Amoonguss, M
|poke|p1|Keldeo
|poke|p1|Chansey, F
|poke|p1|Landorus-Therian, M
|poke|p2|Medicham, M
|poke|p2|Milotic, F, shiny
|poke|p2|Gliscor, M
|poke|p2|Scizor, M
|poke|p2|Seismitoad, M
|poke|p2|Zapdos
|rule|Sleep Clause Mod: Limit one foe put to sleep
|rule|Species Clause: Limit one of each Pokemon
|rule|OHKO Clause: OHKO moves are banned
|rule|Moody Clause: Moody is banned
|rule|Evasion Moves Clause: Evasion moves are banned
|rule|Endless Battle Clause: Forcing endless battles is banned.
|rule|HP Percentage Mod: HP is reported as percentages
|teampreview
|
|start
|switch|p1a: Misty day|Gardevoir, F, shiny|277\/277
|switch|p2a: Gliscor|Gliscor, M|352\/352
|-ability|p1a: Misty day|Poison Heal|[from] ability: Trace|[of] p2a: Gliscor
|turn|1
|
|switch|p2a: Seismitoad|Seismitoad, M|414\/414
|detailschange|p1a: Misty day|Gardevoir-Mega, F, shiny
|message|Gardevoir has Mega Evolved into Mega Gardevoir!
|move|p1a: Misty day|Hyper Voice|p2a: Seismitoad
|-damage|p2a: Seismitoad|192\/414
|
|-heal|p2a: Seismitoad|217\/414|[from] item: Leftovers
|turn|2
|
|move|p2a: Seismitoad|Protect|p2a: Seismitoad
|-singleturn|p2a: Seismitoad|Protect
|move|p1a: Misty day|Hyper Voice|p2a: Seismitoad
|-activate|p2a: Seismitoad|Protect
|
|-heal|p2a: Seismitoad|242\/414|[from] item: Leftovers
|turn|3
|
|switch|p1a: Landorus-Therian|Landorus-Therian, M|382\/382
|-ability|p1a: Landorus-Therian|Intimidate|[of] p2a: Seismitoad
|-unboost|p2a: Seismitoad|atk|1
|move|p2a: Seismitoad|Stealth Rock|p1a: Landorus-Therian
|-sidestart|p1: lil manaphy|move: Stealth Rock
|
|-heal|p2a: Seismitoad|267\/414|[from] item: Leftovers
|turn|4
|
|switch|p2a: Gliscor|Gliscor, M|352\/352
|move|p1a: Landorus-Therian|Stealth Rock|p2a: Gliscor
|-sidestart|p2: MartinSousRace|move: Stealth Rock
|
|-status|p2a: Gliscor|tox|[from] item: Toxic Orb
|turn|5
|
|move|p2a: Gliscor|Taunt|p1a: Landorus-Therian
|-start|p1a: Landorus-Therian|move: Taunt
|move|p1a: Landorus-Therian|U-turn|p2a: Gliscor
|-resisted|p2a: Gliscor
|-damage|p2a: Gliscor|323\/352 tox
|
|switch|p1a: Keldeo|Keldeo|323\/323
|-damage|p1a: Keldeo|303\/323|[from] Stealth Rock
|
|-heal|p1a: Keldeo|323\/323|[from] item: Leftovers
|-heal|p2a: Gliscor|352\/352 tox|[from] ability: Poison Heal
|turn|6
|
|switch|p2a: Seismitoad|Seismitoad, M|267\/414
|-damage|p2a: Seismitoad|242\/414|[from] Stealth Rock
|move|p1a: Keldeo|Calm Mind|p1a: Keldeo
|-boost|p1a: Keldeo|spa|1
|-boost|p1a: Keldeo|spd|1
|
|-heal|p2a: Seismitoad|267\/414|[from] item: Leftovers
|turn|7
|
|switch|p2a: Milotic|Milotic, F, shiny|394\/394
|-damage|p2a: Milotic|345\/394|[from] Stealth Rock
|move|p1a: Keldeo|Secret Sword|p2a: Milotic
|-damage|p2a: Milotic|143\/394
|
|-heal|p2a: Milotic|167\/394|[from] item: Leftovers
|turn|8
|
|move|p1a: Keldeo|Secret Sword|p2a: Milotic
|-damage|p2a: Milotic|0 fnt
|faint|p2a: Milotic
|
|
|switch|p2a: Scizor|Scizor, M|292\/292
|-damage|p2a: Scizor|256\/292|[from] Stealth Rock
|turn|9
|
|move|p1a: Keldeo|Substitute|p1a: Keldeo
|-start|p1a: Keldeo|Substitute
|-damage|p1a: Keldeo|243\/323
|move|p2a: Scizor|Aerial Ace|p1a: Keldeo
|-supereffective|p1a: Keldeo
|-end|p1a: Keldeo|Substitute
|
|-heal|p1a: Keldeo|263\/323|[from] item: Leftovers
|turn|10
|
|switch|p1a: Landorus-Therian|Landorus-Therian, M|382\/382
|-damage|p1a: Landorus-Therian|335\/382|[from] Stealth Rock
|-ability|p1a: Landorus-Therian|Intimidate|[of] p2a: Scizor
|-unboost|p2a: Scizor|atk|1
|move|p2a: Scizor|Aerial Ace|p1a: Landorus-Therian
|-damage|p1a: Landorus-Therian|247\/382
|
|-heal|p1a: Landorus-Therian|270\/382|[from] item: Leftovers
|turn|11
|
|switch|p2a: Gliscor|Gliscor, M|352\/352 tox
|-damage|p2a: Gliscor|308\/352 tox|[from] Stealth Rock
|move|p1a: Landorus-Therian|U-turn|p2a: Gliscor
|-resisted|p2a: Gliscor
|-damage|p2a: Gliscor|276\/352 tox
|
|switch|p1a: Misty day|Gardevoir-Mega, F, shiny|277\/277
|-damage|p1a: Misty day|243\/277|[from] Stealth Rock
|
|-heal|p2a: Gliscor|320\/352 tox|[from] ability: Poison Heal
|turn|12
|
|move|p1a: Misty day|Hyper Voice|p2a: Gliscor
|-damage|p2a: Gliscor|10\/352 tox
|move|p2a: Gliscor|U-turn|p1a: Misty day
|-damage|p1a: Misty day|162\/277
|
|switch|p2a: Scizor|Scizor, M|256\/292
|-damage|p2a: Scizor|220\/292|[from] Stealth Rock
|
|turn|13
|
|move|p1a: Misty day|Focus Blast|p2a: Scizor|[miss]
|-miss|p1a: Misty day|p2a: Scizor
|move|p2a: Scizor|Pursuit|p1a: Misty day
|-damage|p1a: Misty day|3\/277
|
|turn|14
|
|move|p1a: Misty day|Focus Blast|p2a: Scizor
|-damage|p2a: Scizor|27\/292
|move|p2a: Scizor|Pursuit|p1a: Misty day
|-damage|p1a: Misty day|0 fnt
|faint|p1a: Misty day
|
|
|switch|p1a: Keldeo|Keldeo|263\/323
|-damage|p1a: Keldeo|243\/323|[from] Stealth Rock
|turn|15
|
|switch|p2a: Zapdos|Zapdos|383\/383
|-damage|p2a: Zapdos|288\/383|[from] Stealth Rock
|-ability|p2a: Zapdos|Pressure
|move|p1a: Keldeo|Calm Mind|p1a: Keldeo
|-boost|p1a: Keldeo|spa|1
|-boost|p1a: Keldeo|spd|1
|
|-heal|p1a: Keldeo|263\/323|[from] item: Leftovers
|-heal|p2a: Zapdos|311\/383|[from] item: Leftovers
|turn|16
|
|move|p1a: Keldeo|Scald|p2a: Zapdos
|-damage|p2a: Zapdos|85\/383
|move|p2a: Zapdos|Discharge|p1a: Keldeo
|-supereffective|p1a: Keldeo
|-damage|p1a: Keldeo|107\/323
|
|-heal|p1a: Keldeo|127\/323|[from] item: Leftovers
|-heal|p2a: Zapdos|108\/383|[from] item: Leftovers
|turn|17
|
|move|p1a: Keldeo|Scald|p2a: Zapdos
|-damage|p2a: Zapdos|0 fnt
|faint|p2a: Zapdos
|
|-heal|p1a: Keldeo|147\/323|[from] item: Leftovers
|
|switch|p2a: Medicham|Medicham, M|261\/261
|-damage|p2a: Medicham|245\/261|[from] Stealth Rock
|turn|18
|
|detailschange|p2a: Medicham|Medicham-Mega, M
|message|Medicham has Mega Evolved into Mega Medicham!
|move|p2a: Medicham|Fake Out|p1a: Keldeo
|-damage|p1a: Keldeo|64\/323
|cant|p1a: Keldeo|flinch
|
|-heal|p1a: Keldeo|84\/323|[from] item: Leftovers
|turn|19
|
|move|p1a: Keldeo|Substitute|p1a: Keldeo
|-start|p1a: Keldeo|Substitute
|-damage|p1a: Keldeo|4\/323
|move|p2a: Medicham|Zen Headbutt|p1a: Keldeo
|-supereffective|p1a: Keldeo
|-end|p1a: Keldeo|Substitute
|
|-heal|p1a: Keldeo|24\/323|[from] item: Leftovers
|turn|20
|
|switch|p2a: Seismitoad|Seismitoad, M|267\/414
|-damage|p2a: Seismitoad|242\/414|[from] Stealth Rock
|move|p1a: Keldeo|Scald|p2a: Seismitoad
|-heal|p2a: Seismitoad|345\/414|[from] ability: Water Absorb|[of] p1a: Keldeo
|
|-heal|p1a: Keldeo|44\/323|[from] item: Leftovers
|-heal|p2a: Seismitoad|370\/414|[from] item: Leftovers
|turn|21
|
|move|p1a: Keldeo|Secret Sword|p2a: Seismitoad
|-damage|p2a: Seismitoad|103\/414
|move|p2a: Seismitoad|Earthquake|p1a: Keldeo
|-damage|p1a: Keldeo|0 fnt
|faint|p1a: Keldeo
|
|-heal|p2a: Seismitoad|128\/414|[from] item: Leftovers
|
|switch|p1a: Landorus-Therian|Landorus-Therian, M|270\/382
|-damage|p1a: Landorus-Therian|223\/382|[from] Stealth Rock
|-ability|p1a: Landorus-Therian|Intimidate|[of] p2a: Seismitoad
|-unboost|p2a: Seismitoad|atk|1
|turn|22
|
|move|p2a: Seismitoad|Protect|p2a: Seismitoad
|-singleturn|p2a: Seismitoad|Protect
|move|p1a: Landorus-Therian|Earthquake|p2a: Seismitoad
|-activate|p2a: Seismitoad|Protect
|
|-heal|p1a: Landorus-Therian|246\/382|[from] item: Leftovers
|-heal|p2a: Seismitoad|153\/414|[from] item: Leftovers
|turn|23
|
|move|p1a: Landorus-Therian|Earthquake|p2a: Seismitoad
|-damage|p2a: Seismitoad|0 fnt
|faint|p2a: Seismitoad
|
|-heal|p1a: Landorus-Therian|269\/382|[from] item: Leftovers
|
|switch|p2a: Medicham|Medicham-Mega, M|245\/261
|-damage|p2a: Medicham|229\/261|[from] Stealth Rock
|turn|24
|
|switch|p1a: Chansey|Chansey, F|704\/704
|-damage|p1a: Chansey|616\/704|[from] Stealth Rock
|move|p2a: Medicham|Fake Out|p1a: Chansey
|-damage|p1a: Chansey|515\/704
|
|turn|25
|
|switch|p1a: Landorus-Therian|Landorus-Therian, M|269\/382
|-damage|p1a: Landorus-Therian|222\/382|[from] Stealth Rock
|-ability|p1a: Landorus-Therian|Intimidate|[of] p2a: Medicham
|-unboost|p2a: Medicham|atk|1
|move|p2a: Medicham|High Jump Kick|p1a: Landorus-Therian
|-resisted|p1a: Landorus-Therian
|-damage|p1a: Landorus-Therian|128\/382
|
|-heal|p1a: Landorus-Therian|151\/382|[from] item: Leftovers
|turn|26
|
|switch|p1a: Chansey|Chansey, F|515\/704
|-damage|p1a: Chansey|427\/704|[from] Stealth Rock
|move|p2a: Medicham|Zen Headbutt|p1a: Chansey|[miss]
|-miss|p2a: Medicham|p1a: Chansey
|
|turn|27
|
|move|p2a: Medicham|Zen Headbutt|p1a: Chansey
|-damage|p1a: Chansey|234\/704
|move|p1a: Chansey|Seismic Toss|p2a: Medicham
|-damage|p2a: Medicham|129\/261
|
|turn|28
|
|move|p2a: Medicham|High Jump Kick|p1a: Chansey
|-supereffective|p1a: Chansey
|-damage|p1a: Chansey|0 fnt
|faint|p1a: Chansey
|
|
|switch|p1a: Laveau|Mandibuzz, F|424\/424
|-damage|p1a: Laveau|318\/424|[from] Stealth Rock
|turn|29
|
|switch|p2a: Gliscor|Gliscor, M|10\/352 tox
|-damage|p2a: Gliscor|0 fnt|[from] Stealth Rock
|faint|p2a: Gliscor
|move|p1a: Laveau|Roost|p1a: Laveau
|-heal|p1a: Laveau|424\/424
|
|
|switch|p2a: Medicham|Medicham-Mega, M|129\/261
|-damage|p2a: Medicham|113\/261|[from] Stealth Rock
|turn|30
|
|move|p2a: Medicham|High Jump Kick|p1a: Laveau
|-damage|p1a: Laveau|139\/424
|move|p1a: Laveau|Foul Play|p2a: Medicham
|-crit|p2a: Medicham
|-damage|p2a: Medicham|0 fnt
|faint|p2a: Medicham
|
|-heal|p1a: Laveau|165\/424|[from] item: Leftovers
|chat|lil manaphy|gg
|
|switch|p2a: Scizor|Scizor, M|27\/292
|-damage|p2a: Scizor|0 fnt|[from] Stealth Rock
|faint|p2a: Scizor
|
|win|lil manaphy
|raw|Ladder updating...