|join|MartinSousRace
|join|TyraniZard
|player|p1|MartinSousRace|264
|player|p2|TyraniZard|101
|gametype|singles
|gen|6
|tier|OU
|rated
|clearpoke
|poke|p1|Medicham, M, shiny
|poke|p1|Scizor, F
|poke|p1|Milotic, F
|poke|p1|Gliscor, M
|poke|p1|Seismitoad, M
|poke|p1|Zapdos, shiny
|poke|p2|Excadrill, M
|poke|p2|Tyranitar, F
|poke|p2|Gliscor, F, shiny
|poke|p2|Latios, M, shiny
|poke|p2|Pinsir, M
|poke|p2|Keldeo-Resolute
|rule|Sleep Clause Mod: Limit one foe put to sleep
|rule|Species Clause: Limit one of each Pokemon
|rule|OHKO Clause: OHKO moves are banned
|rule|Moody Clause: Moody is banned
|rule|Evasion Moves Clause: Evasion moves are banned
|rule|Endless Battle Clause: Forcing endless battles is banned.
|rule|HP Percentage Mod: HP is reported as percentages
|teampreview
|
|start
|switch|p1a: Jojo|Medicham, M, shiny|261\/261
|switch|p2a: Latios|Latios, M, shiny|302\/302
|turn|1
|
|detailschange|p1a: Jojo|Medicham-Mega, M, shiny
|message|Medicham has Mega Evolved into Mega Medicham!
|move|p1a: Jojo|Fake Out|p2a: Latios
|-damage|p2a: Latios|200\/302
|cant|p2a: Latios|flinch
|
|turn|2
|
|switch|p1a: Scizor|Scizor, F|292\/292
|move|p2a: Latios|Draco Meteor|p1a: Scizor
|-resisted|p1a: Scizor
|-damage|p1a: Scizor|127\/292
|-unboost|p2a: Latios|spa|2
|-damage|p2a: Latios|170\/302|[from] item: Life Orb
|
|turn|3
|
|move|p1a: Scizor|Pursuit|p2a: Latios|[from]Pursuit
|-supereffective|p2a: Latios
|-damage|p2a: Latios|0 fnt
|faint|p2a: Latios
|
|
|switch|p2a: Keldeo-Resolute|Keldeo-Resolute|323\/323
|turn|4
|
|switch|p1a: Toat|Seismitoad, M|414\/414
|move|p2a: Keldeo-Resolute|Secret Sword|p1a: Toat
|-damage|p1a: Toat|126\/414
|
|-heal|p1a: Toat|151\/414|[from] item: Leftovers
|turn|5
|
|move|p1a: Toat|Protect|p1a: Toat
|-singleturn|p1a: Toat|Protect
|move|p2a: Keldeo-Resolute|Secret Sword|p1a: Toat
|-activate|p1a: Toat|Protect
|
|-heal|p1a: Toat|176\/414|[from] item: Leftovers
|turn|6
|
|switch|p1a: Kanary|Zapdos, shiny|382\/382
|-ability|p1a: Kanary|Pressure
|move|p2a: Keldeo-Resolute|Secret Sword|p1a: Kanary
|-resisted|p1a: Kanary
|-damage|p1a: Kanary|289\/382
|
|-heal|p1a: Kanary|312\/382|[from] item: Leftovers
|turn|7
|
|switch|p2a: Tyranitar|Tyranitar, F|388\/388
|-weather|Sandstorm
|move|p1a: Kanary|Heat Wave|p2a: Tyranitar
|-resisted|p2a: Tyranitar
|-damage|p2a: Tyranitar|355\/388
|
|-weather|Sandstorm|[upkeep]
|-damage|p1a: Kanary|289\/382|[from] sandstorm
|-heal|p1a: Kanary|312\/382|[from] item: Leftovers
|turn|8
|
|move|p1a: Kanary|Discharge|p2a: Tyranitar
|-damage|p2a: Tyranitar|280\/388
|-status|p2a: Tyranitar|par
|cant|p2a: Tyranitar|par
|
|-weather|Sandstorm|[upkeep]
|-damage|p1a: Kanary|289\/382|[from] sandstorm
|-heal|p1a: Kanary|312\/382|[from] item: Leftovers
|turn|9
|
|cant|p2a: Tyranitar|par
|switch|p1a: Toat|Seismitoad, M|176\/414
|
|-weather|Sandstorm|[upkeep]
|-heal|p1a: Toat|201\/414|[from] item: Leftovers
|turn|10
|
|switch|p2a: Gliscor|Gliscor, F, shiny|354\/354
|move|p1a: Toat|Stealth Rock|p2a: Gliscor
|-sidestart|p2: TyraniZard|move: Stealth Rock
|
|-weather|Sandstorm|[upkeep]
|-heal|p1a: Toat|226\/414|[from] item: Leftovers
|-status|p2a: Gliscor|tox|[from] item: Toxic Orb
|turn|11
|
|switch|p1a: Gay Lord|Gliscor, M|352\/352
|move|p2a: Gliscor|Stealth Rock|p1a: Gay Lord
|-sidestart|p1: MartinSousRace|move: Stealth Rock
|
|-weather|none
|-status|p1a: Gay Lord|tox|[from] item: Toxic Orb
|turn|12
|
|move|p1a: Gay Lord|Taunt|p2a: Gliscor
|-start|p2a: Gliscor|move: Taunt
|cant|p2a: Gliscor|move: Taunt|Taunt
|
|turn|13
|
|move|p1a: Gay Lord|Knock Off|p2a: Gliscor
|-damage|p2a: Gliscor|308\/354 tox
|-enditem|p2a: Gliscor|Toxic Orb|[from] move: Knock Off|[of] p1a: Gay Lord
|move|p2a: Gliscor|Knock Off|p1a: Gay Lord
|-damage|p1a: Gay Lord|291\/352 tox
|-enditem|p1a: Gay Lord|Toxic Orb|[from] move: Knock Off|[of] p2a: Gliscor
|
|-heal|p1a: Gay Lord|335\/352 tox|[from] ability: Poison Heal
|-heal|p2a: Gliscor|352\/354 tox|[from] ability: Poison Heal
|turn|14
|
|move|p1a: Gay Lord|Knock Off|p2a: Gliscor
|-damage|p2a: Gliscor|320\/354 tox
|move|p2a: Gliscor|Knock Off|p1a: Gay Lord
|-damage|p1a: Gay Lord|293\/352 tox
|
|-heal|p1a: Gay Lord|337\/352 tox|[from] ability: Poison Heal
|-heal|p2a: Gliscor|354\/354 tox|[from] ability: Poison Heal
|-end|p2a: Gliscor|move: Taunt
|turn|15
|
|switch|p2a: Keldeo-Resolute|Keldeo-Resolute|323\/323
|-damage|p2a: Keldeo-Resolute|303\/323|[from] Stealth Rock
|move|p1a: Gay Lord|U-turn|p2a: Keldeo-Resolute
|-resisted|p2a: Keldeo-Resolute
|-damage|p2a: Keldeo-Resolute|276\/323
|
|switch|p1a: Kanary|Zapdos, shiny|312\/382
|-damage|p1a: Kanary|217\/382|[from] Stealth Rock
|-ability|p1a: Kanary|Pressure
|
|-heal|p1a: Kanary|240\/382|[from] item: Leftovers
|turn|16
|
|switch|p1a: Toat|Seismitoad, M|226\/414
|-damage|p1a: Toat|201\/414|[from] Stealth Rock
|move|p2a: Keldeo-Resolute|Hydro Pump|p1a: Toat
|-heal|p1a: Toat|304\/414|[from] ability: Water Absorb|[of] p2a: Keldeo-Resolute
|
|-heal|p1a: Toat|329\/414|[from] item: Leftovers
|turn|17
|
|switch|p2a: Gliscor|Gliscor, F, shiny|354\/354 tox
|-damage|p2a: Gliscor|310\/354 tox|[from] Stealth Rock
|move|p1a: Toat|Ice Punch|p2a: Gliscor
|-supereffective|p2a: Gliscor
|-damage|p2a: Gliscor|146\/354 tox
|
|-heal|p1a: Toat|354\/414|[from] item: Leftovers
|-heal|p2a: Gliscor|190\/354 tox|[from] ability: Poison Heal
|turn|18
|
|switch|p1a: Jojo|Medicham-Mega, M, shiny|261\/261
|-damage|p1a: Jojo|245\/261|[from] Stealth Rock
|move|p2a: Gliscor|Knock Off|p1a: Jojo
|-damage|p1a: Jojo|194\/261
|
|-heal|p2a: Gliscor|234\/354 tox|[from] ability: Poison Heal
|turn|19
|
|move|p1a: Jojo|Zen Headbutt|p2a: Gliscor
|-damage|p2a: Gliscor|86\/354 tox
|move|p2a: Gliscor|Earthquake|p1a: Jojo
|-damage|p1a: Jojo|53\/261
|
|-heal|p2a: Gliscor|130\/354 tox|[from] ability: Poison Heal
|turn|20
|
|move|p1a: Jojo|High Jump Kick|p2a: Gliscor
|-crit|p2a: Gliscor
|-resisted|p2a: Gliscor
|-damage|p2a: Gliscor|0 fnt
|faint|p2a: Gliscor
|
|
|switch|p2a: Pinsir|Pinsir, M|272\/272
|-damage|p2a: Pinsir|204\/272|[from] Stealth Rock
|turn|21
|
|switch|p1a: Nami|Milotic, F|394\/394
|-damage|p1a: Nami|345\/394|[from] Stealth Rock
|detailschange|p2a: Pinsir|Pinsir-Mega, M
|message|Pinsir has Mega Evolved into Mega Pinsir!
|move|p2a: Pinsir|Swords Dance|p2a: Pinsir
|-boost|p2a: Pinsir|atk|2
|
|-heal|p1a: Nami|369\/394|[from] item: Leftovers
|turn|22
|
|move|p2a: Pinsir|Return|p1a: Nami
|-damage|p1a: Nami|0 fnt
|faint|p1a: Nami
|
|
|switch|p1a: Scizor|Scizor, F|127\/292
|-damage|p1a: Scizor|91\/292|[from] Stealth Rock
|turn|23
|
|move|p2a: Pinsir|Quick Attack|p1a: Scizor
|-damage|p1a: Scizor|0 fnt
|faint|p1a: Scizor
|
|
|switch|p1a: Jojo|Medicham-Mega, M, shiny|53\/261
|-damage|p1a: Jojo|37\/261|[from] Stealth Rock
|turn|24
|
|move|p1a: Jojo|Fake Out|p2a: Pinsir
|-damage|p2a: Pinsir|132\/272
|cant|p2a: Pinsir|flinch
|
|turn|25
|
|move|p2a: Pinsir|Quick Attack|p1a: Jojo
|-supereffective|p1a: Jojo
|-damage|p1a: Jojo|0 fnt
|faint|p1a: Jojo
|
|
|switch|p1a: Kanary|Zapdos, shiny|240\/382
|-damage|p1a: Kanary|145\/382|[from] Stealth Rock
|-ability|p1a: Kanary|Pressure
|turn|26
|
|move|p2a: Pinsir|Return|p1a: Kanary
|-resisted|p1a: Kanary
|-damage|p1a: Kanary|0 fnt
|faint|p1a: Kanary
|
|-message|MartinSousRace forfeited.
|
|win|TyraniZard
|raw|Ladder updating...
|raw|MartinSousRace's rating: 1744 &rarr; <strong>1725<\/strong><br \/>(-19 for losing)
|raw|TyraniZard's rating: 1760 &rarr; <strong>1779<\/strong><br \/>(+19 for winning)
|leave|MartinSousRace
|player|p1