|join|FildrongJVC
|join|martinsousrace
|player|p1|FildrongJVC|43
|player|p2|martinsousrace|264
|gametype|singles
|gen|6
|tier|OU
|clearpoke
|poke|p1|Diancie
|poke|p1|Magnezone
|poke|p1|Landorus-Therian, M
|poke|p1|Breloom, F
|poke|p1|Volcarona, M
|poke|p1|Gliscor, F
|poke|p2|Celebi
|poke|p2|Bisharp, F
|poke|p2|Landorus-Therian, M
|poke|p2|Gardevoir, F
|poke|p2|Thundurus, M
|poke|p2|Azumarill, F
|rule|Swagger Clause: Swagger is banned
|rule|Baton Pass Clause: Limit one PokÃ©mon knowing Baton Pass
|rule|Sleep Clause Mod: Limit one foe put to sleep
|rule|Species Clause: Limit one of each PokÃ©mon
|rule|OHKO Clause: OHKO moves are banned
|rule|Moody Clause: Moody is banned
|rule|Evasion Moves Clause: Evasion moves are banned
|rule|Endless Battle Clause: Forcing endless battles is banned
|rule|HP Percentage Mod: HP is shown in percentages
|teampreview
|
|start
|switch|p1a: Gliscor|Gliscor, F|292\/292
|switch|p2a: Azumarill|Azumarill, F|349\/349
|turn|1
|
|move|p1a: Gliscor|Stealth Rock|p2a: Azumarill
|-sidestart|p2: martinsousrace|move: Stealth Rock
|move|p2a: Azumarill|Waterfall|p1a: Gliscor
|-supereffective|p1a: Gliscor
|-damage|p1a: Gliscor|0 fnt
|faint|p1a: Gliscor
|
|
|switch|p1a: Breloom|Breloom, F|262\/262
|turn|2
|
|switch|p2a: Celebi|Celebi|404\/404
|-damage|p2a: Celebi|354\/404|[from] Stealth Rock
|move|p1a: Breloom|Rock Tomb|p2a: Celebi
|-damage|p2a: Celebi|242\/404
|-unboost|p2a: Celebi|spe|1
|
|-heal|p2a: Celebi|267\/404|[from] item: Leftovers
|turn|3
|
|switch|p1a: Volcarona|Volcarona, M|373\/373
|move|p2a: Celebi|Substitute|p2a: Celebi
|-start|p2a: Celebi|Substitute
|-damage|p2a: Celebi|166\/404
|
|-heal|p2a: Celebi|191\/404|[from] item: Leftovers
|turn|4
|
|move|p1a: Volcarona|Quiver Dance|p1a: Volcarona
|-boost|p1a: Volcarona|spa|1
|-boost|p1a: Volcarona|spd|1
|-boost|p1a: Volcarona|spe|1
|move|p2a: Celebi|Baton Pass|p2a: Celebi
|
|switch|p2a: Azumarill|Azumarill, F|349\/349
|-damage|p2a: Azumarill|306\/349|[from] Stealth Rock
|
|turn|5
|
|move|p1a: Volcarona|Bug Buzz|p2a: Azumarill
|-crit|p2a: Azumarill
|-resisted|p2a: Azumarill
|-damage|p2a: Azumarill|140\/349
|move|p2a: Azumarill|Waterfall|p1a: Volcarona
|-supereffective|p1a: Volcarona
|-damage|p1a: Volcarona|0 fnt
|-status|p2a: Azumarill|brn
|faint|p1a: Volcarona
|
|-damage|p2a: Azumarill|97\/349 brn|[from] brn
|
|switch|p1a: Breloom|Breloom, F|262\/262
|turn|6
|
|move|p1a: Breloom|Bullet Seed|p2a: Azumarill
|-supereffective|p2a: Azumarill
|-end|p2a: Azumarill|Substitute
|-crit|p2a: Azumarill
|-supereffective|p2a: Azumarill
|-damage|p2a: Azumarill|0 fnt
|-hitcount|p2a: Azumarill|2
|faint|p2a: Azumarill
|
|
|switch|p2a: Celebi|Celebi|191\/404
|-damage|p2a: Celebi|141\/404|[from] Stealth Rock
|turn|7
|
|move|p2a: Celebi|Recover|p2a: Celebi
|-heal|p2a: Celebi|343\/404
|move|p1a: Breloom|Rock Tomb|p2a: Celebi
|-damage|p2a: Celebi|218\/404
|-unboost|p2a: Celebi|spe|1
|
|-heal|p2a: Celebi|243\/404|[from] item: Leftovers
|turn|8
|
|switch|p1a: Landorus-Therian|Landorus-Therian, M|330\/330
|-ability|p1a: Landorus-Therian|Intimidate|[of] p2a: Celebi
|-unboost|p2a: Celebi|atk|1
|move|p2a: Celebi|Baton Pass|p2a: Celebi
|
|switch|p2a: Landorus-Therian|Landorus-Therian, M|381\/381
|-damage|p2a: Landorus-Therian|334\/381|[from] Stealth Rock
|-ability|p2a: Landorus-Therian|Intimidate|[of] p1a: Landorus-Therian
|-unboost|p1a: Landorus-Therian|atk|1
|
|turn|9
|
|move|p1a: Landorus-Therian|U-turn|p2a: Landorus-Therian
|-resisted|p2a: Landorus-Therian
|-damage|p2a: Landorus-Therian|308\/381
|-damage|p1a: Landorus-Therian|275\/330|[from] item: Rocky Helmet|[of] p2a: Landorus-Therian
|
|switch|p1a: Breloom|Breloom, F|262\/262
|move|p2a: Landorus-Therian|Knock Off|p1a: Breloom
|-crit|p1a: Breloom
|-resisted|p1a: Breloom
|-damage|p1a: Breloom|167\/262
|-enditem|p1a: Breloom|Focus Sash|[from] move: Knock Off|[of] p2a: Landorus-Therian
|
|turn|10
|
|switch|p2a: Celebi|Celebi|243\/404
|-damage|p2a: Celebi|193\/404|[from] Stealth Rock
|move|p1a: Breloom|Bullet Seed|p2a: Celebi
|-crit|p2a: Celebi
|-resisted|p2a: Celebi
|-damage|p2a: Celebi|134\/404
|-resisted|p2a: Celebi
|-damage|p2a: Celebi|98\/404
|-resisted|p2a: Celebi
|-damage|p2a: Celebi|62\/404
|-hitcount|p2a: Celebi|3
|
|-heal|p2a: Celebi|87\/404|[from] item: Leftovers
|turn|11
|
|switch|p1a: Diancie|Diancie|242\/242
|move|p2a: Celebi|Recover|p2a: Celebi
|-heal|p2a: Celebi|289\/404
|
|-heal|p2a: Celebi|314\/404|[from] item: Leftovers
|turn|12
|
|detailschange|p1a: Diancie|Diancie-Mega
|message|Diancie has Mega Evolved into Mega Diancie!
|move|p2a: Celebi|Giga Drain|p1a: Diancie
|-supereffective|p1a: Diancie
|-damage|p1a: Diancie|68\/242
|-heal|p2a: Celebi|401\/404|[from] drain|[of] p1a: Diancie
|move|p1a: Diancie|Moonblast|p2a: Celebi
|-crit|p2a: Celebi
|-damage|p2a: Celebi|166\/404
|
|-heal|p2a: Celebi|191\/404|[from] item: Leftovers
|turn|13
|
|move|p1a: Diancie|Moonblast|p2a: Celebi
|-damage|p2a: Celebi|31\/404
|move|p2a: Celebi|Giga Drain|p1a: Diancie
|-supereffective|p1a: Diancie
|-damage|p1a: Diancie|0 fnt
|-heal|p2a: Celebi|65\/404|[from] drain|[of] p1a: Diancie
|faint|p1a: Diancie
|
|-heal|p2a: Celebi|90\/404|[from] item: Leftovers
|
|switch|p1a: Landorus-Therian|Landorus-Therian, M|275\/330
|-ability|p1a: Landorus-Therian|Intimidate|[of] p2a: Celebi
|-unboost|p2a: Celebi|atk|1
|turn|14
|
|move|p1a: Landorus-Therian|U-turn|p2a: Celebi
|-supereffective|p2a: Celebi
|-damage|p2a: Celebi|0 fnt
|faint|p2a: Celebi
|
|switch|p1a: Breloom|Breloom, F|167\/262
|
|
|switch|p2a: Gardevoir|Gardevoir, F|301\/301
|-damage|p2a: Gardevoir|264\/301|[from] Stealth Rock
|-ability|p2a: Gardevoir|Technician|[from] ability: Trace|[of] p1a: Breloom
|turn|15
|
|switch|p1a: Magnezone|Magnezone|295\/295
|detailschange|p2a: Gardevoir|Gardevoir-Mega, F
|message|Gardevoir has Mega Evolved into Mega Gardevoir!
|move|p2a: Gardevoir|Hyper Voice|p1a: Magnezone
|-resisted|p1a: Magnezone
|-damage|p1a: Magnezone|157\/295
|
|turn|16
|
|switch|p2a: Bisharp|Bisharp, F|272\/272
|-damage|p2a: Bisharp|255\/272|[from] Stealth Rock
|move|p1a: Magnezone|Flash Cannon|p2a: Bisharp
|-resisted|p2a: Bisharp
|-damage|p2a: Bisharp|88\/272
|
|turn|17
|
|move|p2a: Bisharp|Sucker Punch|p1a: Magnezone
|-damage|p1a: Magnezone|0 fnt
|-damage|p2a: Bisharp|61\/272|[from] item: Life Orb
|faint|p1a: Magnezone
|
|
|switch|p1a: Breloom|Breloom, F|167\/262
|turn|18
|
|move|p2a: Bisharp|Sucker Punch|p1a: Breloom
|-fail|p1a: Breloom
|move|p1a: Breloom|Spore|p2a: Bisharp
|-status|p2a: Bisharp|slp
|
|turn|19
|
|cant|p2a: Bisharp|slp
|move|p1a: Breloom|Bullet Seed|p2a: Bisharp
|-resisted|p2a: Bisharp
|-damage|p2a: Bisharp|24\/272 slp
|-resisted|p2a: Bisharp
|-damage|p2a: Bisharp|0 fnt
|-hitcount|p2a: Bisharp|2
|faint|p2a: Bisharp
|
|
|switch|p2a: Gardevoir|Gardevoir-Mega, F|264\/301
|-damage|p2a: Gardevoir|227\/301|[from] Stealth Rock
|turn|20
|
|move|p1a: Breloom|Mach Punch|p2a: Gardevoir
|-resisted|p2a: Gardevoir
|-damage|p2a: Gardevoir|190\/301
|move|p2a: Gardevoir|Hyper Voice|p1a: Breloom
|-supereffective|p1a: Breloom
|-damage|p1a: Breloom|0 fnt
|faint|p1a: Breloom
|
|
|switch|p1a: Landorus-Therian|Landorus-Therian, M|275\/330
|-ability|p1a: Landorus-Therian|Intimidate|[of] p2a: Gardevoir
|-unboost|p2a: Gardevoir|atk|1
|turn|21
|
|move|p1a: Landorus-Therian|Knock Off|p2a: Gardevoir
|-damage|p2a: Gardevoir|55\/301
|move|p2a: Gardevoir|Hyper Voice|p1a: Landorus-Therian
|-damage|p1a: Landorus-Therian|0 fnt
|faint|p1a: Landorus-Therian
|
|win|martinsousrace
|c|âmartinsousrace|gg <3
|c|âFildrongJVC|CASSE TOI
|c|âFildrongJVC|SOUS RACE
|c|âmartinsousrace|:(
|c|âFildrongJVC|MARTIN
|c|âFildrongJVC|LE MALIN
|leave|FildrongJVC
|player|p1