|join|martinsousrace
|join|Filth Monger
|player|p1|martinsousrace|138
|player|p2|Filth Monger|280
|gametype|singles
|gen|6
|tier|OU
|rated
|clearpoke
|poke|p1|Landorus-Therian, M
|poke|p1|Beedrill, F
|poke|p1|Keldeo
|poke|p1|Clefable, M
|poke|p1|Latias, F
|poke|p1|Magneton
|poke|p2|Landorus, M
|poke|p2|Thundurus, M
|poke|p2|Charizard, F
|poke|p2|Excadrill, M
|poke|p2|Tyranitar, M
|poke|p2|Clefable, F
|rule|Swagger Clause: Swagger is banned
|rule|Baton Pass Clause: Limit one PokÃ©mon knowing Baton Pass
|rule|Sleep Clause Mod: Limit one foe put to sleep
|rule|Species Clause: Limit one of each PokÃ©mon
|rule|OHKO Clause: OHKO moves are banned
|rule|Moody Clause: Moody is banned
|rule|Evasion Moves Clause: Evasion moves are banned
|rule|Endless Battle Clause: Forcing endless battles is banned
|rule|HP Percentage Mod: HP is shown in percentages
|teampreview
|c|âmartinsousrace|gay the team
|c|âmartinsousrace|i love it
|
|start
|switch|p1a: BZZZZ ZBZBZBZBZBZ|Beedrill, F|271\/271
|switch|p2a: Charizard|Charizard, F|359\/359
|turn|1
|
|detailschange|p2a: Charizard|Charizard-Mega-X, F
|-mega|p2a: Charizard|Charizard|Charizardite X
|detailschange|p1a: BZZZZ ZBZBZBZBZBZ|Beedrill-Mega, F
|-mega|p1a: BZZZZ ZBZBZBZBZBZ|Beedrill|Beedrillite
|move|p1a: BZZZZ ZBZBZBZBZBZ|Protect|p1a: BZZZZ ZBZBZBZBZBZ
|-singleturn|p1a: BZZZZ ZBZBZBZBZBZ|Protect
|move|p2a: Charizard|Flare Blitz|p1a: BZZZZ ZBZBZBZBZBZ
|-activate|p1a: BZZZZ ZBZBZBZBZBZ|Protect
|
|turn|2
|
|move|p1a: BZZZZ ZBZBZBZBZBZ|U-turn|p2a: Charizard
|-resisted|p2a: Charizard
|-damage|p2a: Charizard|277\/359
|
|switch|p1a: CHOICE SPEC|Landorus-Therian, M|324\/324
|-ability|p1a: CHOICE SPEC|Intimidate|[of] p2a: Charizard
|-unboost|p2a: Charizard|atk|1
|move|p2a: Charizard|Will-O-Wisp|p1a: CHOICE SPEC
|-status|p1a: CHOICE SPEC|brn
|
|-damage|p1a: CHOICE SPEC|284\/324 brn|[from] brn
|turn|3
|c|âmartinsousrace|gud
|
|switch|p1a: FILDRONG)|Clefable, M|393\/393
|switch|p2a: Clefable|Clefable, F|394\/394
|
|turn|4
|
|move|p1a: FILDRONG)|Stealth Rock|p2a: Clefable
|-sidestart|p2: Filth Monger|move: Stealth Rock
|move|p2a: Clefable|Stealth Rock|p1a: FILDRONG)
|-sidestart|p1: martinsousrace|move: Stealth Rock
|
|turn|5
|
|switch|p1a: BZZZZ ZBZBZBZBZBZ|Beedrill-Mega, F|271\/271
|-damage|p1a: BZZZZ ZBZBZBZBZBZ|204\/271|[from] Stealth Rock
|switch|p2a: Excadrill|Excadrill, M|361\/361
|-damage|p2a: Excadrill|350\/361|[from] Stealth Rock
|
|turn|6
|
|move|p1a: BZZZZ ZBZBZBZBZBZ|U-turn|p2a: Excadrill
|-resisted|p2a: Excadrill
|-damage|p2a: Excadrill|217\/361
|
|switch|p1a: CHOICE SPEC|Landorus-Therian, M|284\/324 brn
|-damage|p1a: CHOICE SPEC|244\/324 brn|[from] Stealth Rock
|-ability|p1a: CHOICE SPEC|Intimidate|[of] p2a: Excadrill
|-unboost|p2a: Excadrill|atk|1
|move|p2a: Excadrill|Rapid Spin|p1a: CHOICE SPEC
|-damage|p1a: CHOICE SPEC|217\/324 brn
|-sideend|p2: Filth Monger|Stealth Rock|[from] move: Rapid Spin|[of] p2a: Excadrill
|-damage|p2a: Excadrill|181\/361|[from] item: Life Orb
|
|-damage|p1a: CHOICE SPEC|177\/324 brn|[from] brn
|turn|7
|
|switch|p1a: R3D3|Magneton|241\/241
|-damage|p1a: R3D3|226\/241|[from] Stealth Rock
|switch|p2a: Thundurus|Thundurus, M|299\/299
|
|turn|8
|
|move|p1a: R3D3|Volt Switch|p2a: Thundurus
|-damage|p2a: Thundurus|143\/299
|
|switch|p1a: FILDRONG)|Clefable, M|393\/393
|move|p2a: Thundurus|Knock Off|p1a: FILDRONG)
|-resisted|p1a: FILDRONG)
|-damage|p1a: FILDRONG)|329\/393
|-enditem|p1a: FILDRONG)|Leftovers|[from] move: Knock Off|[of] p2a: Thundurus
|-damage|p2a: Thundurus|114\/299|[from] item: Life Orb
|
|turn|9
|
|move|p2a: Thundurus|Thunder Wave|p1a: FILDRONG)
|-status|p1a: FILDRONG)|par
|move|p1a: FILDRONG)|Flamethrower|p2a: Thundurus
|-damage|p2a: Thundurus|19\/299
|
|turn|10
|
|switch|p2a: Charizard|Charizard-Mega-X, F|277\/359
|move|p1a: FILDRONG)|Stealth Rock|p2a: Charizard
|-sidestart|p2: Filth Monger|move: Stealth Rock
|
|turn|11
|
|move|p2a: Charizard|Flare Blitz|p1a: FILDRONG)
|-damage|p1a: FILDRONG)|77\/393 par
|-damage|p2a: Charizard|194\/359|[from] recoil|[of] p1a: FILDRONG)
|move|p1a: FILDRONG)|Moonblast|p2a: Charizard
|-damage|p2a: Charizard|86\/359
|
|turn|12
|
|switch|p1a: CHOICE SPEC|Landorus-Therian, M|177\/324 brn
|-damage|p1a: CHOICE SPEC|137\/324 brn|[from] Stealth Rock
|-ability|p1a: CHOICE SPEC|Intimidate|[of] p2a: Charizard
|-unboost|p2a: Charizard|atk|1
|move|p2a: Charizard|Roost|p2a: Charizard
|-heal|p2a: Charizard|266\/359
|
|-damage|p1a: CHOICE SPEC|97\/324 brn|[from] brn
|turn|13
|
|switch|p2a: Clefable|Clefable, F|394\/394
|move|p1a: CHOICE SPEC|Earthquake|p2a: Clefable
|-damage|p2a: Clefable|295\/394
|
|-heal|p2a: Clefable|319\/394|[from] item: Leftovers
|-damage|p1a: CHOICE SPEC|57\/324 brn|[from] brn
|-enditem|p1a: CHOICE SPEC|Salac Berry|[eat]
|-boost|p1a: CHOICE SPEC|spe|1|[from] item: Salac Berry
|turn|14
|
|move|p1a: CHOICE SPEC|Swords Dance|p1a: CHOICE SPEC
|-boost|p1a: CHOICE SPEC|atk|2
|move|p2a: Clefable|Soft-Boiled|p2a: Clefable
|-heal|p2a: Clefable|394\/394
|
|-damage|p1a: CHOICE SPEC|17\/324 brn|[from] brn
|turn|15
|
|move|p1a: CHOICE SPEC|Stone Edge|p2a: Clefable
|-damage|p2a: Clefable|249\/394
|move|p2a: Clefable|Soft-Boiled|p2a: Clefable
|-heal|p2a: Clefable|394\/394
|
|-damage|p1a: CHOICE SPEC|0 fnt|[from] brn
|faint|p1a: CHOICE SPEC
|
|switch|p1a: BZZZZ ZBZBZBZBZBZ|Beedrill-Mega, F|204\/271
|-damage|p1a: BZZZZ ZBZBZBZBZBZ|137\/271|[from] Stealth Rock
|turn|16
|
|switch|p2a: Tyranitar|Tyranitar, M|341\/341
|-damage|p2a: Tyranitar|299\/341|[from] Stealth Rock
|-weather|Sandstorm
|move|p1a: BZZZZ ZBZBZBZBZBZ|Poison Jab|p2a: Tyranitar
|-resisted|p2a: Tyranitar
|-damage|p2a: Tyranitar|195\/341
|-status|p2a: Tyranitar|psn
|
|-weather|Sandstorm|[upkeep]
|-damage|p1a: BZZZZ ZBZBZBZBZBZ|121\/271|[from] sandstorm
|-damage|p2a: Tyranitar|153\/341 psn|[from] psn
|turn|17
|
|move|p1a: BZZZZ ZBZBZBZBZBZ|U-turn|p2a: Tyranitar
|-supereffective|p2a: Tyranitar
|-damage|p2a: Tyranitar|0 fnt
|faint|p2a: Tyranitar
|
|switch|p1a: FILDRONG)|Clefable, M|77\/393 par
|
|-weather|Sandstorm|[upkeep]
|
|switch|p2a: Excadrill|Excadrill, M|181\/361
|-damage|p2a: Excadrill|170\/361|[from] Stealth Rock
|turn|18
|
|switch|p1a: R3D3|Magneton|226\/241
|-damage|p1a: R3D3|211\/241|[from] Stealth Rock
|move|p2a: Excadrill|Rapid Spin|p1a: R3D3
|-resisted|p1a: R3D3
|-damage|p1a: R3D3|194\/241
|-sideend|p2: Filth Monger|Stealth Rock|[from] move: Rapid Spin|[of] p2a: Excadrill
|-damage|p2a: Excadrill|134\/361|[from] item: Life Orb
|
|-weather|Sandstorm|[upkeep]
|turn|19
|
|move|p2a: Excadrill|Earthquake|p1a: R3D3
|-supereffective|p1a: R3D3
|-damage|p1a: R3D3|0 fnt
|-damage|p2a: Excadrill|98\/361|[from] item: Life Orb
|faint|p1a: R3D3
|
|-weather|Sandstorm|[upkeep]
|
|switch|p1a: METEOR2PEGOZ|Latias, F|319\/319
|-damage|p1a: METEOR2PEGOZ|280\/319|[from] Stealth Rock
|turn|20
|
|switch|p1a: FILDRONG)|Clefable, M|77\/393 par
|move|p2a: Excadrill|Iron Head|p1a: FILDRONG)
|-supereffective|p1a: FILDRONG)
|-damage|p1a: FILDRONG)|0 fnt
|-damage|p2a: Excadrill|62\/361|[from] item: Life Orb
|faint|p1a: FILDRONG)
|
|-weather|none
|
|switch|p1a: BZZZZ ZBZBZBZBZBZ|Beedrill-Mega, F|121\/271
|-damage|p1a: BZZZZ ZBZBZBZBZBZ|54\/271|[from] Stealth Rock
|turn|21
|
|move|p1a: BZZZZ ZBZBZBZBZBZ|Knock Off|p2a: Excadrill
|-damage|p2a: Excadrill|0 fnt
|-enditem|p2a: Excadrill|Life Orb|[from] move: Knock Off|[of] p1a: BZZZZ ZBZBZBZBZBZ
|faint|p2a: Excadrill
|
|
|switch|p2a: Landorus|Landorus, M|319\/319
|turn|22
|
|move|p1a: BZZZZ ZBZBZBZBZBZ|U-turn|p2a: Landorus
|-resisted|p2a: Landorus
|-damage|p2a: Landorus|211\/319
|
|switch|p1a: Tico|Keldeo|323\/323
|-damage|p1a: Tico|303\/323|[from] Stealth Rock
|move|p2a: Landorus|Rock Polish|p2a: Landorus
|-boost|p2a: Landorus|spe|2
|
|turn|23
|
|move|p2a: Landorus|Earth Power|p1a: Tico
|-damage|p1a: Tico|30\/323
|move|p1a: Tico|Scald|p2a: Landorus
|-supereffective|p2a: Landorus
|-damage|p2a: Landorus|0 fnt
|faint|p2a: Landorus
|
|
|switch|p2a: Thundurus|Thundurus, M|19\/299
|turn|24
|
|move|p2a: Thundurus|Thunder Wave|p1a: Tico
|-status|p1a: Tico|par
|move|p1a: Tico|Scald|p2a: Thundurus
|-damage|p2a: Thundurus|0 fnt
|faint|p2a: Thundurus
|
|
|switch|p2a: Charizard|Charizard-Mega-X, F|266\/359
|turn|25
|
|switch|p1a: BZZZZ ZBZBZBZBZBZ|Beedrill-Mega, F|54\/271
|-damage|p1a: BZZZZ ZBZBZBZBZBZ|0 fnt|[from] Stealth Rock
|faint|p1a: BZZZZ ZBZBZBZBZBZ
|move|p2a: Charizard|Earthquake|p1: BZZZZ ZBZBZBZBZBZ|[notarget]
|-notarget
|
|
|switch|p1a: METEOR2PEGOZ|Latias, F|280\/319
|-damage|p1a: METEOR2PEGOZ|241\/319|[from] Stealth Rock
|turn|26
|
|switch|p2a: Clefable|Clefable, F|394\/394
|move|p1a: METEOR2PEGOZ|Psyshock|p2a: Clefable
|-damage|p2a: Clefable|215\/394
|-damage|p1a: METEOR2PEGOZ|210\/319|[from] item: Life Orb
|
|-heal|p2a: Clefable|239\/394|[from] item: Leftovers
|turn|27
|
|move|p1a: METEOR2PEGOZ|Psyshock|p2a: Clefable
|-damage|p2a: Clefable|82\/394
|-damage|p1a: METEOR2PEGOZ|179\/319|[from] item: Life Orb
|move|p2a: Clefable|Soft-Boiled|p2a: Clefable
|-heal|p2a: Clefable|279\/394
|
|-heal|p2a: Clefable|303\/394|[from] item: Leftovers
|turn|28
|
|move|p1a: METEOR2PEGOZ|Healing Wish|p1a: METEOR2PEGOZ
|faint|p1a: METEOR2PEGOZ
|move|p2a: Clefable|Moonblast|p1: METEOR2PEGOZ|[notarget]
|-notarget
|
|-heal|p2a: Clefable|327\/394|[from] item: Leftovers
|
|switch|p1a: Tico|Keldeo|30\/323 par
|-heal|p1a: Tico|323\/323|[from] move: Healing Wish
|-damage|p1a: Tico|303\/323|[from] Stealth Rock
|turn|29
|
|move|p1a: Tico|Hydro Pump|p2a: Clefable
|-damage|p2a: Clefable|51\/394
|move|p2a: Clefable|Moonblast|p1a: Tico
|-supereffective|p1a: Tico
|-damage|p1a: Tico|57\/323
|-unboost|p1a: Tico|spa|1
|
|-heal|p2a: Clefable|75\/394|[from] item: Leftovers
|turn|30
|c|âmartinsousrace|come on
|
|move|p1a: Tico|Hydro Pump|p2a: Clefable
|-damage|p2a: Clefable|0 fnt
|faint|p2a: Clefable
|
|
|switch|p2a: Charizard|Charizard-Mega-X, F|266\/359
|turn|31
|c|âmartinsousrace|hydro was on dmg range pff
|
|move|p1a: Tico|Hydro Pump|p2a: Charizard
|-damage|p2a: Charizard|68\/359
|move|p2a: Charizard|Earthquake|p1a: Tico
|-damage|p1a: Tico|0 fnt
|faint|p1a: Tico
|
|win|Filth Monger
|raw|Ladder updating...
|raw|martinsousrace's rating: 1487 &rarr; <strong>1463<\/strong><br \/>(-24 for losing)
|raw|Filth Monger's rating: 1408 &rarr; <strong>1433<\/strong><br \/>(+25 for winning)
|c|âmartinsousrace|gaaaaaaayyyyyyyyy
|c|âmartinsousrace|gg