|join|MartinSousRace
|join|Auburn Hills
|player|p1|MartinSousRace|138
|player|p2|Auburn Hills|289
|gametype|singles
|gen|6
|tier|OU
|rated
|clearpoke
|poke|p1|Cloyster, M
|poke|p1|Entei, shiny
|poke|p1|Mew
|poke|p1|Honchkrow, F
|poke|p1|Starmie
|poke|p1|Diancie
|poke|p2|Volcarona, F
|poke|p2|Mamoswine, M
|poke|p2|Medicham, M
|poke|p2|Umbreon, M
|poke|p2|Cofagrigus, F
|poke|p2|Starmie
|rule|Swagger Clause: Swagger is banned
|rule|Baton Pass Clause: Limit one PokÃ©mon knowing Baton Pass
|rule|Sleep Clause Mod: Limit one foe put to sleep
|rule|Species Clause: Limit one of each PokÃ©mon
|rule|OHKO Clause: OHKO moves are banned
|rule|Moody Clause: Moody is banned
|rule|Evasion Moves Clause: Evasion moves are banned
|rule|Endless Battle Clause: Forcing endless battles is banned
|rule|HP Percentage Mod: HP is shown in percentages
|teampreview
|
|start
|switch|p1a: Starmie|Starmie|261\/261
|switch|p2a: HORACE GRANT|Mamoswine, M|362\/362
|turn|1
|
|move|p1a: Starmie|Hydro Pump|p2a: HORACE GRANT
|-supereffective|p2a: HORACE GRANT
|-enditem|p2a: HORACE GRANT|Focus Sash
|-damage|p2a: HORACE GRANT|1\/362
|-damage|p1a: Starmie|235\/261|[from] item: Life Orb
|move|p2a: HORACE GRANT|Earthquake|p1a: Starmie
|-damage|p1a: Starmie|39\/261
|
|turn|2
|
|move|p2a: HORACE GRANT|Ice Shard|p1a: Starmie
|-resisted|p1a: Starmie
|-damage|p1a: Starmie|0 fnt
|faint|p1a: Starmie
|
|
|switch|p1a: Cloyster|Cloyster, M|241\/241
|turn|3
|
|move|p1a: Cloyster|Ice Shard|p2a: HORACE GRANT
|-damage|p2a: HORACE GRANT|0 fnt
|faint|p2a: HORACE GRANT
|
|
|switch|p2a: PIPPEN|Medicham, M|262\/262
|turn|4
|
|switch|p1a: Mew|Mew|404\/404
|detailschange|p2a: PIPPEN|Medicham-Mega, M
|-mega|p2a: PIPPEN|Medicham|Medichamite
|move|p2a: PIPPEN|Drain Punch|p1a: Mew
|-resisted|p1a: Mew
|-damage|p1a: Mew|284\/404
|
|turn|5
|
|switch|p2a: JORDAN|Volcarona, F|312\/312
|move|p1a: Mew|Thunder Wave|p2a: JORDAN
|-status|p2a: JORDAN|par
|-enditem|p2a: JORDAN|Lum Berry|[eat]
|-curestatus|p2a: JORDAN|par
|
|turn|6
|
|switch|p2a: STEVE KERR|Umbreon, M|394\/394
|move|p1a: Mew|Thunder Wave|p2a: STEVE KERR
|-status|p2a: STEVE KERR|par
|-status|p1a: Mew|par
|
|turn|7
|
|move|p1a: Mew|Taunt|p2a: STEVE KERR
|-start|p2a: STEVE KERR|move: Taunt
|cant|p2a: STEVE KERR|move: Taunt|Heal Bell
|
|turn|8
|
|move|p1a: Mew|Stealth Rock|p2a: STEVE KERR
|-sidestart|p2: Auburn Hills|move: Stealth Rock
|move|p2a: STEVE KERR|Foul Play|p1a: Mew
|-supereffective|p1a: Mew
|-damage|p1a: Mew|84\/404 par
|
|turn|9
|
|switch|p2a: RODMAN|Starmie|261\/261
|-damage|p2a: RODMAN|229\/261|[from] Stealth Rock
|move|p1a: Mew|Superpower|p2a: RODMAN
|-resisted|p2a: RODMAN
|-damage|p2a: RODMAN|180\/261
|-unboost|p1a: Mew|atk|1
|-unboost|p1a: Mew|def|1
|
|turn|10
|
|switch|p1a: Honchkrow|Honchkrow, F|341\/341
|move|p2a: RODMAN|Rapid Spin|p1a: Honchkrow
|-damage|p1a: Honchkrow|320\/341
|-sideend|p2: Auburn Hills|Stealth Rock|[from] move: Rapid Spin|[of] p2a: RODMAN
|
|turn|11
|
|move|p1a: Honchkrow|Pursuit|p2a: RODMAN|[from]Pursuit
|-supereffective|p2a: RODMAN
|-damage|p2a: RODMAN|0 fnt
|-damage|p1a: Honchkrow|286\/341|[from] item: Life Orb
|faint|p2a: RODMAN
|-boost|p1a: Honchkrow|atk|1|[from] ability: Moxie
|
|
|switch|p2a: JORDAN|Volcarona, F|312\/312
|turn|12
|
|move|p2a: JORDAN|Bug Buzz|p1a: Honchkrow
|-damage|p1a: Honchkrow|27\/341
|move|p1a: Honchkrow|Brave Bird|p2a: JORDAN
|-crit|p2a: JORDAN
|-supereffective|p2a: JORDAN
|-damage|p2a: JORDAN|0 fnt
|-damage|p1a: Honchkrow|0 fnt|[from] recoil|[of] p2a: JORDAN
|faint|p2a: JORDAN
|faint|p1a: Honchkrow
|
|
|switch|p2a: PIPPEN|Medicham-Mega, M|262\/262
|switch|p1a: Mew|Mew|84\/404 par
|turn|13
|
|move|p2a: PIPPEN|Drain Punch|p1a: Mew
|-resisted|p1a: Mew
|-damage|p1a: Mew|0 fnt
|faint|p1a: Mew
|
|
|switch|p1a: Diancie|Diancie|255\/255
|turn|14
|
|detailschange|p1a: Diancie|Diancie-Mega
|-mega|p1a: Diancie|Diancie|Diancite
|move|p2a: PIPPEN|Bullet Punch|p1a: Diancie
|-supereffective|p1a: Diancie
|-damage|p1a: Diancie|0 fnt
|faint|p1a: Diancie
|
|c|âMartinSousRace|god damn
|c|âAuburn Hills|didn't think it'd kill
|c|âMartinSousRace|i dont understand why everybody is running bulet punch
|c|âMartinSousRace|i guess ppl like losing to slowbro or sableye
|
|switch|p1a: Entei|Entei, shiny|385\/385
|-ability|p1a: Entei|Pressure
|turn|15
|c|âAuburn Hills|I like it better than fake out
|
|move|p2a: PIPPEN|Drain Punch|p1a: Entei
|-damage|p1a: Entei|132\/385
|move|p1a: Entei|Sacred Fire|p2a: PIPPEN
|-crit|p2a: PIPPEN
|-damage|p2a: PIPPEN|0 fnt
|-damage|p1a: Entei|94\/385|[from] item: Life Orb
|faint|p2a: PIPPEN
|
|
|switch|p2a: STEVE KERR|Umbreon, M|394\/394 par
|turn|16
|
|move|p1a: Entei|Sacred Fire|p2a: STEVE KERR
|-damage|p2a: STEVE KERR|195\/394 par
|-damage|p1a: Entei|56\/385|[from] item: Life Orb
|move|p2a: STEVE KERR|Heal Bell|p2a: STEVE KERR
|-cureteam|p2a: STEVE KERR|[from] move: HealBell
|
|-heal|p2a: STEVE KERR|219\/394|[from] item: Leftovers
|turn|17
|
|move|p1a: Entei|Sacred Fire|p2a: STEVE KERR
|-damage|p2a: STEVE KERR|11\/394
|-status|p2a: STEVE KERR|brn
|-damage|p1a: Entei|18\/385|[from] item: Life Orb
|move|p2a: STEVE KERR|Wish|p2a: STEVE KERR
|
|-heal|p2a: STEVE KERR|35\/394 brn|[from] item: Leftovers
|-damage|p2a: STEVE KERR|0 fnt|[from] brn
|faint|p2a: STEVE KERR
|
|switch|p2a: LUC LONGLEY|Cofagrigus, F|320\/320
|turn|18
|c|âAuburn Hills|gg
|
|move|p1a: Entei|Toxic|p2a: LUC LONGLEY
|-status|p2a: LUC LONGLEY|tox
|move|p2a: LUC LONGLEY|Shadow Ball|p1a: Entei
|-damage|p1a: Entei|0 fnt
|faint|p1a: Entei
|
|-damage|p2a: LUC LONGLEY|300\/320 tox|[from] psn
|
|switch|p1a: Cloyster|Cloyster, M|241\/241
|turn|19
|
|move|p1a: Cloyster|Icicle Spear|p2a: LUC LONGLEY
|-damage|p2a: LUC LONGLEY|279\/320 tox
|-damage|p2a: LUC LONGLEY|257\/320 tox
|-damage|p2a: LUC LONGLEY|233\/320 tox
|-damage|p2a: LUC LONGLEY|209\/320 tox
|-damage|p2a: LUC LONGLEY|188\/320 tox
|-hitcount|p2a: LUC LONGLEY|5
|move|p2a: LUC LONGLEY|Will-O-Wisp|p1a: Cloyster
|-status|p1a: Cloyster|brn
|
|-heal|p2a: LUC LONGLEY|208\/320 tox|[from] item: Leftovers
|-damage|p1a: Cloyster|211\/241 brn|[from] brn
|-damage|p2a: LUC LONGLEY|168\/320 tox|[from] psn
|turn|20
|
|move|p1a: Cloyster|Icicle Spear|p2a: LUC LONGLEY
|-damage|p2a: LUC LONGLEY|158\/320 tox
|-damage|p2a: LUC LONGLEY|146\/320 tox
|-damage|p2a: LUC LONGLEY|134\/320 tox
|-crit|p2a: LUC LONGLEY
|-damage|p2a: LUC LONGLEY|116\/320 tox
|-damage|p2a: LUC LONGLEY|104\/320 tox
|-hitcount|p2a: LUC LONGLEY|5
|move|p2a: LUC LONGLEY|Shadow Ball|p1a: Cloyster
|-damage|p1a: Cloyster|43\/241 brn
|
|-heal|p2a: LUC LONGLEY|124\/320 tox|[from] item: Leftovers
|-damage|p1a: Cloyster|13\/241 brn|[from] brn
|-damage|p2a: LUC LONGLEY|64\/320 tox|[from] psn
|turn|21
|c|âAuburn Hills|damn should pain split
|
|move|p1a: Cloyster|Icicle Spear|p2a: LUC LONGLEY
|-damage|p2a: LUC LONGLEY|52\/320 tox
|-damage|p2a: LUC LONGLEY|40\/320 tox
|-damage|p2a: LUC LONGLEY|28\/320 tox
|-damage|p2a: LUC LONGLEY|18\/320 tox
|-damage|p2a: LUC LONGLEY|6\/320 tox
|-hitcount|p2a: LUC LONGLEY|5
|cant|p2a: LUC LONGLEY|flinch
|
|-heal|p2a: LUC LONGLEY|26\/320 tox|[from] item: Leftovers
|-damage|p1a: Cloyster|0 fnt|[from] brn
|-damage|p2a: LUC LONGLEY|0 fnt|[from] psn
|faint|p1a: Cloyster
|faint|p2a: LUC LONGLEY
|
|win|Auburn Hills
|raw|Ladder updating...
|raw|MartinSousRace's rating: 1566 &rarr; <strong>1544<\/strong><br \/>(-22 for losing)
|raw|Auburn Hills's rating: 1536 &rarr; <strong>1558<\/strong><br \/>(+22 for winning)
|c|âAuburn Hills|haha what
|leave|MartinSousRace
|player|p1