|J|Albyness
|J|Tower Tycoon Amir
|player|p1|Albyness|265
|player|p2|Tower Tycoon Amir|92
|gametype|singles
|gen|6
|tier|OU
|clearpoke
|poke|p1|Gyarados, M, shiny
|poke|p1|Celebi
|poke|p1|Entei, shiny
|poke|p1|Toxicroak, F
|poke|p1|Landorus-Therian, M
|poke|p1|Zapdos, shiny
|poke|p2|Lopunny, F
|poke|p2|Ferrothorn, M
|poke|p2|Landorus-Therian, M
|poke|p2|Slowbro, F
|poke|p2|Heatran, M
|poke|p2|Latias, F
|rule|Swagger Clause: Swagger is banned
|rule|Baton Pass Clause: Limit one PokÃ©mon knowing Baton Pass
|rule|Sleep Clause Mod: Limit one foe put to sleep
|rule|Species Clause: Limit one of each PokÃ©mon
|rule|OHKO Clause: OHKO moves are banned
|rule|Moody Clause: Moody is banned
|rule|Evasion Moves Clause: Evasion moves are banned
|rule|Endless Battle Clause: Forcing endless battles is banned
|rule|HP Percentage Mod: HP is shown in percentages
|teampreview
|c|âTower Tycoon Amir|gl hf
|
|start
|switch|p1a: Zapdos|Zapdos, shiny|383\/383
|switch|p2a: Landorus-Therian|Landorus-Therian, M|381\/381
|-ability|p2a: Landorus-Therian|Intimidate|[of] p1a: Zapdos
|-unboost|p1a: Zapdos|atk|1
|-ability|p1a: Zapdos|Pressure
|turn|1
|
|switch|p2a: Latias|Latias, F|319\/319
|move|p1a: Zapdos|Heat Wave|p2a: Latias
|-miss|p1a: Zapdos|p2a: Latias
|
|turn|2
|
|move|p2a: Latias|Psyshock|p1a: Zapdos
|-damage|p1a: Zapdos|223\/383
|-damage|p2a: Latias|288\/319|[from] item: Life Orb
|move|p1a: Zapdos|Roost|p1a: Zapdos
|-heal|p1a: Zapdos|383\/383
|
|turn|3
|
|switch|p2a: Heatran|Heatran, M|323\/323
|switch|p1a: Celebi|Celebi|403\/403
|
|turn|4
|c|âAlbyness|do u carry lando on alll ur teams
|c|âAlbyness|lol
|
|move|p2a: Heatran|Lava Plume|p1a: Celebi
|-supereffective|p1a: Celebi
|-damage|p1a: Celebi|139\/403
|-status|p1a: Celebi|brn
|move|p1a: Celebi|Baton Pass|p1a: Celebi
|c|âTower Tycoon Amir|nah
|c|âTower Tycoon Amir|i have quite a few without it
|
|switch|p1a: Entei|Entei, shiny|371\/371
|-ability|p1a: Entei|Pressure
|
|turn|5
|J|DoomX
|
|switch|p2a: Slowbro|Slowbro, F|393\/393
|move|p1a: Entei|Sacred Fire|p2a: Slowbro
|-resisted|p2a: Slowbro
|-damage|p2a: Slowbro|334\/393
|
|turn|6
|L|DoomX
|
|switch|p2a: Landorus-Therian|Landorus-Therian, M|381\/381
|-ability|p2a: Landorus-Therian|Intimidate|[of] p1a: Entei
|-unboost|p1a: Entei|atk|1
|move|p1a: Entei|Bulldoze|p2a: Landorus-Therian
|-immune|p2a: Landorus-Therian|[msg]
|
|turn|7
|
|switch|p1a: Landorus-Therian|Landorus-Therian, M|382\/382
|-ability|p1a: Landorus-Therian|Intimidate|[of] p2a: Landorus-Therian
|-unboost|p2a: Landorus-Therian|atk|1
|move|p2a: Landorus-Therian|Earthquake|p1a: Landorus-Therian
|-immune|p1a: Landorus-Therian|[msg]
|
|turn|8
|
|move|p2a: Landorus-Therian|Stealth Rock|p1a: Landorus-Therian
|-sidestart|p1: Albyness|move: Stealth Rock
|move|p1a: Landorus-Therian|Stealth Rock|p2a: Landorus-Therian
|-sidestart|p2: Tower Tycoon Amir|move: Stealth Rock
|
|turn|9
|c|âTower Tycoon Amir|lol lando-T needs taunt
|
|switch|p2a: Ferrothorn|Ferrothorn, M|352\/352
|-damage|p2a: Ferrothorn|330\/352|[from] Stealth Rock
|move|p1a: Landorus-Therian|U-turn|p2a: Ferrothorn
|-damage|p2a: Ferrothorn|273\/352
|-damage|p1a: Landorus-Therian|335\/382|[from] ability: Iron Barbs|[of] p2a: Ferrothorn
|
|switch|p1a: Zapdos|Zapdos, shiny|383\/383
|-damage|p1a: Zapdos|288\/383|[from] Stealth Rock
|-ability|p1a: Zapdos|Pressure
|
|-heal|p1a: Zapdos|311\/383|[from] item: Leftovers
|-heal|p2a: Ferrothorn|295\/352|[from] item: Leftovers
|turn|10
|
|switch|p2a: Latias|Latias, F|288\/319
|-damage|p2a: Latias|249\/319|[from] Stealth Rock
|move|p1a: Zapdos|Defog|p2a: Latias
|-unboost|p2a: Latias|evasion|1
|-sideend|p2: Tower Tycoon Amir|Stealth Rock|[from] move: Defog|[of] p2a: Latias
|-sideend|p1: Albyness|Stealth Rock|[from] move: Defog|[of] p1a: Zapdos
|
|-heal|p1a: Zapdos|334\/383|[from] item: Leftovers
|turn|11
|
|switch|p2a: Lopunny|Lopunny, F|271\/271
|move|p1a: Zapdos|Volt Switch|p2a: Lopunny
|-damage|p2a: Lopunny|162\/271
|c|âTower Tycoon Amir|oh yeah 
|c|âTower Tycoon Amir|i forgot you had that
|
|switch|p1a: Landorus-Therian|Landorus-Therian, M|335\/382
|-ability|p1a: Landorus-Therian|Intimidate|[of] p2a: Lopunny
|-unboost|p2a: Lopunny|atk|1
|
|-heal|p1a: Landorus-Therian|358\/382|[from] item: Leftovers
|turn|12
|
|detailschange|p2a: Lopunny|Lopunny-Mega, F
|-mega|p2a: Lopunny|Lopunny|Lopunnite
|move|p2a: Lopunny|Power-Up Punch|p1a: Landorus-Therian
|-resisted|p1a: Landorus-Therian
|-damage|p1a: Landorus-Therian|338\/382
|-boost|p2a: Lopunny|atk|1
|move|p1a: Landorus-Therian|Stealth Rock|p2a: Lopunny
|-sidestart|p2: Tower Tycoon Amir|move: Stealth Rock
|
|-heal|p1a: Landorus-Therian|361\/382|[from] item: Leftovers
|turn|13
|
|move|p2a: Lopunny|Encore|p1a: Landorus-Therian
|-start|p1a: Landorus-Therian|Encore
|move|p1a: Landorus-Therian|Stealth Rock|p2a: Lopunny
|-fail|p2a: Lopunny
|
|-heal|p1a: Landorus-Therian|382\/382|[from] item: Leftovers
|turn|14
|c|âTower Tycoon Amir|shit
|
|switch|p1a: Gyarados|Gyarados, M, shiny|331\/331
|-ability|p1a: Gyarados|Intimidate|[of] p2a: Lopunny
|-unboost|p2a: Lopunny|atk|1
|move|p2a: Lopunny|Frustration|p1a: Gyarados
|-damage|p1a: Gyarados|174\/331
|
|turn|15
|
|switch|p2a: Heatran|Heatran, M|323\/323
|-damage|p2a: Heatran|283\/323|[from] Stealth Rock
|switch|p1a: Entei|Entei, shiny|371\/371
|-ability|p1a: Entei|Pressure
|
|turn|16
|
|switch|p2a: Slowbro|Slowbro, F|393\/393
|-damage|p2a: Slowbro|344\/393|[from] Stealth Rock
|move|p1a: Entei|Sacred Fire|p2a: Slowbro
|-crit|p2a: Slowbro
|-resisted|p2a: Slowbro
|-damage|p2a: Slowbro|254\/393
|-status|p2a: Slowbro|brn
|
|-damage|p2a: Slowbro|205\/393 brn|[from] brn
|turn|17
|
|switch|p1a: Celebi|Celebi|139\/403
|move|p2a: Slowbro|Slack Off|p2a: Slowbro
|-heal|p2a: Slowbro|393\/393 brn
|
|-heal|p1a: Celebi|164\/403|[from] item: Leftovers
|-damage|p2a: Slowbro|344\/393 brn|[from] brn
|turn|18
|
|switch|p2a: Landorus-Therian|Landorus-Therian, M|381\/381
|-damage|p2a: Landorus-Therian|334\/381|[from] Stealth Rock
|-ability|p2a: Landorus-Therian|Intimidate|[of] p1a: Celebi
|-unboost|p1a: Celebi|atk|1
|move|p1a: Celebi|Recover|p1a: Celebi
|-heal|p1a: Celebi|366\/403
|
|-heal|p1a: Celebi|391\/403|[from] item: Leftovers
|-heal|p2a: Landorus-Therian|357\/381|[from] item: Leftovers
|turn|19
|
|move|p1a: Celebi|Swords Dance|p1a: Celebi
|-boost|p1a: Celebi|atk|2
|move|p2a: Landorus-Therian|Stealth Rock|p1a: Celebi
|-sidestart|p1: Albyness|move: Stealth Rock
|
|-heal|p1a: Celebi|403\/403|[from] item: Leftovers
|-heal|p2a: Landorus-Therian|380\/381|[from] item: Leftovers
|turn|20
|
|move|p1a: Celebi|Baton Pass|p1a: Celebi
|
|switch|p1a: Entei|Entei, shiny|371\/371
|-damage|p1a: Entei|279\/371|[from] Stealth Rock
|-ability|p1a: Entei|Pressure
|move|p2a: Landorus-Therian|Earthquake|p1a: Entei
|-supereffective|p1a: Entei
|-damage|p1a: Entei|0 fnt
|faint|p1a: Entei
|
|-heal|p2a: Landorus-Therian|381\/381|[from] item: Leftovers
|c|âTower Tycoon Amir|phew
|
|switch|p1a: Gyarados|Gyarados, M, shiny|174\/331
|-damage|p1a: Gyarados|92\/331|[from] Stealth Rock
|-ability|p1a: Gyarados|Intimidate|[of] p2a: Landorus-Therian
|-unboost|p2a: Landorus-Therian|atk|1
|turn|21
|
|move|p1a: Gyarados|Substitute|p1a: Gyarados
|-start|p1a: Gyarados|Substitute
|-damage|p1a: Gyarados|10\/331
|move|p2a: Landorus-Therian|Stone Edge|p1a: Gyarados
|-supereffective|p1a: Gyarados
|-end|p1a: Gyarados|Substitute
|
|turn|22
|c|âTower Tycoon Amir|;-;
|c|âAlbyness|miss click
|
|switch|p2a: Ferrothorn|Ferrothorn, M|295\/352
|-damage|p2a: Ferrothorn|273\/352|[from] Stealth Rock
|detailschange|p1a: Gyarados|Gyarados-Mega, M, shiny
|-mega|p1a: Gyarados|Gyarados|Gyaradosite
|-ability|p1a: Gyarados|Mold Breaker
|move|p1a: Gyarados|Dragon Dance|p1a: Gyarados
|-boost|p1a: Gyarados|atk|1
|-boost|p1a: Gyarados|spe|1
|
|-heal|p2a: Ferrothorn|295\/352|[from] item: Leftovers
|turn|23
|c|âTower Tycoon Amir|sorry
|
|move|p1a: Gyarados|Crunch|p2a: Ferrothorn
|-damage|p2a: Ferrothorn|120\/352
|-damage|p1a: Gyarados|0 fnt|[from] ability: Iron Barbs|[of] p2a: Ferrothorn
|faint|p1a: Gyarados
|move|p2a: Ferrothorn|Gyro Ball|p1: Gyarados|[notarget]
|-notarget
|
|-heal|p2a: Ferrothorn|142\/352|[from] item: Leftovers
|
|switch|p1a: Toxicroak|Toxicroak, F|307\/307
|-damage|p1a: Toxicroak|288\/307|[from] Stealth Rock
|turn|24
|c|âTower Tycoon Amir|this team is more solid imo
|
|switch|p2a: Latias|Latias, F|249\/319
|-damage|p2a: Latias|210\/319|[from] Stealth Rock
|move|p1a: Toxicroak|Gunk Shot|p2a: Latias|[miss]
|-miss|p1a: Toxicroak|p2a: Latias
|
|turn|25
|c|âTower Tycoon Amir|sorry
|c|âAlbyness|ouch
|
|move|p1a: Toxicroak|Sucker Punch|p2a: Latias
|-fail|p2a: Latias
|move|p2a: Latias|Defog|p1a: Toxicroak
|-unboost|p1a: Toxicroak|evasion|1
|-sideend|p1: Albyness|Stealth Rock|[from] move: Defog|[of] p1a: Toxicroak
|-sideend|p2: Tower Tycoon Amir|Stealth Rock|[from] move: Defog|[of] p2a: Latias
|
|turn|26
|
|move|p1a: Toxicroak|Sucker Punch|p2a: Latias
|-supereffective|p2a: Latias
|-damage|p2a: Latias|0 fnt
|-damage|p1a: Toxicroak|258\/307|[from] item: Life Orb
|faint|p2a: Latias
|
|c|âTower Tycoon Amir|nice
|
|switch|p2a: Heatran|Heatran, M|283\/323
|turn|27
|
|switch|p1a: Zapdos|Zapdos, shiny|334\/383
|-ability|p1a: Zapdos|Pressure
|move|p2a: Heatran|Overheat|p1a: Zapdos
|-damage|p1a: Zapdos|120\/383
|-unboost|p2a: Heatran|spa|2
|
|-heal|p1a: Zapdos|143\/383|[from] item: Leftovers
|turn|28
|
|switch|p2a: Lopunny|Lopunny-Mega, F|162\/271
|switch|p1a: Toxicroak|Toxicroak, F|258\/307
|
|turn|29
|
|move|p2a: Lopunny|Frustration|p1a: Toxicroak
|-crit|p1a: Toxicroak
|-damage|p1a: Toxicroak|0 fnt
|faint|p1a: Toxicroak
|
|c|âTower Tycoon Amir|sorry
|c|âAlbyness|ooo
|
|switch|p1a: Landorus-Therian|Landorus-Therian, M|382\/382
|-ability|p1a: Landorus-Therian|Intimidate|[of] p2a: Lopunny
|-unboost|p2a: Lopunny|atk|1
|turn|30
|c|âTower Tycoon Amir|did that matter?
|c|âAlbyness|ye
|
|switch|p2a: Landorus-Therian|Landorus-Therian, M|381\/381
|-ability|p2a: Landorus-Therian|Intimidate|[of] p1a: Landorus-Therian
|-unboost|p1a: Landorus-Therian|atk|1
|move|p1a: Landorus-Therian|Stealth Rock|p2a: Landorus-Therian
|-sidestart|p2: Tower Tycoon Amir|move: Stealth Rock
|
|turn|31
|c|âTower Tycoon Amir|;-;
|
|move|p2a: Landorus-Therian|Stealth Rock|p1a: Landorus-Therian
|-sidestart|p1: Albyness|move: Stealth Rock
|move|p1a: Landorus-Therian|Hidden Power|p2a: Landorus-Therian
|-supereffective|p2a: Landorus-Therian
|-damage|p2a: Landorus-Therian|173\/381
|
|-heal|p2a: Landorus-Therian|196\/381|[from] item: Leftovers
|turn|32
|c|âTower Tycoon Amir|>inb4 crit
|
|move|p2a: Landorus-Therian|Stone Edge|p1a: Landorus-Therian
|-damage|p1a: Landorus-Therian|302\/382
|move|p1a: Landorus-Therian|Hidden Power|p2a: Landorus-Therian
|-supereffective|p2a: Landorus-Therian
|-damage|p2a: Landorus-Therian|0 fnt
|faint|p2a: Landorus-Therian
|
|-heal|p1a: Landorus-Therian|325\/382|[from] item: Leftovers
|
|switch|p2a: Slowbro|Slowbro, F|393\/393 brn
|-damage|p2a: Slowbro|344\/393 brn|[from] Stealth Rock
|turn|33
|
|move|p1a: Landorus-Therian|U-turn|p2a: Slowbro
|-supereffective|p2a: Slowbro
|-damage|p2a: Slowbro|274\/393 brn
|-damage|p1a: Landorus-Therian|262\/382|[from] item: Rocky Helmet|[of] p2a: Slowbro
|
|switch|p1a: Celebi|Celebi|403\/403
|-damage|p1a: Celebi|353\/403|[from] Stealth Rock
|move|p2a: Slowbro|Fire Blast|p1a: Celebi
|-supereffective|p1a: Celebi
|-damage|p1a: Celebi|201\/403
|
|-heal|p1a: Celebi|226\/403|[from] item: Leftovers
|-damage|p2a: Slowbro|225\/393 brn|[from] brn
|turn|34
|
|switch|p2a: Lopunny|Lopunny-Mega, F|162\/271
|-damage|p2a: Lopunny|146\/271|[from] Stealth Rock
|move|p1a: Celebi|Baton Pass|p1a: Celebi
|
|switch|p1a: Landorus-Therian|Landorus-Therian, M|262\/382
|-damage|p1a: Landorus-Therian|215\/382|[from] Stealth Rock
|-ability|p1a: Landorus-Therian|Intimidate|[of] p2a: Lopunny
|-unboost|p2a: Lopunny|atk|1
|
|-heal|p1a: Landorus-Therian|238\/382|[from] item: Leftovers
|turn|35
|c|âTower Tycoon Amir|lol why did i even
|
|move|p2a: Lopunny|Power-Up Punch|p1a: Landorus-Therian
|-resisted|p1a: Landorus-Therian
|-damage|p1a: Landorus-Therian|219\/382
|-boost|p2a: Lopunny|atk|1
|move|p1a: Landorus-Therian|Earthquake|p2a: Lopunny
|-damage|p2a: Lopunny|0 fnt
|faint|p2a: Lopunny
|
|-heal|p1a: Landorus-Therian|242\/382|[from] item: Leftovers
|c|âTower Tycoon Amir|and i saw that coming too lol
|
|switch|p2a: Heatran|Heatran, M|283\/323
|-damage|p2a: Heatran|243\/323|[from] Stealth Rock
|turn|36
|c|âTower Tycoon Amir|gg fren
|
|move|p2a: Heatran|Overheat|p1a: Landorus-Therian
|-damage|p1a: Landorus-Therian|0 fnt
|-unboost|p2a: Heatran|spa|2
|faint|p1a: Landorus-Therian
|
|
|switch|p1a: Zapdos|Zapdos, shiny|143\/383
|-damage|p1a: Zapdos|48\/383|[from] Stealth Rock
|-ability|p1a: Zapdos|Pressure
|turn|37
|c|âTower Tycoon Amir|scarfed tran tho?
|
|move|p2a: Heatran|Overheat|p1a: Zapdos
|-damage|p1a: Zapdos|0 fnt
|-unboost|p2a: Heatran|spa|2
|faint|p1a: Zapdos
|
|
|switch|p1a: Celebi|Celebi|226\/403
|-damage|p1a: Celebi|176\/403|[from] Stealth Rock
|turn|38
|
|switch|p2a: Ferrothorn|Ferrothorn, M|142\/352
|-damage|p2a: Ferrothorn|120\/352|[from] Stealth Rock
|move|p1a: Celebi|Recover|p1a: Celebi
|-heal|p1a: Celebi|378\/403
|
|-heal|p1a: Celebi|403\/403|[from] item: Leftovers
|-heal|p2a: Ferrothorn|142\/352|[from] item: Leftovers
|turn|39
|
|move|p1a: Celebi|Swords Dance|p1a: Celebi
|-boost|p1a: Celebi|atk|2
|move|p2a: Ferrothorn|Gyro Ball|p1a: Celebi
|-damage|p1a: Celebi|255\/403
|
|-heal|p1a: Celebi|280\/403|[from] item: Leftovers
|-heal|p2a: Ferrothorn|164\/352|[from] item: Leftovers
|turn|40
|c|âTower Tycoon Amir|wait....you have sucker punch
|c|âTower Tycoon Amir|ooooooooooo
|
|switch|p2a: Heatran|Heatran, M|243\/323
|-damage|p2a: Heatran|203\/323|[from] Stealth Rock
|move|p1a: Celebi|Swords Dance|p1a: Celebi
|-boost|p1a: Celebi|atk|2
|
|-heal|p1a: Celebi|305\/403|[from] item: Leftovers
|turn|41
|c|âTower Tycoon Amir|no wait
|c|âTower Tycoon Amir|SD, Seed Bomb, Recover, BP 
|c|âTower Tycoon Amir|derp
|
|move|p2a: Heatran|Overheat|p1a: Celebi
|-supereffective|p1a: Celebi
|-damage|p1a: Celebi|0 fnt
|-unboost|p2a: Heatran|spa|2
|faint|p1a: Celebi
|
|win|Tower Tycoon Amir
|c|âTower Tycoon Amir|gg
|c|âAlbyness|gg
|L|Albyness
|player|p1