|join|Hax God Jet
|join|Albyness
|player|p1|Hax God Jet|279
|player|p2|Albyness|44
|gametype|singles
|gen|6
|tier|OU
|clearpoke
|poke|p1|Bisharp, M
|poke|p1|Sylveon, F
|poke|p1|Sharpedo, M, shiny
|poke|p1|Latias, F
|poke|p1|Rotom-Wash
|poke|p1|Landorus-Therian, M
|poke|p2|Sableye, M
|poke|p2|Gengar, M, shiny
|poke|p2|Tornadus-Therian, M
|poke|p2|Scizor, F
|poke|p2|Terrakion
|poke|p2|Raikou
|rule|Swagger Clause: Swagger is banned
|rule|Baton Pass Clause: Limit one PokÃ©mon knowing Baton Pass
|rule|Sleep Clause Mod: Limit one foe put to sleep
|rule|Species Clause: Limit one of each PokÃ©mon
|rule|OHKO Clause: OHKO moves are banned
|rule|Moody Clause: Moody is banned
|rule|Evasion Moves Clause: Evasion moves are banned
|rule|Endless Battle Clause: Forcing endless battles is banned
|rule|HP Percentage Mod: HP is shown in percentages
|teampreview
|join|DarkZero666
|
|start
|switch|p1a: Sylveon|Sylveon, F|345\/345
|switch|p2a: Gengar|Gengar, M, shiny|261\/261
|turn|1
|c|âHax God Jet|gl hf
|
|move|p2a: Gengar|Sludge Wave|p1a: Sylveon
|-crit|p1a: Sylveon
|-supereffective|p1a: Sylveon
|-damage|p1a: Sylveon|0 fnt
|-damage|p2a: Gengar|235\/261|[from] item: Life Orb
|faint|p1a: Sylveon
|
|c|âHax God Jet|.
|c|âAlbyness|same
|
|switch|p1a: Landorus-Therian|Landorus-Therian, M|319\/319
|-ability|p1a: Landorus-Therian|Intimidate|[of] p2a: Gengar
|-unboost|p2a: Gengar|atk|1
|turn|2
|
|move|p1a: Landorus-Therian|Stealth Rock|p2a: Gengar
|-sidestart|p2: Albyness|move: Stealth Rock
|move|p2a: Gengar|Will-O-Wisp|p1a: Landorus-Therian
|-status|p1a: Landorus-Therian|brn
|
|-damage|p1a: Landorus-Therian|280\/319 brn|[from] brn
|turn|3
|c| DarkZero666|lol
|
|switch|p1a: Rotom-Wash|Rotom-Wash|303\/303
|move|p2a: Gengar|Will-O-Wisp|p1a: Rotom-Wash
|-status|p1a: Rotom-Wash|brn
|
|-damage|p1a: Rotom-Wash|266\/303 brn|[from] brn
|turn|4
|
|move|p2a: Gengar|Hex|p1a: Rotom-Wash
|-damage|p1a: Rotom-Wash|0 fnt
|-damage|p2a: Gengar|209\/261|[from] item: Life Orb
|faint|p1a: Rotom-Wash
|
|c| DarkZero666|looool
|
|switch|p1a: Latias|Latias, F|341\/341
|turn|5
|
|switch|p2a: Scizor|Scizor, F|343\/343
|-damage|p2a: Scizor|301\/343|[from] Stealth Rock
|move|p1a: Latias|Psyshock|p2a: Scizor
|-resisted|p2a: Scizor
|-damage|p2a: Scizor|232\/343
|-damage|p1a: Latias|307\/341|[from] item: Life Orb
|
|turn|6
|
|switch|p1a: Landorus-Therian|Landorus-Therian, M|280\/319 brn
|-ability|p1a: Landorus-Therian|Intimidate|[of] p2a: Scizor
|-unboost|p2a: Scizor|atk|1
|move|p2a: Scizor|Swords Dance|p2a: Scizor
|-boost|p2a: Scizor|atk|2
|
|-damage|p1a: Landorus-Therian|241\/319 brn|[from] brn
|turn|7
|c|âHax God Jet|game was fucked from that crit on syveon
|
|move|p1a: Landorus-Therian|U-turn|p2a: Scizor
|-resisted|p2a: Scizor
|-damage|p2a: Scizor|208\/343
|
|switch|p1a: Sharpedo|Sharpedo, M, shiny|281\/281
|move|p2a: Scizor|Roost|p2a: Scizor
|-heal|p2a: Scizor|343\/343
|
|turn|8
|c|âAlbyness|dat mattered?
|c|âHax God Jet|i would have lived
|c|âHax God Jet|pyshock
|c|âAlbyness|lo sudge wave?
|c|âAlbyness|obv ur specs
|c| DarkZero666|130 base sp.d
|c| DarkZero666|pretty it ca take one
|c|âAlbyness|252 SpA Life Orb Gengar Sludge Wave vs. 244 HP \/ 0 SpD Sylveon: 322-382 (82.1 - 97.4%) 
|c|âAlbyness|yea
|c|âAlbyness|sry
|c|âAlbyness|didnt think it mattered
|
|detailschange|p1a: Sharpedo|Sharpedo-Mega, M, shiny
|message|Sharpedo has Mega Evolved into Mega Sharpedo!
|move|p1a: Sharpedo|Waterfall|p2a: Scizor
|-damage|p2a: Scizor|178\/343
|move|p2a: Scizor|Superpower|p1a: Sharpedo
|-supereffective|p1a: Sharpedo
|-damage|p1a: Sharpedo|0 fnt
|-unboost|p2a: Scizor|atk|1
|-unboost|p2a: Scizor|def|1
|faint|p1a: Sharpedo
|
|
|switch|p1a: Bisharp|Bisharp, M|271\/271
|turn|9
|
|switch|p2a: Terrakion|Terrakion|323\/323
|-damage|p2a: Terrakion|303\/323|[from] Stealth Rock
|move|p1a: Bisharp|Knock Off|p2a: Terrakion
|-resisted|p2a: Terrakion
|-damage|p2a: Terrakion|200\/323
|-boost|p2a: Terrakion|atk|1|[from] ability: Justified
|-enditem|p2a: Terrakion|Choice Scarf|[from] move: Knock Off|[of] p1a: Bisharp
|
|turn|10
|
|switch|p1a: Landorus-Therian|Landorus-Therian, M|241\/319 brn
|-ability|p1a: Landorus-Therian|Intimidate|[of] p2a: Terrakion
|-unboost|p2a: Terrakion|atk|1
|move|p2a: Terrakion|Stone Edge|p1a: Landorus-Therian
|-damage|p1a: Landorus-Therian|34\/319 brn
|
|-damage|p1a: Landorus-Therian|0 fnt|[from] brn
|faint|p1a: Landorus-Therian
|
|switch|p1a: Latias|Latias, F|307\/341
|turn|11
|
|switch|p2a: Scizor|Scizor, F|178\/343
|-damage|p2a: Scizor|136\/343|[from] Stealth Rock
|move|p1a: Latias|Psyshock|p2a: Scizor
|-resisted|p2a: Scizor
|-damage|p2a: Scizor|68\/343
|-damage|p1a: Latias|273\/341|[from] item: Life Orb
|
|turn|12
|
|move|p1a: Latias|Psyshock|p2a: Scizor
|-resisted|p2a: Scizor
|-damage|p2a: Scizor|0 fnt
|-damage|p1a: Latias|239\/341|[from] item: Life Orb
|faint|p2a: Scizor
|
|
|switch|p2a: Tornadus-Therian|Tornadus-Therian, M|332\/332
|-damage|p2a: Tornadus-Therian|249\/332|[from] Stealth Rock
|turn|13
|
|move|p2a: Tornadus-Therian|Knock Off|p1a: Latias
|-supereffective|p1a: Latias
|-damage|p1a: Latias|67\/341
|-enditem|p1a: Latias|Life Orb|[from] move: Knock Off|[of] p2a: Tornadus-Therian
|move|p1a: Latias|Draco Meteor|p2a: Tornadus-Therian
|-damage|p2a: Tornadus-Therian|125\/332
|-unboost|p1a: Latias|spa|2
|
|turn|14
|
|switch|p1a: Bisharp|Bisharp, M|271\/271
|move|p2a: Tornadus-Therian|U-turn|p1a: Bisharp
|-damage|p1a: Bisharp|216\/271
|
|switch|p2a: Terrakion|Terrakion|200\/323
|-damage|p2a: Terrakion|180\/323|[from] Stealth Rock
|
|-heal|p1a: Bisharp|232\/271|[from] item: Leftovers
|turn|15
|
|move|p2a: Terrakion|Stealth Rock|p1a: Bisharp
|-sidestart|p1: Hax God Jet|move: Stealth Rock
|move|p1a: Bisharp|Iron Head|p2a: Terrakion
|-crit|p2a: Terrakion
|-supereffective|p2a: Terrakion
|-damage|p2a: Terrakion|0 fnt
|faint|p2a: Terrakion
|
|-heal|p1a: Bisharp|248\/271|[from] item: Leftovers
|
|switch|p2a: Sableye|Sableye, M|303\/303
|-damage|p2a: Sableye|266\/303|[from] Stealth Rock
|turn|16
|
|move|p2a: Sableye|Will-O-Wisp|p1a: Bisharp
|-status|p1a: Bisharp|brn
|move|p1a: Bisharp|Swords Dance|p1a: Bisharp
|-boost|p1a: Bisharp|atk|2
|
|-heal|p1a: Bisharp|264\/271 brn|[from] item: Leftovers
|-damage|p1a: Bisharp|231\/271 brn|[from] brn
|turn|17
|
|detailschange|p2a: Sableye|Sableye-Mega, M
|message|Sableye has Mega Evolved into Mega Sableye!
|move|p1a: Bisharp|Knock Off|p2a: Sableye
|-damage|p2a: Sableye|184\/303
|move|p2a: Sableye|Foul Play|p1a: Bisharp
|-resisted|p1a: Bisharp
|-damage|p1a: Bisharp|54\/271 brn
|
|-heal|p1a: Bisharp|70\/271 brn|[from] item: Leftovers
|-damage|p1a: Bisharp|37\/271 brn|[from] brn
|turn|18
|
|switch|p1a: Latias|Latias, F|67\/341
|-damage|p1a: Latias|25\/341|[from] Stealth Rock
|move|p2a: Sableye|Recover|p2a: Sableye
|-heal|p2a: Sableye|303\/303
|
|turn|19
|
|move|p1a: Latias|Healing Wish|p1a: Latias
|faint|p1a: Latias
|move|p2a: Sableye|Will-O-Wisp|p1: Latias|[notarget]
|-notarget
|
|
|switch|p1a: Bisharp|Bisharp, M|37\/271 brn
|-heal|p1a: Bisharp|271\/271|[from] move: Healing Wish
|-damage|p1a: Bisharp|255\/271|[from] Stealth Rock
|turn|20
|
|move|p1a: Bisharp|Iron Head|p2a: Sableye
|-damage|p2a: Sableye|206\/303
|cant|p2a: Sableye|flinch
|
|-heal|p1a: Bisharp|271\/271|[from] item: Leftovers
|turn|21
|
|move|p1a: Bisharp|Iron Head|p2a: Sableye
|-damage|p2a: Sableye|100\/303
|cant|p2a: Sableye|flinch
|
|turn|22
|
|move|p1a: Bisharp|Iron Head|p2a: Sableye
|-damage|p2a: Sableye|4\/303
|cant|p2a: Sableye|flinch
|
|turn|23
|
|move|p1a: Bisharp|Iron Head|p2a: Sableye
|-damage|p2a: Sableye|0 fnt
|faint|p2a: Sableye
|
|c| DarkZero666|lol
|
|switch|p2a: Gengar|Gengar, M, shiny|209\/261
|-damage|p2a: Gengar|177\/261|[from] Stealth Rock
|turn|24
|c|âHax God Jet|ttrue hax god at work
|
|move|p2a: Gengar|Will-O-Wisp|p1a: Bisharp
|-status|p1a: Bisharp|brn
|move|p1a: Bisharp|Knock Off|p2a: Gengar
|-supereffective|p2a: Gengar
|-damage|p2a: Gengar|0 fnt
|-enditem|p2a: Gengar|Life Orb|[from] move: Knock Off|[of] p1a: Bisharp
|faint|p2a: Gengar
|
|-damage|p1a: Bisharp|238\/271 brn|[from] brn
|
|switch|p2a: Raikou|Raikou|321\/321
|-damage|p2a: Raikou|281\/321|[from] Stealth Rock
|-ability|p2a: Raikou|Pressure
|turn|25
|c|âHax God Jet|lost but was funny af
|
|move|p1a: Bisharp|Sucker Punch|p2a: Raikou
|-damage|p2a: Raikou|190\/321
|move|p2a: Raikou|Thunderbolt|p1a: Bisharp
|-damage|p1a: Bisharp|0 fnt
|faint|p1a: Bisharp
|
|win|Albyness
|c| DarkZero666|lol
|c|âAlbyness|rofl
|leave|DarkZero666