|J|Albyness
|J|NJNP
|player|p1|Albyness|1
|player|p2|NJNP|102
|gametype|singles
|gen|6
|tier|OU
|clearpoke
|poke|p1|Gyarados, M, shiny
|poke|p1|Celebi
|poke|p1|Entei, shiny
|poke|p1|Toxicroak, M
|poke|p1|Landorus-Therian, M
|poke|p1|Zapdos, shiny
|poke|p2|Azelf
|poke|p2|Gallade, M
|poke|p2|Raikou
|poke|p2|Keldeo
|poke|p2|Landorus-Therian, M
|poke|p2|Bisharp, M
|rule|Swagger Clause: Swagger is banned
|rule|Baton Pass Clause: Limit one PokÃ©mon knowing Baton Pass
|rule|Sleep Clause Mod: Limit one foe put to sleep
|rule|Species Clause: Limit one of each PokÃ©mon
|rule|OHKO Clause: OHKO moves are banned
|rule|Moody Clause: Moody is banned
|rule|Evasion Moves Clause: Evasion moves are banned
|rule|Endless Battle Clause: Forcing endless battles is banned
|rule|HP Percentage Mod: HP is shown in percentages
|teampreview
|
|start
|switch|p1a: Entei|Entei, shiny|371\/371
|switch|p2a: Azelf|Azelf|353\/353
|-ability|p1a: Entei|Pressure
|turn|1
|
|move|p2a: Azelf|Stealth Rock|p1a: Entei
|-sidestart|p1: Albyness|move: Stealth Rock
|move|p1a: Entei|Sacred Fire|p2a: Azelf
|-damage|p2a: Azelf|98\/353
|-status|p2a: Azelf|brn
|
|-damage|p2a: Azelf|54\/353 brn|[from] brn
|turn|2
|
|move|p1a: Entei|Extreme Speed|p2a: Azelf
|-damage|p2a: Azelf|0 fnt
|faint|p2a: Azelf
|
|
|switch|p2a: Keldeo|Keldeo|323\/323
|turn|3
|
|switch|p1a: Zapdos|Zapdos, shiny|383\/383
|-damage|p1a: Zapdos|288\/383|[from] Stealth Rock
|-ability|p1a: Zapdos|Pressure
|move|p2a: Keldeo|Scald|p1a: Zapdos
|-damage|p1a: Zapdos|168\/383
|
|-heal|p1a: Zapdos|191\/383|[from] item: Leftovers
|turn|4
|
|switch|p2a: Raikou|Raikou|321\/321
|-ability|p2a: Raikou|Pressure
|move|p1a: Zapdos|Roost|p1a: Zapdos
|-heal|p1a: Zapdos|383\/383
|
|turn|5
|
|move|p2a: Raikou|Calm Mind|p2a: Raikou
|-boost|p2a: Raikou|spa|1
|-boost|p2a: Raikou|spd|1
|move|p1a: Zapdos|Defog|p2a: Raikou
|-unboost|p2a: Raikou|evasion|1
|-sideend|p1: Albyness|Stealth Rock|[from] move: Defog|[of] p1a: Zapdos
|
|turn|6
|
|move|p2a: Raikou|Thunderbolt|p1a: Zapdos
|-damage|p1a: Zapdos|187\/383
|move|p1a: Zapdos|Heat Wave|p2a: Raikou
|-damage|p2a: Raikou|257\/321
|
|-heal|p2a: Raikou|277\/321|[from] item: Leftovers
|-heal|p1a: Zapdos|210\/383|[from] item: Leftovers
|turn|7
|
|move|p2a: Raikou|Substitute|p2a: Raikou
|-start|p2a: Raikou|Substitute
|-damage|p2a: Raikou|197\/321
|move|p1a: Zapdos|Volt Switch|p2a: Raikou
|-resisted|p2a: Raikou
|-activate|p2a: Raikou|Substitute|[damage]
|
|switch|p1a: Celebi|Celebi|403\/403
|
|-heal|p2a: Raikou|217\/321|[from] item: Leftovers
|turn|8
|
|move|p2a: Raikou|Calm Mind|p2a: Raikou
|-boost|p2a: Raikou|spa|1
|-boost|p2a: Raikou|spd|1
|move|p1a: Celebi|Seed Bomb|p2a: Raikou
|-end|p2a: Raikou|Substitute
|
|-heal|p2a: Raikou|237\/321|[from] item: Leftovers
|turn|9
|
|move|p2a: Raikou|Hidden Power|p1a: Celebi
|-supereffective|p1a: Celebi
|-damage|p1a: Celebi|167\/403
|move|p1a: Celebi|Seed Bomb|p2a: Raikou
|-damage|p2a: Raikou|119\/321
|
|-heal|p2a: Raikou|139\/321|[from] item: Leftovers
|-heal|p1a: Celebi|192\/403|[from] item: Leftovers
|turn|10
|
|move|p2a: Raikou|Hidden Power|p1a: Celebi
|-supereffective|p1a: Celebi
|-damage|p1a: Celebi|0 fnt
|faint|p1a: Celebi
|
|-heal|p2a: Raikou|159\/321|[from] item: Leftovers
|
|switch|p1a: Entei|Entei, shiny|371\/371
|-ability|p1a: Entei|Pressure
|turn|11
|c|âNJNP|ya raikou..
|c|âNJNP|is a threat
|
|move|p2a: Raikou|Thunderbolt|p1a: Entei
|-damage|p1a: Entei|181\/371
|move|p1a: Entei|Sacred Fire|p2a: Raikou
|-damage|p2a: Raikou|0 fnt
|faint|p2a: Raikou
|
|c|âAlbyness|phew
|c|âAlbyness|no para
|
|switch|p2a: Gallade|Gallade, M|277\/277
|turn|12
|
|switch|p1a: Landorus-Therian|Landorus-Therian, M|382\/382
|-ability|p1a: Landorus-Therian|Intimidate|[of] p2a: Gallade
|-unboost|p2a: Gallade|atk|1
|detailschange|p2a: Gallade|Gallade-Mega, M
|-mega|p2a: Gallade|Gallade|Galladite
|move|p2a: Gallade|Close Combat|p1a: Landorus-Therian
|-resisted|p1a: Landorus-Therian
|-damage|p1a: Landorus-Therian|313\/382
|-unboost|p2a: Gallade|def|1
|-unboost|p2a: Gallade|spd|1
|
|-heal|p1a: Landorus-Therian|336\/382|[from] item: Leftovers
|turn|13
|
|move|p2a: Gallade|Will-O-Wisp|p1a: Landorus-Therian
|-status|p1a: Landorus-Therian|brn
|move|p1a: Landorus-Therian|Stealth Rock|p2a: Gallade
|-sidestart|p2: NJNP|move: Stealth Rock
|
|-heal|p1a: Landorus-Therian|359\/382 brn|[from] item: Leftovers
|-damage|p1a: Landorus-Therian|312\/382 brn|[from] brn
|turn|14
|
|move|p2a: Gallade|Swords Dance|p2a: Gallade
|-boost|p2a: Gallade|atk|2
|move|p1a: Landorus-Therian|Earthquake|p2a: Gallade
|-damage|p2a: Gallade|150\/277
|
|-heal|p1a: Landorus-Therian|335\/382 brn|[from] item: Leftovers
|-damage|p1a: Landorus-Therian|288\/382 brn|[from] brn
|turn|15
|
|move|p2a: Gallade|Zen Headbutt|p1a: Landorus-Therian
|-damage|p1a: Landorus-Therian|86\/382 brn
|cant|p1a: Landorus-Therian|flinch
|
|-heal|p1a: Landorus-Therian|109\/382 brn|[from] item: Leftovers
|-damage|p1a: Landorus-Therian|62\/382 brn|[from] brn
|turn|16
|c|âNJNP|called that :P
|
|move|p2a: Gallade|Zen Headbutt|p1a: Landorus-Therian
|-damage|p1a: Landorus-Therian|0 fnt
|faint|p1a: Landorus-Therian
|
|
|switch|p1a: Entei|Entei, shiny|181\/371
|-ability|p1a: Entei|Pressure
|turn|17
|c|âNJNP|btw
|c|âNJNP|what do u think
|c|âNJNP|of this team?
|
|move|p2a: Gallade|Close Combat|p1a: Entei
|-crit|p1a: Entei
|-damage|p1a: Entei|0 fnt
|-unboost|p2a: Gallade|def|1
|-unboost|p2a: Gallade|spd|1
|faint|p1a: Entei
|
|
|switch|p1a: Zapdos|Zapdos, shiny|210\/383
|-ability|p1a: Zapdos|Pressure
|turn|18
|
|move|p2a: Gallade|Zen Headbutt|p1a: Zapdos
|-damage|p1a: Zapdos|0 fnt
|faint|p1a: Zapdos
|
|
|switch|p1a: Gyarados|Gyarados, M, shiny|331\/331
|-ability|p1a: Gyarados|Intimidate|[of] p2a: Gallade
|-unboost|p2a: Gallade|atk|1
|turn|19
|
|detailschange|p1a: Gyarados|Gyarados-Mega, M, shiny
|-mega|p1a: Gyarados|Gyarados|Gyaradosite
|-ability|p1a: Gyarados|Mold Breaker
|move|p2a: Gallade|Close Combat|p1a: Gyarados
|-supereffective|p1a: Gyarados
|-damage|p1a: Gyarados|0 fnt
|-unboost|p2a: Gallade|def|1
|-unboost|p2a: Gallade|spd|1
|faint|p1a: Gyarados
|
|
|switch|p1a: Toxicroak|Toxicroak, M|307\/307
|turn|20
|
|move|p2a: Gallade|Will-O-Wisp|p1a: Toxicroak|[miss]
|-miss|p2a: Gallade|p1a: Toxicroak
|move|p1a: Toxicroak|Ice Punch|p2a: Gallade
|-damage|p2a: Gallade|0 fnt
|-damage|p1a: Toxicroak|277\/307|[from] item: Life Orb
|faint|p2a: Gallade
|
|
|switch|p2a: Landorus-Therian|Landorus-Therian, M|381\/381
|-damage|p2a: Landorus-Therian|334\/381|[from] Stealth Rock
|-ability|p2a: Landorus-Therian|Intimidate|[of] p1a: Toxicroak
|-unboost|p1a: Toxicroak|atk|1
|turn|21
|c|âAlbyness|its goos
|
|move|p1a: Toxicroak|Ice Punch|p2a: Landorus-Therian
|-supereffective|p2a: Landorus-Therian
|-damage|p2a: Landorus-Therian|126\/381
|-damage|p1a: Toxicroak|226\/307|[from] item: Rocky Helmet|[of] p2a: Landorus-Therian
|-damage|p1a: Toxicroak|196\/307|[from] item: Life Orb
|move|p2a: Landorus-Therian|Earthquake|p1a: Toxicroak
|-crit|p1a: Toxicroak
|-supereffective|p1a: Toxicroak
|-damage|p1a: Toxicroak|0 fnt
|faint|p1a: Toxicroak
|
|win|NJNP
|c|âAlbyness|gg
|c|âNJNP|gg
|L|Albyness
|player|p1