|join|Albyness
|join|Hax God Jet
|player|p1|Albyness|44
|player|p2|Hax God Jet|279
|gametype|singles
|gen|6
|tier|OU
|clearpoke
|poke|p1|Metagross
|poke|p1|Azumarill, M
|poke|p1|Garchomp, M
|poke|p1|Jirachi
|poke|p1|Keldeo
|poke|p1|Ditto, shiny
|poke|p2|Metagross, shiny
|poke|p2|Thundurus, M, shiny
|poke|p2|Rotom-Heat
|poke|p2|Azumarill, F
|poke|p2|Garchomp, F
|poke|p2|Mew, shiny
|rule|Swagger Clause: Swagger is banned
|rule|Baton Pass Clause: Limit one PokÃ©mon knowing Baton Pass
|rule|Sleep Clause Mod: Limit one foe put to sleep
|rule|Species Clause: Limit one of each PokÃ©mon
|rule|OHKO Clause: OHKO moves are banned
|rule|Moody Clause: Moody is banned
|rule|Evasion Moves Clause: Evasion moves are banned
|rule|Endless Battle Clause: Forcing endless battles is banned
|rule|HP Percentage Mod: HP is shown in percentages
|teampreview
|
|start
|switch|p1a: Ditto|Ditto, shiny|300\/300
|switch|p2a: Mew|Mew, shiny|341\/341
|-transform|p1a: Ditto|p2a: Mew
|turn|1
|
|move|p2a: Mew|Volt Switch|p1a: Ditto
|-damage|p1a: Ditto|231\/300
|
|switch|p2a: Garchomp|Garchomp, F|357\/357
|move|p1a: Ditto|Fire Blast|p2a: Garchomp
|-resisted|p2a: Garchomp
|-damage|p2a: Garchomp|287\/357
|
|turn|2
|
|move|p2a: Garchomp|Earthquake|p1a: Ditto
|-damage|p1a: Ditto|66\/300
|move|p1a: Ditto|Ice Beam|p2a: Garchomp
|-supereffective|p2a: Garchomp
|-damage|p2a: Garchomp|0 fnt
|faint|p2a: Garchomp
|
|c|âHax God Jet|reakky tho
|
|switch|p2a: Rotom-Heat|Rotom-Heat|291\/291
|turn|3
|
|move|p1a: Ditto|Volt Switch|p2a: Rotom-Heat
|-resisted|p2a: Rotom-Heat
|-damage|p2a: Rotom-Heat|259\/291
|
|switch|p1a: Garchomp|Garchomp, M|414\/414
|move|p2a: Rotom-Heat|Thunderbolt|p1a: Garchomp
|-immune|p1a: Garchomp|[msg]
|
|turn|4
|
|move|p2a: Rotom-Heat|Will-O-Wisp|p1a: Garchomp|[miss]
|-miss|p2a: Rotom-Heat|p1a: Garchomp
|move|p1a: Garchomp|Stealth Rock|p2a: Rotom-Heat
|-sidestart|p2: Hax God Jet|move: Stealth Rock
|
|turn|5
|
|move|p2a: Rotom-Heat|Will-O-Wisp|p1a: Garchomp
|-status|p1a: Garchomp|brn
|move|p1a: Garchomp|Dragon Tail|p2a: Rotom-Heat
|-damage|p2a: Rotom-Heat|220\/291
|drag|p2a: Metagross|Metagross, shiny|301\/301
|-damage|p2a: Metagross|283\/301|[from] Stealth Rock
|
|-damage|p1a: Garchomp|363\/414 brn|[from] brn
|turn|6
|
|switch|p2a: Azumarill|Azumarill, F|403\/403
|-damage|p2a: Azumarill|353\/403|[from] Stealth Rock
|move|p1a: Garchomp|Earthquake|p2a: Azumarill
|-damage|p2a: Azumarill|265\/403
|
|-damage|p1a: Garchomp|312\/414 brn|[from] brn
|turn|7
|
|move|p1a: Garchomp|Earthquake|p2a: Azumarill
|-damage|p2a: Azumarill|181\/403
|-enditem|p2a: Azumarill|Sitrus Berry|[eat]
|-heal|p2a: Azumarill|281\/403|[from] item: Sitrus Berry
|move|p2a: Azumarill|Play Rough|p1a: Garchomp
|-supereffective|p1a: Garchomp
|-damage|p1a: Garchomp|36\/414 brn
|-damage|p2a: Azumarill|231\/403|[from] ability: Rough Skin|[of] p1a: Garchomp
|-damage|p2a: Azumarill|164\/403|[from] item: Rocky Helmet|[of] p1a: Garchomp
|
|-damage|p1a: Garchomp|0 fnt|[from] brn
|faint|p1a: Garchomp
|
|switch|p1a: Metagross|Metagross|301\/301
|turn|8
|
|detailschange|p1a: Metagross|Metagross-Mega
|message|Metagross has Mega Evolved into Mega Metagross!
|move|p1a: Metagross|Meteor Mash|p2a: Azumarill
|-damage|p2a: Azumarill|0 fnt
|-boost|p1a: Metagross|atk|1
|faint|p2a: Azumarill
|
|c|âAlbyness|yay
|
|switch|p2a: Mew|Mew, shiny|341\/341
|-damage|p2a: Mew|299\/341|[from] Stealth Rock
|turn|9
|
|switch|p1a: Keldeo|Keldeo|323\/323
|move|p2a: Mew|Volt Switch|p1a: Keldeo
|-supereffective|p1a: Keldeo
|-damage|p1a: Keldeo|165\/323
|c|âHax God Jet|feg
|
|switch|p2a: Thundurus|Thundurus, M, shiny|299\/299
|-damage|p2a: Thundurus|225\/299|[from] Stealth Rock
|
|-heal|p1a: Keldeo|185\/323|[from] item: Leftovers
|turn|10
|
|switch|p1a: Ditto|Ditto, shiny|66\/300
|-transform|p1a: Ditto|p2a: Thundurus
|move|p2a: Thundurus|Thunderbolt|p1a: Ditto
|-damage|p1a: Ditto|0 fnt
|-damage|p2a: Thundurus|196\/299|[from] item: Life Orb
|faint|p1a: Ditto
|
|
|switch|p1a: Jirachi|Jirachi|341\/341
|turn|11
|
|switch|p2a: Rotom-Heat|Rotom-Heat|220\/291
|-damage|p2a: Rotom-Heat|148\/291|[from] Stealth Rock
|move|p1a: Jirachi|Iron Head|p2a: Rotom-Heat
|-resisted|p2a: Rotom-Heat
|-damage|p2a: Rotom-Heat|118\/291
|
|turn|12
|
|move|p1a: Jirachi|Iron Head|p2a: Rotom-Heat
|-resisted|p2a: Rotom-Heat
|-damage|p2a: Rotom-Heat|89\/291
|cant|p2a: Rotom-Heat|flinch
|
|turn|13
|
|move|p1a: Jirachi|Iron Head|p2a: Rotom-Heat
|-resisted|p2a: Rotom-Heat
|-damage|p2a: Rotom-Heat|59\/291
|cant|p2a: Rotom-Heat|flinch
|
|turn|14
|
|move|p1a: Jirachi|Iron Head|p2a: Rotom-Heat
|-resisted|p2a: Rotom-Heat
|-damage|p2a: Rotom-Heat|33\/291
|move|p2a: Rotom-Heat|Pain Split|p1a: Jirachi
|-sethp|p1a: Jirachi|187\/341|p2a: Rotom-Heat|187\/291|[from] move: Pain Split
|
|turn|15
|
|move|p1a: Jirachi|Iron Head|p2a: Rotom-Heat
|-resisted|p2a: Rotom-Heat
|-damage|p2a: Rotom-Heat|157\/291
|cant|p2a: Rotom-Heat|flinch
|
|turn|16
|
|switch|p1a: Azumarill|Azumarill, M|348\/348
|move|p2a: Rotom-Heat|Will-O-Wisp|p1a: Azumarill
|-status|p1a: Azumarill|brn
|
|-damage|p1a: Azumarill|305\/348 brn|[from] brn
|turn|17
|
|switch|p1a: Jirachi|Jirachi|187\/341
|move|p2a: Rotom-Heat|Thunderbolt|p1a: Jirachi
|-damage|p1a: Jirachi|57\/341
|
|turn|18
|
|switch|p2a: Metagross|Metagross, shiny|283\/301
|-damage|p2a: Metagross|265\/301|[from] Stealth Rock
|move|p1a: Jirachi|Healing Wish|p1a: Jirachi
|faint|p1a: Jirachi
|
|join|lethal-luc
|
|switch|p1a: Azumarill|Azumarill, M|305\/348 brn
|-heal|p1a: Azumarill|348\/348|[from] move: Healing Wish
|turn|19
|
|detailschange|p2a: Metagross|Metagross-Mega, shiny
|message|Metagross has Mega Evolved into Mega Metagross!
|move|p2a: Metagross|Substitute|p2a: Metagross
|-start|p2a: Metagross|Substitute
|-damage|p2a: Metagross|190\/301
|move|p1a: Azumarill|Knock Off|p2a: Metagross
|-supereffective|p2a: Metagross
|-end|p2a: Metagross|Substitute
|
|turn|20
|
|move|p2a: Metagross|Meteor Mash|p1a: Azumarill
|-damage|p1a: Azumarill|57\/348
|-enditem|p1a: Azumarill|Sitrus Berry|[eat]
|-heal|p1a: Azumarill|144\/348|[from] item: Sitrus Berry
|move|p1a: Azumarill|Knock Off|p2a: Metagross
|-crit|p2a: Metagross
|-supereffective|p2a: Metagross
|-damage|p2a: Metagross|0 fnt
|faint|p2a: Metagross
|
|
|switch|p2a: Mew|Mew, shiny|299\/341
|-damage|p2a: Mew|257\/341|[from] Stealth Rock
|turn|21
|
|switch|p1a: Metagross|Metagross-Mega|301\/301
|move|p2a: Mew|Energy Ball|p1a: Metagross
|-resisted|p1a: Metagross
|-damage|p1a: Metagross|262\/301
|
|turn|22
|
|switch|p2a: Thundurus|Thundurus, M, shiny|196\/299
|-damage|p2a: Thundurus|122\/299|[from] Stealth Rock
|move|p1a: Metagross|Hone Claws|p1a: Metagross
|-boost|p1a: Metagross|atk|1
|-boost|p1a: Metagross|accuracy|1
|
|turn|23
|join|Maxwelldj
|
|move|p2a: Thundurus|Thunderbolt|p1a: Metagross
|-damage|p1a: Metagross|85\/301
|-damage|p2a: Thundurus|93\/299|[from] item: Life Orb
|move|p1a: Metagross|Meteor Mash|p2a: Thundurus
|-resisted|p2a: Thundurus
|-damage|p2a: Thundurus|0 fnt
|faint|p2a: Thundurus
|
|
|switch|p2a: Mew|Mew, shiny|257\/341
|-damage|p2a: Mew|215\/341|[from] Stealth Rock
|turn|24
|
|move|p2a: Mew|Volt Switch|p1a: Metagross
|-damage|p1a: Metagross|25\/301
|
|switch|p2a: Rotom-Heat|Rotom-Heat|157\/291
|-damage|p2a: Rotom-Heat|85\/291|[from] Stealth Rock
|move|p1a: Metagross|Dynamic Punch|p2a: Rotom-Heat
|-damage|p2a: Rotom-Heat|0 fnt
|faint|p2a: Rotom-Heat
|
|
|switch|p2a: Mew|Mew, shiny|215\/341
|-damage|p2a: Mew|173\/341|[from] Stealth Rock
|turn|25
|
|move|p2a: Mew|Energy Ball|p1a: Metagross
|-resisted|p1a: Metagross
|-damage|p1a: Metagross|0 fnt
|faint|p1a: Metagross
|
|
|switch|p1a: Azumarill|Azumarill, M|144\/348
|turn|26
|
|move|p1a: Azumarill|Aqua Jet|p2a: Mew
|-damage|p2a: Mew|82\/341
|move|p2a: Mew|Energy Ball|p1a: Azumarill
|-supereffective|p1a: Azumarill
|-damage|p1a: Azumarill|0 fnt
|faint|p1a: Azumarill
|
|
|switch|p1a: Keldeo|Keldeo|185\/323
|turn|27
|c|âAlbyness|gg
|
|move|p2a: Mew|Energy Ball|p1a: Keldeo
|-supereffective|p1a: Keldeo
|-damage|p1a: Keldeo|0 fnt
|faint|p1a: Keldeo
|
|win|Hax God Jet
|c|âHax God Jet|gg
|leave|Albyness
|player|p1
|leave|Maxwelldj