|join|Albyness
|join|AlvinGX
|player|p1|Albyness|44
|player|p2|AlvinGX|163
|gametype|singles
|gen|6
|tier|OU
|clearpoke
|poke|p1|Politoed, F, shiny
|poke|p1|Kabutops, M
|poke|p1|Tornadus-Therian, M
|poke|p1|Heliolisk, M
|poke|p1|Scizor, M
|poke|p1|Mamoswine, F
|poke|p2|Politoed, M
|poke|p2|Heliolisk, F
|poke|p2|Swampert, M
|poke|p2|Tornadus-Therian, M
|poke|p2|Latias, F
|poke|p2|Ferrothorn, F
|rule|Swagger Clause: Swagger is banned
|rule|Baton Pass Clause: Limit one PokÃ©mon knowing Baton Pass
|rule|Sleep Clause Mod: Limit one foe put to sleep
|rule|Species Clause: Limit one of each PokÃ©mon
|rule|OHKO Clause: OHKO moves are banned
|rule|Moody Clause: Moody is banned
|rule|Evasion Moves Clause: Evasion moves are banned
|rule|Endless Battle Clause: Forcing endless battles is banned
|rule|HP Percentage Mod: HP is shown in percentages
|teampreview
|
|start
|switch|p1a: Tornadus-Therian|Tornadus-Therian, M|299\/299
|switch|p2a: Ferrothorn|Ferrothorn, F|352\/352
|turn|1
|
|switch|p2a: Latias|Latias, F|301\/301
|move|p1a: Tornadus-Therian|Hurricane|p2a: Latias|[miss]
|-miss|p1a: Tornadus-Therian|p2a: Latias
|
|turn|2
|
|move|p1a: Tornadus-Therian|U-turn|p2a: Latias
|-supereffective|p2a: Latias
|-damage|p2a: Latias|135\/301
|-damage|p1a: Tornadus-Therian|270\/299|[from] item: Life Orb
|
|switch|p1a: Politoed|Politoed, F, shiny|383\/383
|-weather|RainDance
|move|p2a: Latias|Psyshock|p1a: Politoed
|-damage|p1a: Politoed|280\/383
|
|-weather|RainDance|[upkeep]
|-heal|p2a: Latias|153\/301|[from] item: Leftovers
|turn|3
|
|switch|p2a: Heliolisk|Heliolisk, F|265\/265
|switch|p1a: Scizor|Scizor, M|343\/343
|
|-weather|RainDance|[upkeep]
|turn|4
|
|detailschange|p1a: Scizor|Scizor-Mega, M
|message|Scizor has Mega Evolved into Mega Scizor!
|move|p2a: Heliolisk|Thunder|p1a: Scizor
|-damage|p1a: Scizor|104\/343
|-damage|p2a: Heliolisk|239\/265|[from] item: Life Orb
|move|p1a: Scizor|U-turn|p2a: Heliolisk
|-damage|p2a: Heliolisk|16\/265
|
|switch|p1a: Mamoswine|Mamoswine, F|361\/361
|
|-weather|RainDance|[upkeep]
|-heal|p2a: Heliolisk|49\/265|[from] ability: Dry Skin
|turn|5
|
|switch|p2a: Ferrothorn|Ferrothorn, F|352\/352
|move|p1a: Mamoswine|Ice Shard|p2a: Ferrothorn
|-damage|p2a: Ferrothorn|290\/352
|-damage|p1a: Mamoswine|325\/361|[from] item: Life Orb
|
|-weather|RainDance|[upkeep]
|-heal|p2a: Ferrothorn|312\/352|[from] item: Leftovers
|turn|6
|
|move|p1a: Mamoswine|Stealth Rock|p2a: Ferrothorn
|-sidestart|p2: AlvinGX|move: Stealth Rock
|move|p2a: Ferrothorn|Stealth Rock|p1a: Mamoswine
|-sidestart|p1: Albyness|move: Stealth Rock
|
|-weather|RainDance|[upkeep]
|-heal|p2a: Ferrothorn|334\/352|[from] item: Leftovers
|turn|7
|
|move|p1a: Mamoswine|Earthquake|p2a: Ferrothorn
|-damage|p2a: Ferrothorn|200\/352
|-damage|p1a: Mamoswine|289\/361|[from] item: Life Orb
|move|p2a: Ferrothorn|Leech Seed|p1a: Mamoswine
|-start|p1a: Mamoswine|move: Leech Seed
|
|-weather|RainDance|[upkeep]
|-heal|p2a: Ferrothorn|222\/352|[from] item: Leftovers
|-damage|p1a: Mamoswine|244\/361|[from] Leech Seed|[of] p2a: Ferrothorn
|-heal|p2a: Ferrothorn|267\/352|[silent]
|turn|8
|
|move|p1a: Mamoswine|Earthquake|p2a: Ferrothorn
|-damage|p2a: Ferrothorn|137\/352
|-damage|p1a: Mamoswine|208\/361|[from] item: Life Orb
|move|p2a: Ferrothorn|Gyro Ball|p1a: Mamoswine
|-crit|p1a: Mamoswine
|-supereffective|p1a: Mamoswine
|-damage|p1a: Mamoswine|0 fnt
|faint|p1a: Mamoswine
|
|-weather|RainDance|[upkeep]
|-heal|p2a: Ferrothorn|159\/352|[from] item: Leftovers
|
|switch|p1a: Tornadus-Therian|Tornadus-Therian, M|299\/299
|-damage|p1a: Tornadus-Therian|225\/299|[from] Stealth Rock
|turn|9
|
|move|p2a: Ferrothorn|Protect|p2a: Ferrothorn
|-singleturn|p2a: Ferrothorn|Protect
|move|p1a: Tornadus-Therian|Hurricane|p2a: Ferrothorn
|-activate|p2a: Ferrothorn|Protect
|
|-weather|none
|-heal|p2a: Ferrothorn|181\/352|[from] item: Leftovers
|turn|10
|
|move|p1a: Tornadus-Therian|Hurricane|p2a: Ferrothorn|[miss]
|-miss|p1a: Tornadus-Therian|p2a: Ferrothorn
|move|p2a: Ferrothorn|Gyro Ball|p1a: Tornadus-Therian
|-damage|p1a: Tornadus-Therian|0 fnt
|faint|p1a: Tornadus-Therian
|
|-heal|p2a: Ferrothorn|203\/352|[from] item: Leftovers
|
|switch|p1a: Politoed|Politoed, F, shiny|280\/383
|-damage|p1a: Politoed|233\/383|[from] Stealth Rock
|-weather|RainDance
|turn|11
|
|switch|p2a: Heliolisk|Heliolisk, F|49\/265
|-damage|p2a: Heliolisk|16\/265|[from] Stealth Rock
|move|p1a: Politoed|Hypnosis|p2a: Heliolisk|[miss]
|-miss|p1a: Politoed|p2a: Heliolisk
|
|-weather|RainDance|[upkeep]
|-heal|p2a: Heliolisk|49\/265|[from] ability: Dry Skin
|turn|12
|
|switch|p1a: Scizor|Scizor-Mega, M|104\/343
|-damage|p1a: Scizor|62\/343|[from] Stealth Rock
|move|p2a: Heliolisk|Thunder|p1a: Scizor
|-damage|p1a: Scizor|0 fnt
|-damage|p2a: Heliolisk|23\/265|[from] item: Life Orb
|faint|p1a: Scizor
|
|-weather|RainDance|[upkeep]
|-heal|p2a: Heliolisk|56\/265|[from] ability: Dry Skin
|
|switch|p1a: Kabutops|Kabutops, M|261\/261
|-damage|p1a: Kabutops|229\/261|[from] Stealth Rock
|turn|13
|
|move|p1a: Kabutops|Waterfall|p2a: Heliolisk
|-heal|p2a: Heliolisk|122\/265|[from] ability: Dry Skin|[of] p1a: Kabutops
|move|p2a: Heliolisk|Thunder|p1a: Kabutops
|-supereffective|p1a: Kabutops
|-damage|p1a: Kabutops|0 fnt
|-damage|p2a: Heliolisk|96\/265|[from] item: Life Orb
|faint|p1a: Kabutops
|
|-weather|RainDance|[upkeep]
|-heal|p2a: Heliolisk|129\/265|[from] ability: Dry Skin
|c|âAlvinGX|lol
|
|switch|p1a: Heliolisk|Heliolisk, M|265\/265
|-damage|p1a: Heliolisk|232\/265|[from] Stealth Rock
|turn|14
|
|move|p2a: Heliolisk|Focus Blast|p1a: Heliolisk|[miss]
|-miss|p2a: Heliolisk|p1a: Heliolisk
|move|p1a: Heliolisk|Thunder|p2a: Heliolisk
|-resisted|p2a: Heliolisk
|-damage|p2a: Heliolisk|8\/265
|-damage|p1a: Heliolisk|206\/265|[from] item: Life Orb
|
|-weather|RainDance|[upkeep]
|-heal|p1a: Heliolisk|239\/265|[from] ability: Dry Skin
|-heal|p2a: Heliolisk|41\/265|[from] ability: Dry Skin
|turn|15
|
|switch|p2a: Swampert|Swampert, M|403\/403
|-damage|p2a: Swampert|378\/403|[from] Stealth Rock
|move|p1a: Heliolisk|Thunder|p2a: Swampert
|-immune|p2a: Swampert|[msg]
|
|-weather|RainDance|[upkeep]
|-heal|p1a: Heliolisk|265\/265|[from] ability: Dry Skin
|turn|16
|
|detailschange|p2a: Swampert|Swampert-Mega, M
|message|Swampert has Mega Evolved into Mega Swampert!
|move|p1a: Heliolisk|Surf|p2a: Swampert
|-damage|p2a: Swampert|210\/403
|-damage|p1a: Heliolisk|239\/265|[from] item: Life Orb
|move|p2a: Swampert|Earthquake|p1a: Heliolisk
|-supereffective|p1a: Heliolisk
|-damage|p1a: Heliolisk|0 fnt
|faint|p1a: Heliolisk
|
|-weather|RainDance|[upkeep]
|
|switch|p1a: Politoed|Politoed, F, shiny|233\/383
|-damage|p1a: Politoed|186\/383|[from] Stealth Rock
|turn|17
|
|move|p2a: Swampert|Earthquake|p1a: Politoed
|-damage|p1a: Politoed|0 fnt
|faint|p1a: Politoed
|
|win|AlvinGX
|c|âAlvinGX|dang
|c|âAlvinGX|did i just
|c|âAlvinGX|6-0 alby
|c|âAlvinGX|shiiiiiieeet
|c|âAlvinGX|gg
|c|âAlbyness|lol
|leave|Albyness
|player|p1
|leave|AlvinGX
|player|p2
|join|AlvinGX