|J|Albyness
|J|Tower Tycoon Amir
|player|p1|Albyness|265
|player|p2|Tower Tycoon Amir|92
|gametype|singles
|gen|6
|tier|OU
|clearpoke
|poke|p1|Gyarados, M, shiny
|poke|p1|Celebi
|poke|p1|Entei, shiny
|poke|p1|Toxicroak, F
|poke|p1|Landorus-Therian, M
|poke|p1|Zapdos, shiny
|poke|p2|Scizor, F
|poke|p2|Talonflame, F
|poke|p2|Aerodactyl, F
|poke|p2|Bisharp, M
|poke|p2|Landorus-Therian, M
|poke|p2|Manaphy
|rule|Swagger Clause: Swagger is banned
|rule|Baton Pass Clause: Limit one PokÃ©mon knowing Baton Pass
|rule|Sleep Clause Mod: Limit one foe put to sleep
|rule|Species Clause: Limit one of each PokÃ©mon
|rule|OHKO Clause: OHKO moves are banned
|rule|Moody Clause: Moody is banned
|rule|Evasion Moves Clause: Evasion moves are banned
|rule|Endless Battle Clause: Forcing endless battles is banned
|rule|HP Percentage Mod: HP is shown in percentages
|teampreview
|c|âTower Tycoon Amir|gl hf
|
|start
|switch|p1a: Landorus-Therian|Landorus-Therian, M|382\/382
|switch|p2a: Aerodactyl|Aerodactyl, F|301\/301
|-ability|p2a: Aerodactyl|Pressure
|-ability|p1a: Landorus-Therian|Intimidate|[of] p2a: Aerodactyl
|-unboost|p2a: Aerodactyl|atk|1
|turn|1
|
|move|p2a: Aerodactyl|Taunt|p1a: Landorus-Therian
|-start|p1a: Landorus-Therian|move: Taunt
|move|p1a: Landorus-Therian|Hidden Power|p2a: Aerodactyl
|-supereffective|p2a: Aerodactyl
|-damage|p2a: Aerodactyl|195\/301
|
|turn|2
|
|switch|p1a: Zapdos|Zapdos, shiny|383\/383
|-ability|p1a: Zapdos|Pressure
|move|p2a: Aerodactyl|Stealth Rock|p1a: Zapdos
|-sidestart|p1: Albyness|move: Stealth Rock
|
|turn|3
|
|move|p2a: Aerodactyl|Rock Slide|p1a: Zapdos
|-supereffective|p1a: Zapdos
|-damage|p1a: Zapdos|239\/383
|move|p1a: Zapdos|Volt Switch|p2a: Aerodactyl
|-crit|p2a: Aerodactyl
|-supereffective|p2a: Aerodactyl
|-damage|p2a: Aerodactyl|0 fnt
|faint|p2a: Aerodactyl
|
|switch|p1a: Landorus-Therian|Landorus-Therian, M|382\/382
|-damage|p1a: Landorus-Therian|335\/382|[from] Stealth Rock
|
|-heal|p1a: Landorus-Therian|358\/382|[from] item: Leftovers
|
|switch|p2a: Manaphy|Manaphy|365\/365
|turn|4
|
|switch|p1a: Toxicroak|Toxicroak, F|307\/307
|-damage|p1a: Toxicroak|288\/307|[from] Stealth Rock
|move|p2a: Manaphy|Scald|p1a: Toxicroak
|-heal|p1a: Toxicroak|307\/307|[from] ability: Dry Skin|[of] p2a: Manaphy
|
|turn|5
|
|switch|p2a: Talonflame|Talonflame, F|327\/327
|move|p1a: Toxicroak|Gunk Shot|p2a: Talonflame
|-damage|p2a: Talonflame|29\/327
|-damage|p1a: Toxicroak|277\/307|[from] item: Life Orb
|
|turn|6
|
|switch|p2a: Landorus-Therian|Landorus-Therian, M|319\/319
|-ability|p2a: Landorus-Therian|Intimidate|[of] p1a: Toxicroak
|-unboost|p1a: Toxicroak|atk|1
|switch|p1a: Landorus-Therian|Landorus-Therian, M|358\/382
|-damage|p1a: Landorus-Therian|311\/382|[from] Stealth Rock
|-ability|p1a: Landorus-Therian|Intimidate|[of] p2a: Landorus-Therian
|-unboost|p2a: Landorus-Therian|atk|1
|
|-heal|p1a: Landorus-Therian|334\/382|[from] item: Leftovers
|turn|7
|
|move|p2a: Landorus-Therian|U-turn|p1a: Landorus-Therian
|-resisted|p1a: Landorus-Therian
|-damage|p1a: Landorus-Therian|312\/382
|
|switch|p2a: Talonflame|Talonflame, F|29\/327
|move|p1a: Landorus-Therian|U-turn|p2a: Talonflame
|-crit|p2a: Talonflame
|-resisted|p2a: Talonflame
|-damage|p2a: Talonflame|0 fnt
|faint|p2a: Talonflame
|c|âTower Tycoon Amir|hmm
|
|switch|p1a: Zapdos|Zapdos, shiny|239\/383
|-damage|p1a: Zapdos|144\/383|[from] Stealth Rock
|-ability|p1a: Zapdos|Pressure
|
|-heal|p1a: Zapdos|167\/383|[from] item: Leftovers
|c|âTower Tycoon Amir|didn't matter
|
|switch|p2a: Landorus-Therian|Landorus-Therian, M|319\/319
|-ability|p2a: Landorus-Therian|Intimidate|[of] p1a: Zapdos
|-unboost|p1a: Zapdos|atk|1
|turn|8
|
|move|p2a: Landorus-Therian|Rock Slide|p1a: Zapdos
|-supereffective|p1a: Zapdos
|-damage|p1a: Zapdos|0 fnt
|faint|p1a: Zapdos
|
|
|switch|p1a: Toxicroak|Toxicroak, F|277\/307
|-damage|p1a: Toxicroak|258\/307|[from] Stealth Rock
|turn|9
|
|move|p2a: Landorus-Therian|Rock Slide|p1a: Toxicroak
|-resisted|p1a: Toxicroak
|-damage|p1a: Toxicroak|184\/307
|move|p1a: Toxicroak|Drain Punch|p2a: Landorus-Therian
|-resisted|p2a: Landorus-Therian
|-damage|p2a: Landorus-Therian|233\/319
|-heal|p1a: Toxicroak|227\/307|[from] drain|[of] p2a: Landorus-Therian
|-damage|p1a: Toxicroak|197\/307|[from] item: Life Orb
|
|turn|10
|
|switch|p2a: Scizor|Scizor, F|307\/307
|move|p1a: Toxicroak|Drain Punch|p2a: Scizor
|-damage|p2a: Scizor|167\/307
|-heal|p1a: Toxicroak|267\/307|[from] drain|[of] p2a: Scizor
|-damage|p1a: Toxicroak|237\/307|[from] item: Life Orb
|
|turn|11
|
|switch|p1a: Gyarados|Gyarados, M, shiny|331\/331
|-damage|p1a: Gyarados|249\/331|[from] Stealth Rock
|-ability|p1a: Gyarados|Intimidate|[of] p2a: Scizor
|-unboost|p2a: Scizor|atk|1
|detailschange|p2a: Scizor|Scizor-Mega, F
|-mega|p2a: Scizor|Scizor|Scizorite
|move|p2a: Scizor|Bullet Punch|p1a: Gyarados
|-resisted|p1a: Gyarados
|-damage|p1a: Gyarados|199\/331
|
|turn|12
|
|switch|p2a: Landorus-Therian|Landorus-Therian, M|233\/319
|-ability|p2a: Landorus-Therian|Intimidate|[of] p1a: Gyarados
|-unboost|p1a: Gyarados|atk|1
|detailschange|p1a: Gyarados|Gyarados-Mega, M, shiny
|-mega|p1a: Gyarados|Gyarados|Gyaradosite
|-ability|p1a: Gyarados|Mold Breaker
|move|p1a: Gyarados|Waterfall|p2a: Landorus-Therian
|-supereffective|p2a: Landorus-Therian
|-damage|p2a: Landorus-Therian|0 fnt
|faint|p2a: Landorus-Therian
|
|
|switch|p2a: Bisharp|Bisharp, M|271\/271
|turn|13
|
|move|p1a: Gyarados|Waterfall|p2a: Bisharp
|-damage|p2a: Bisharp|168\/271
|move|p2a: Bisharp|Swords Dance|p2a: Bisharp
|-boost|p2a: Bisharp|atk|2
|
|turn|14
|
|move|p1a: Gyarados|Substitute|p1a: Gyarados
|-start|p1a: Gyarados|Substitute
|-damage|p1a: Gyarados|117\/331
|move|p2a: Bisharp|Iron Head|p1a: Gyarados
|-resisted|p1a: Gyarados
|-end|p1a: Gyarados|Substitute
|-damage|p2a: Bisharp|141\/271|[from] item: Life Orb
|
|turn|15
|
|move|p2a: Bisharp|Sucker Punch|p1a: Gyarados
|-resisted|p1a: Gyarados
|-damage|p1a: Gyarados|0 fnt
|-damage|p2a: Bisharp|114\/271|[from] item: Life Orb
|faint|p1a: Gyarados
|
|
|switch|p1a: Toxicroak|Toxicroak, F|237\/307
|-damage|p1a: Toxicroak|218\/307|[from] Stealth Rock
|turn|16
|
|move|p1a: Toxicroak|Drain Punch|p2a: Bisharp
|-supereffective|p2a: Bisharp
|-damage|p2a: Bisharp|0 fnt
|-heal|p1a: Toxicroak|275\/307|[from] drain|[of] p2a: Bisharp
|-damage|p1a: Toxicroak|245\/307|[from] item: Life Orb
|faint|p2a: Bisharp
|
|c|âTower Tycoon Amir|damn i'm slower than i thought
|
|switch|p2a: Scizor|Scizor-Mega, F|167\/307
|turn|17
|c|âTower Tycoon Amir|well gg
|
|switch|p1a: Entei|Entei, shiny|371\/371
|-damage|p1a: Entei|279\/371|[from] Stealth Rock
|-ability|p1a: Entei|Pressure
|move|p2a: Scizor|Swords Dance|p2a: Scizor
|-boost|p2a: Scizor|atk|2
|
|turn|18
|
|switch|p2a: Manaphy|Manaphy|365\/365
|move|p1a: Entei|Sacred Fire|p2a: Manaphy
|-crit|p2a: Manaphy
|-resisted|p2a: Manaphy
|-damage|p2a: Manaphy|240\/365
|
|-heal|p2a: Manaphy|262\/365|[from] item: Leftovers
|turn|19
|
|switch|p2a: Scizor|Scizor-Mega, F|167\/307
|switch|p1a: Celebi|Celebi|403\/403
|-damage|p1a: Celebi|353\/403|[from] Stealth Rock
|
|-heal|p1a: Celebi|378\/403|[from] item: Leftovers
|turn|20
|
|move|p1a: Celebi|Swords Dance|p1a: Celebi
|-boost|p1a: Celebi|atk|2
|move|p2a: Scizor|Bug Bite|p1a: Celebi
|-supereffective|p1a: Celebi
|-damage|p1a: Celebi|0 fnt
|faint|p1a: Celebi
|
|c|âTower Tycoon Amir|:]
|
|switch|p1a: Landorus-Therian|Landorus-Therian, M|312\/382
|-damage|p1a: Landorus-Therian|265\/382|[from] Stealth Rock
|-ability|p1a: Landorus-Therian|Intimidate|[of] p2a: Scizor
|-unboost|p2a: Scizor|atk|1
|turn|21
|c|âTower Tycoon Amir|lol gg
|
|move|p2a: Scizor|Swords Dance|p2a: Scizor
|-boost|p2a: Scizor|atk|2
|move|p1a: Landorus-Therian|Stealth Rock|p2a: Scizor
|-sidestart|p2: Tower Tycoon Amir|move: Stealth Rock
|
|-heal|p1a: Landorus-Therian|288\/382|[from] item: Leftovers
|turn|22
|
|move|p2a: Scizor|Superpower|p1a: Landorus-Therian
|-resisted|p1a: Landorus-Therian
|-damage|p1a: Landorus-Therian|186\/382
|-unboost|p2a: Scizor|atk|1
|-unboost|p2a: Scizor|def|1
|move|p1a: Landorus-Therian|Earthquake|p2a: Scizor
|-damage|p2a: Scizor|1\/307
|
|-heal|p1a: Landorus-Therian|209\/382|[from] item: Leftovers
|turn|23
|c|âAlbyness|sry
|c|âTower Tycoon Amir|;-; it's cool
|
|move|p2a: Scizor|Bullet Punch|p1a: Landorus-Therian
|-damage|p1a: Landorus-Therian|101\/382
|move|p1a: Landorus-Therian|Earthquake|p2a: Scizor
|-damage|p2a: Scizor|0 fnt
|faint|p2a: Scizor
|
|-heal|p1a: Landorus-Therian|124\/382|[from] item: Leftovers
|c|âTower Tycoon Amir|yeah i have no chance now
|
|switch|p2a: Manaphy|Manaphy|262\/365
|-damage|p2a: Manaphy|217\/365|[from] Stealth Rock
|turn|24
|
|move|p2a: Manaphy|Tail Glow|p2a: Manaphy
|-boost|p2a: Manaphy|spa|3
|move|p1a: Landorus-Therian|U-turn|p2a: Manaphy
|-damage|p2a: Manaphy|146\/365
|c|âAlbyness|mon water
|
|switch|p1a: Toxicroak|Toxicroak, F|245\/307
|-damage|p1a: Toxicroak|226\/307|[from] Stealth Rock
|
|-heal|p2a: Manaphy|168\/365|[from] item: Leftovers
|turn|25
|c|âAlbyness|?
|
|move|p2a: Manaphy|Tail Glow|p2a: Manaphy
|-boost|p2a: Manaphy|spa|3
|move|p1a: Toxicroak|Gunk Shot|p2a: Manaphy
|-damage|p2a: Manaphy|0 fnt
|-damage|p1a: Toxicroak|196\/307|[from] item: Life Orb
|faint|p2a: Manaphy
|
|win|Albyness
|c|âAlbyness|gg
|c|âTower Tycoon Amir|no sucker?
|c|âTower Tycoon Amir|gg
|c|âAlbyness|yea
|c|âAlbyness|lol
|c|âAlbyness|thought bulky
|c|âTower Tycoon Amir|oh wanted to play mindgames
|c|âAlbyness|u have icebeams?
|c|âTower Tycoon Amir|but you had entei which wins you the game
|c|âTower Tycoon Amir|nah
|c|âTower Tycoon Amir|Energy ball
|c|âAlbyness|oh lol
|c|âTower Tycoon Amir|might change that
|c|âAlbyness|yea
|L|Albyness
|player|p1