|join|Albyness
|join|Hax God Jet
|player|p1|Albyness|44
|player|p2|Hax God Jet|279
|gametype|singles
|gen|6
|tier|OU
|clearpoke
|poke|p1|Metagross
|poke|p1|Azumarill, F
|poke|p1|Garchomp, F
|poke|p1|Jirachi
|poke|p1|Keldeo
|poke|p1|Ditto, shiny
|poke|p2|Bisharp, F
|poke|p2|Sylveon, F
|poke|p2|Sharpedo, F, shiny
|poke|p2|Latias, F
|poke|p2|Rotom-Wash
|poke|p2|Landorus-Therian, M
|rule|Swagger Clause: Swagger is banned
|rule|Baton Pass Clause: Limit one PokÃ©mon knowing Baton Pass
|rule|Sleep Clause Mod: Limit one foe put to sleep
|rule|Species Clause: Limit one of each PokÃ©mon
|rule|OHKO Clause: OHKO moves are banned
|rule|Moody Clause: Moody is banned
|rule|Evasion Moves Clause: Evasion moves are banned
|rule|Endless Battle Clause: Forcing endless battles is banned
|rule|HP Percentage Mod: HP is shown in percentages
|teampreview
|
|start
|switch|p1a: Garchomp|Garchomp, F|414\/414
|switch|p2a: Landorus-Therian|Landorus-Therian, M|319\/319
|-ability|p2a: Landorus-Therian|Intimidate|[of] p1a: Garchomp
|-unboost|p1a: Garchomp|atk|1
|turn|1
|
|move|p2a: Landorus-Therian|U-turn|p1a: Garchomp
|-damage|p1a: Garchomp|351\/414
|-damage|p2a: Landorus-Therian|280\/319|[from] ability: Rough Skin|[of] p1a: Garchomp
|-damage|p2a: Landorus-Therian|227\/319|[from] item: Rocky Helmet|[of] p1a: Garchomp
|
|switch|p2a: Rotom-Wash|Rotom-Wash|303\/303
|move|p1a: Garchomp|Stealth Rock|p2a: Rotom-Wash
|-sidestart|p2: Hax God Jet|move: Stealth Rock
|
|turn|2
|
|move|p2a: Rotom-Wash|Will-O-Wisp|p1a: Garchomp
|-status|p1a: Garchomp|brn
|move|p1a: Garchomp|Dragon Tail|p2a: Rotom-Wash
|-crit|p2a: Rotom-Wash
|-damage|p2a: Rotom-Wash|252\/303
|drag|p2a: Sylveon|Sylveon, F|345\/345
|-damage|p2a: Sylveon|302\/345|[from] Stealth Rock
|
|-damage|p1a: Garchomp|300\/414 brn|[from] brn
|turn|3
|join|DarkZero666
|c|âHax God Jet|lmao your crit rates are insane
|
|move|p1a: Garchomp|Earthquake|p2a: Sylveon
|-damage|p2a: Sylveon|248\/345
|move|p2a: Sylveon|Hyper Voice|p1a: Garchomp
|-crit|p1a: Garchomp
|-supereffective|p1a: Garchomp
|-damage|p1a: Garchomp|0 fnt
|faint|p1a: Garchomp
|
|
|switch|p1a: Metagross|Metagross|301\/301
|turn|4
|
|detailschange|p1a: Metagross|Metagross-Mega
|message|Metagross has Mega Evolved into Mega Metagross!
|move|p1a: Metagross|Hone Claws|p1a: Metagross
|-boost|p1a: Metagross|atk|1
|-boost|p1a: Metagross|accuracy|1
|move|p2a: Sylveon|Hyper Voice|p1a: Metagross
|-resisted|p1a: Metagross
|-damage|p1a: Metagross|172\/301
|
|turn|5
|join|Maxwelldj
|
|switch|p2a: Landorus-Therian|Landorus-Therian, M|227\/319
|-damage|p2a: Landorus-Therian|188\/319|[from] Stealth Rock
|-ability|p2a: Landorus-Therian|Intimidate|[of] p1a: Metagross
|-unboost|p1a: Metagross|atk|1
|move|p1a: Metagross|Meteor Mash|p2a: Landorus-Therian
|-damage|p2a: Landorus-Therian|0 fnt
|faint|p2a: Landorus-Therian
|
|
|switch|p2a: Bisharp|Bisharp, F|271\/271
|-damage|p2a: Bisharp|255\/271|[from] Stealth Rock
|turn|6
|
|switch|p1a: Keldeo|Keldeo|323\/323
|move|p2a: Bisharp|Knock Off|p1a: Keldeo
|-resisted|p1a: Keldeo
|-damage|p1a: Keldeo|216\/323
|-boost|p1a: Keldeo|atk|1|[from] ability: Justified
|-enditem|p1a: Keldeo|Leftovers|[from] move: Knock Off|[of] p2a: Bisharp
|
|-heal|p2a: Bisharp|271\/271|[from] item: Leftovers
|turn|7
|
|switch|p1a: Metagross|Metagross-Mega|172\/301
|switch|p2a: Latias|Latias, F|341\/341
|-damage|p2a: Latias|299\/341|[from] Stealth Rock
|
|turn|8
|
|move|p1a: Metagross|Hone Claws|p1a: Metagross
|-boost|p1a: Metagross|atk|1
|-boost|p1a: Metagross|accuracy|1
|move|p2a: Latias|Draco Meteor|p1a: Metagross
|-resisted|p1a: Metagross
|-damage|p1a: Metagross|62\/301
|-unboost|p2a: Latias|spa|2
|-damage|p2a: Latias|265\/341|[from] item: Life Orb
|
|turn|9
|c|âHax God Jet|i have nothing 4 that
|
|switch|p2a: Bisharp|Bisharp, F|271\/271
|-damage|p2a: Bisharp|255\/271|[from] Stealth Rock
|move|p1a: Metagross|Dynamic Punch|p2a: Bisharp
|-crit|p2a: Bisharp
|-supereffective|p2a: Bisharp
|-damage|p2a: Bisharp|0 fnt
|faint|p2a: Bisharp
|
|
|switch|p2a: Rotom-Wash|Rotom-Wash|252\/303
|-damage|p2a: Rotom-Wash|215\/303|[from] Stealth Rock
|turn|10
|
|move|p1a: Metagross|Dynamic Punch|p2a: Rotom-Wash
|-damage|p2a: Rotom-Wash|24\/303
|-start|p2a: Rotom-Wash|confusion
|-activate|p2a: Rotom-Wash|confusion
|-damage|p2a: Rotom-Wash|9\/303|[from] confusion
|
|-heal|p2a: Rotom-Wash|27\/303|[from] item: Leftovers
|turn|11
|
|move|p1a: Metagross|Meteor Mash|p2a: Rotom-Wash
|-resisted|p2a: Rotom-Wash
|-damage|p2a: Rotom-Wash|0 fnt
|-boost|p1a: Metagross|atk|1
|faint|p2a: Rotom-Wash
|
|c| DarkZero666|lol
|
|switch|p2a: Sharpedo|Sharpedo, F, shiny|281\/281
|-damage|p2a: Sharpedo|246\/281|[from] Stealth Rock
|turn|12
|
|switch|p1a: Azumarill|Azumarill, F|348\/348
|move|p2a: Sharpedo|Waterfall|p1a: Azumarill
|-crit|p1a: Azumarill
|-resisted|p1a: Azumarill
|-damage|p1a: Azumarill|209\/348
|
|-boost|p2a: Sharpedo|spe|1|[from] ability: Speed Boost
|turn|13
|
|detailschange|p2a: Sharpedo|Sharpedo-Mega, F, shiny
|message|Sharpedo has Mega Evolved into Mega Sharpedo!
|move|p2a: Sharpedo|Destiny Bond|p2a: Sharpedo
|-singlemove|p2a: Sharpedo|Destiny Bond
|move|p1a: Azumarill|Play Rough|p2a: Sharpedo
|-supereffective|p2a: Sharpedo
|-damage|p2a: Sharpedo|0 fnt
|faint|p2a: Sharpedo
|-activate|p2a: Sharpedo|Destiny Bond
|faint|p1a: Azumarill
|
|
|switch|p1a: Jirachi|Jirachi|341\/341
|switch|p2a: Sylveon|Sylveon, F|248\/345
|-damage|p2a: Sylveon|205\/345|[from] Stealth Rock
|turn|14
|
|move|p1a: Jirachi|Iron Head|p2a: Sylveon
|-supereffective|p2a: Sylveon
|-damage|p2a: Sylveon|0 fnt
|faint|p2a: Sylveon
|
|
|switch|p2a: Latias|Latias, F|265\/341
|-damage|p2a: Latias|223\/341|[from] Stealth Rock
|turn|15
|c|âAlbyness|gg
|c|âHax God Jet|gg
|
|move|p1a: Jirachi|Iron Head|p2a: Latias
|-damage|p2a: Latias|82\/341
|cant|p2a: Latias|flinch
|
|turn|16
|
|move|p1a: Jirachi|Iron Head|p2a: Latias
|-damage|p2a: Latias|0 fnt
|faint|p2a: Latias
|
|win|Albyness
|leave|DarkZero666