|join|CleanerThanRotom-W
|join|Albyness
|player|p1|CleanerThanRotom-W|226
|player|p2|Albyness|44
|gametype|singles
|gen|6
|tier|OU
|rated
|clearpoke
|poke|p1|Sableye, M
|poke|p1|Chansey, F
|poke|p1|Cresselia, F
|poke|p1|Bisharp, F
|poke|p1|Skarmory, M
|poke|p1|Quagsire, M
|poke|p2|Lopunny, M
|poke|p2|Dragonite, M
|poke|p2|Manaphy
|poke|p2|Weavile, M
|poke|p2|Excadrill, M
|poke|p2|Thundurus, M
|rule|Swagger Clause: Swagger is banned
|rule|Baton Pass Clause: Limit one PokÃ©mon knowing Baton Pass
|rule|Sleep Clause Mod: Limit one foe put to sleep
|rule|Species Clause: Limit one of each PokÃ©mon
|rule|OHKO Clause: OHKO moves are banned
|rule|Moody Clause: Moody is banned
|rule|Evasion Moves Clause: Evasion moves are banned
|rule|Endless Battle Clause: Forcing endless battles is banned
|rule|HP Percentage Mod: HP is shown in percentages
|teampreview
CleanerThanRotom-W made this room private.
|
|start
|switch|p1a: Sableye|Sableye, M|303\/303
|switch|p2a: Excadrill|Excadrill, M|361\/361
|-ability|p2a: Excadrill|Mold Breaker
|turn|1
|
|detailschange|p1a: Sableye|Sableye-Mega, M
|message|Sableye has Mega Evolved into Mega Sableye!
|move|p1a: Sableye|Will-O-Wisp|p2a: Excadrill
|-status|p2a: Excadrill|brn
|move|p2a: Excadrill|Stealth Rock|p1a: Sableye
|-sidestart|p1: CleanerThanRotom-W|move: Stealth Rock
|
|-damage|p2a: Excadrill|316\/361 brn|[from] brn
|turn|2
|
|move|p2a: Excadrill|Earthquake|p1a: Sableye
|-damage|p1a: Sableye|227\/303
|move|p1a: Sableye|Knock Off|p2a: Excadrill
|-damage|p2a: Excadrill|166\/361 brn
|-enditem|p2a: Excadrill|Focus Sash|[from] move: Knock Off|[of] p1a: Sableye
|
|-damage|p2a: Excadrill|121\/361 brn|[from] brn
|turn|3
|
|move|p2a: Excadrill|Earthquake|p1a: Sableye
|-damage|p1a: Sableye|136\/303
|move|p1a: Sableye|Recover|p1a: Sableye
|-heal|p1a: Sableye|288\/303
|
|-damage|p2a: Excadrill|76\/361 brn|[from] brn
|turn|4
|
|switch|p1a: Skarmory|Skarmory, M|334\/334
|-damage|p1a: Skarmory|293\/334|[from] Stealth Rock
|move|p2a: Excadrill|Earthquake|p1a: Skarmory
|-immune|p1a: Skarmory|[msg]
|
|-damage|p2a: Excadrill|31\/361 brn|[from] brn
|turn|5
|
|switch|p2a: Thundurus|Thundurus, M|299\/299
|move|p1a: Skarmory|Spikes|p2a: Thundurus
|-sidestart|p2: Albyness|Spikes
|
|turn|6
|
|switch|p1a: Quagsire|Quagsire, M|393\/393
|-damage|p1a: Quagsire|369\/393|[from] Stealth Rock
|move|p2a: Thundurus|Knock Off|p1a: Quagsire
|-damage|p1a: Quagsire|279\/393
|-enditem|p1a: Quagsire|Leftovers|[from] move: Knock Off|[of] p2a: Thundurus
|-damage|p2a: Thundurus|270\/299|[from] item: Life Orb
|
|turn|7
|
|switch|p2a: Excadrill|Excadrill, M|31\/361 brn
|-damage|p2a: Excadrill|0 fnt|[from] Spikes
|faint|p2a: Excadrill
|move|p1a: Quagsire|Recover|p1a: Quagsire
|-heal|p1a: Quagsire|393\/393
|
|
|switch|p2a: Manaphy|Manaphy|404\/404
|-damage|p2a: Manaphy|354\/404|[from] Spikes
|turn|8
|
|switch|p2a: Lopunny|Lopunny, M|271\/271
|-damage|p2a: Lopunny|238\/271|[from] Spikes
|move|p1a: Quagsire|Toxic|p2a: Lopunny
|-status|p2a: Lopunny|tox
|
|-damage|p2a: Lopunny|222\/271 tox|[from] psn
|turn|9
|
|detailschange|p2a: Lopunny|Lopunny-Mega, M
|message|Lopunny has Mega Evolved into Mega Lopunny!
|move|p2a: Lopunny|High Jump Kick|p1a: Quagsire
|-damage|p1a: Quagsire|213\/393
|move|p1a: Quagsire|Earthquake|p2a: Lopunny
|-damage|p2a: Lopunny|119\/271 tox
|
|-damage|p2a: Lopunny|87\/271 tox|[from] psn
|turn|10
|
|switch|p2a: Thundurus|Thundurus, M|270\/299
|move|p1a: Quagsire|Recover|p1a: Quagsire
|-heal|p1a: Quagsire|393\/393
|
|turn|11
|
|move|p2a: Thundurus|Grass Knot|p1a: Quagsire
|-crit|p1a: Quagsire
|-supereffective|p1a: Quagsire
|-damage|p1a: Quagsire|0 fnt
|-damage|p2a: Thundurus|241\/299|[from] item: Life Orb
|faint|p1a: Quagsire
|
|
|switch|p1a: Bisharp|Bisharp, F|333\/333
|-damage|p1a: Bisharp|313\/333|[from] Stealth Rock
|turn|12
|
|move|p2a: Thundurus|Thunder Wave|p1a: Bisharp
|-status|p1a: Bisharp|par
|cant|p1a: Bisharp|par
|
|-heal|p1a: Bisharp|333\/333 par|[from] item: Leftovers
|turn|13
|
|move|p2a: Thundurus|Thunderbolt|p1a: Bisharp
|-damage|p1a: Bisharp|86\/333 par
|-damage|p2a: Thundurus|212\/299|[from] item: Life Orb
|cant|p1a: Bisharp|par
|
|-heal|p1a: Bisharp|106\/333 par|[from] item: Leftovers
|turn|14
|
|move|p1a: Bisharp|Sucker Punch|p2a: Thundurus
|-damage|p2a: Thundurus|26\/299
|move|p2a: Thundurus|Thunderbolt|p1a: Bisharp
|-damage|p1a: Bisharp|0 fnt
|-damage|p2a: Thundurus|0 fnt|[from] item: Life Orb
|faint|p1a: Bisharp
|faint|p2a: Thundurus
|
|
|switch|p2a: Lopunny|Lopunny-Mega, M|87\/271 tox
|switch|p1a: Cresselia|Cresselia, F|444\/444
|-damage|p2a: Lopunny|54\/271 tox|[from] Spikes
|-damage|p1a: Cresselia|389\/444|[from] Stealth Rock
|turn|15
|
|move|p2a: Lopunny|Endeavor|p1a: Cresselia
|-damage|p1a: Cresselia|54\/444
|move|p1a: Cresselia|Moonlight|p1a: Cresselia
|-heal|p1a: Cresselia|276\/444
|
|-heal|p1a: Cresselia|303\/444|[from] item: Leftovers
|-damage|p2a: Lopunny|38\/271 tox|[from] psn
|turn|16
|
|move|p2a: Lopunny|Endeavor|p1a: Cresselia
|-damage|p1a: Cresselia|38\/444
|move|p1a: Cresselia|Moonlight|p1a: Cresselia
|-heal|p1a: Cresselia|260\/444
|
|-heal|p1a: Cresselia|287\/444|[from] item: Leftovers
|-damage|p2a: Lopunny|6\/271 tox|[from] psn
|turn|17
|
|move|p2a: Lopunny|Endeavor|p1a: Cresselia
|-damage|p1a: Cresselia|6\/444
|move|p1a: Cresselia|Moonlight|p1a: Cresselia
|-heal|p1a: Cresselia|228\/444
|
|-heal|p1a: Cresselia|255\/444|[from] item: Leftovers
|-damage|p2a: Lopunny|0 fnt|[from] psn
|faint|p2a: Lopunny
|
|switch|p2a: Manaphy|Manaphy|354\/404
|-damage|p2a: Manaphy|304\/404|[from] Spikes
|turn|18
|
|move|p2a: Manaphy|Tail Glow|p2a: Manaphy
|-boost|p2a: Manaphy|spa|3
|move|p1a: Cresselia|Skill Swap|p2a: Manaphy
|-activate|p1a: Cresselia|move: Skill Swap|Hydration|Levitate|[of] p2a: Manaphy
|
|-heal|p2a: Manaphy|329\/404|[from] item: Leftovers
|-heal|p1a: Cresselia|282\/444|[from] item: Leftovers
|turn|19
|
|move|p2a: Manaphy|Scald|p1a: Cresselia
|-damage|p1a: Cresselia|135\/444
|-status|p1a: Cresselia|brn
|move|p1a: Cresselia|Toxic|p2a: Manaphy
|-status|p2a: Manaphy|tox
|
|-heal|p2a: Manaphy|354\/404 tox|[from] item: Leftovers
|-heal|p1a: Cresselia|162\/444 brn|[from] item: Leftovers
|-damage|p2a: Manaphy|329\/404 tox|[from] psn
|-damage|p1a: Cresselia|107\/444 brn|[from] brn
|turn|20
|
|switch|p2a: Weavile|Weavile, M|282\/282
|-damage|p2a: Weavile|247\/282|[from] Spikes
|-ability|p2a: Weavile|Pressure
|switch|p1a: Chansey|Chansey, F|703\/703
|-damage|p1a: Chansey|616\/703|[from] Stealth Rock
|
|turn|21
|
|switch|p1a: Skarmory|Skarmory, M|293\/334
|-damage|p1a: Skarmory|252\/334|[from] Stealth Rock
|move|p2a: Weavile|Knock Off|p1a: Skarmory
|-damage|p1a: Skarmory|142\/334
|-enditem|p1a: Skarmory|Shed Shell|[from] move: Knock Off|[of] p2a: Weavile
|-damage|p2a: Weavile|219\/282|[from] item: Life Orb
|
|turn|22
|
|move|p2a: Weavile|Icicle Crash|p1a: Skarmory
|-damage|p1a: Skarmory|37\/334
|-damage|p2a: Weavile|191\/282|[from] item: Life Orb
|cant|p1a: Skarmory|flinch
|
|turn|23
|c|âCleanerThanRotom-W|wow
|
|switch|p1a: Cresselia|Cresselia, F|107\/444 brn
|-damage|p1a: Cresselia|52\/444 brn|[from] Stealth Rock
|move|p2a: Weavile|Knock Off|p1a: Cresselia
|-supereffective|p1a: Cresselia
|-damage|p1a: Cresselia|0 fnt
|-enditem|p1a: Cresselia|Leftovers|[from] move: Knock Off|[of] p2a: Weavile
|-damage|p2a: Weavile|163\/282|[from] item: Life Orb
|faint|p1a: Cresselia
|
|
|switch|p1a: Sableye|Sableye-Mega, M|288\/303
|-damage|p1a: Sableye|251\/303|[from] Stealth Rock
|turn|24
|
|move|p2a: Weavile|Icicle Crash|p1a: Sableye
|-damage|p1a: Sableye|98\/303
|-damage|p2a: Weavile|135\/282|[from] item: Life Orb
|cant|p1a: Sableye|flinch
|
|turn|25
|c|âCleanerThanRotom-W|...
|
|move|p2a: Weavile|Knock Off|p1a: Sableye
|-damage|p1a: Sableye|0 fnt
|-damage|p2a: Weavile|107\/282|[from] item: Life Orb
|faint|p1a: Sableye
|
|
|switch|p1a: Chansey|Chansey, F|616\/703
|-damage|p1a: Chansey|529\/703|[from] Stealth Rock
|turn|26
|
|move|p2a: Weavile|Knock Off|p1a: Chansey
|-damage|p1a: Chansey|255\/703
|-enditem|p1a: Chansey|Eviolite|[from] move: Knock Off|[of] p2a: Weavile
|-damage|p2a: Weavile|79\/282|[from] item: Life Orb
|move|p1a: Chansey|Seismic Toss|p2a: Weavile
|-damage|p2a: Weavile|0 fnt
|faint|p2a: Weavile
|
|c|âCleanerThanRotom-W|absolutely disgusting
|
|switch|p2a: Dragonite|Dragonite, M|359\/359
|turn|27
|
|move|p2a: Dragonite|Fire Punch|p1a: Chansey
|-damage|p1a: Chansey|0 fnt
|faint|p1a: Chansey
|
|-message|CleanerThanRotom-W forfeited.
|
|win|Albyness
|raw|Ladder updating...
|leave|CleanerThanRotom-W
|player|p1
|raw|CleanerThanRotom-W's rating: 1780 &rarr; <strong>1758<\/strong><br \/>(-22 for losing)
|raw|Albyness's rating: 1745 &rarr; <strong>1767<\/strong><br \/>(+22 for winning)