|join|Albyness
|join|iplaytennislol
|player|p1|Albyness|44
|player|p2|iplaytennislol|175
|gametype|singles
|gen|6
|tier|OU
|rated
|clearpoke
|poke|p1|Lopunny, F
|poke|p1|Dragonite, M
|poke|p1|Manaphy
|poke|p1|Weavile, F
|poke|p1|Excadrill, M
|poke|p1|Thundurus, M
|poke|p2|Greninja, M
|poke|p2|Gallade, M
|poke|p2|Rotom-Wash
|poke|p2|Clefable, F
|poke|p2|Landorus-Therian, M
|poke|p2|Empoleon, F
|rule|Swagger Clause: Swagger is banned
|rule|Baton Pass Clause: Limit one PokÃ©mon knowing Baton Pass
|rule|Sleep Clause Mod: Limit one foe put to sleep
|rule|Species Clause: Limit one of each PokÃ©mon
|rule|OHKO Clause: OHKO moves are banned
|rule|Moody Clause: Moody is banned
|rule|Evasion Moves Clause: Evasion moves are banned
|rule|Endless Battle Clause: Forcing endless battles is banned
|rule|HP Percentage Mod: HP is shown in percentages
|teampreview
|join|raseri
|join|The Goomy
|join|fuck space
|
|start
|switch|p1a: Excadrill|Excadrill, M|361\/361
|switch|p2a: Rotom-Wash|Rotom-Wash|304\/304
|-ability|p1a: Excadrill|Mold Breaker
|turn|1
|
|switch|p2a: Landorus-Therian|Landorus-Therian, M|319\/319
|-ability|p2a: Landorus-Therian|Intimidate|[of] p1a: Excadrill
|-unboost|p1a: Excadrill|atk|1
|move|p1a: Excadrill|Earthquake|p2a: Landorus-Therian
|-immune|p2a: Landorus-Therian|[msg]
|
|turn|2
|
|move|p2a: Landorus-Therian|U-turn|p1a: Excadrill
|-resisted|p1a: Excadrill
|-damage|p1a: Excadrill|299\/361
|c|âiplaytennislol|i predicted you to stay in
|
|switch|p2a: Empoleon|Empoleon, F|372\/372
|move|p1a: Excadrill|Stealth Rock|p2a: Empoleon
|-sidestart|p2: iplaytennislol|move: Stealth Rock
|
|turn|3
|join|Jefo
|
|move|p1a: Excadrill|Earthquake|p2a: Empoleon
|-supereffective|p2a: Empoleon
|-damage|p2a: Empoleon|166\/372
|move|p2a: Empoleon|Scald|p1a: Excadrill
|-supereffective|p1a: Excadrill
|-damage|p1a: Excadrill|0 fnt
|faint|p1a: Excadrill
|
|-heal|p2a: Empoleon|189\/372|[from] item: Leftovers
|
|switch|p1a: Thundurus|Thundurus, M|299\/299
|turn|4
|
|switch|p2a: Landorus-Therian|Landorus-Therian, M|319\/319
|-damage|p2a: Landorus-Therian|280\/319|[from] Stealth Rock
|-ability|p2a: Landorus-Therian|Intimidate|[of] p1a: Thundurus
|-unboost|p1a: Thundurus|atk|1
|-boost|p1a: Thundurus|atk|2|[from] ability: Defiant
|move|p1a: Thundurus|Thunderbolt|p2a: Landorus-Therian
|-immune|p2a: Landorus-Therian|[msg]
|
|turn|5
|c|âAlbyness|fuck u cancel;
|
|switch|p1a: Manaphy|Manaphy|404\/404
|move|p2a: Landorus-Therian|Stone Edge|p1a: Manaphy
|-damage|p1a: Manaphy|295\/404
|
|-heal|p1a: Manaphy|320\/404|[from] item: Leftovers
|turn|6
|
|switch|p2a: Empoleon|Empoleon, F|189\/372
|-damage|p2a: Empoleon|166\/372|[from] Stealth Rock
|switch|p1a: Lopunny|Lopunny, F|271\/271
|
|-heal|p2a: Empoleon|189\/372|[from] item: Leftovers
|turn|7
|
|detailschange|p1a: Lopunny|Lopunny-Mega, F
|-mega|p1a: Lopunny|Lopunny|Lopunnite
|move|p1a: Lopunny|High Jump Kick|p2a: Empoleon
|-supereffective|p2a: Empoleon
|-damage|p2a: Empoleon|0 fnt
|faint|p2a: Empoleon
|
|
|switch|p2a: Gallade|Gallade, M|277\/277
|-damage|p2a: Gallade|260\/277|[from] Stealth Rock
|turn|8
|
|switch|p1a: Thundurus|Thundurus, M|299\/299
|detailschange|p2a: Gallade|Gallade-Mega, M
|-mega|p2a: Gallade|Gallade|Galladite
|move|p2a: Gallade|Zen Headbutt|p1a: Thundurus
|-damage|p1a: Thundurus|88\/299
|
|turn|9
|join|boltsandbombers
|
|switch|p2a: Landorus-Therian|Landorus-Therian, M|280\/319
|-damage|p2a: Landorus-Therian|241\/319|[from] Stealth Rock
|-ability|p2a: Landorus-Therian|Intimidate|[of] p1a: Thundurus
|-unboost|p1a: Thundurus|atk|1
|-boost|p1a: Thundurus|atk|2|[from] ability: Defiant
|move|p1a: Thundurus|Knock Off|p2a: Landorus-Therian
|-damage|p2a: Landorus-Therian|32\/319
|-enditem|p2a: Landorus-Therian|Choice Scarf|[from] move: Knock Off|[of] p1a: Thundurus
|-damage|p1a: Thundurus|59\/299|[from] item: Life Orb
|
|turn|10
|c|âiplaytennislol|you got me!
|
|move|p1a: Thundurus|Knock Off|p2a: Landorus-Therian
|-damage|p2a: Landorus-Therian|0 fnt
|-damage|p1a: Thundurus|30\/299|[from] item: Life Orb
|faint|p2a: Landorus-Therian
|
|
|switch|p2a: Clefable|Clefable, F|394\/394
|turn|11
|
|move|p1a: Thundurus|Knock Off|p2a: Clefable
|-resisted|p2a: Clefable
|-damage|p2a: Clefable|284\/394
|-enditem|p2a: Clefable|Leftovers|[from] move: Knock Off|[of] p1a: Thundurus
|-damage|p1a: Thundurus|1\/299|[from] item: Life Orb
|move|p2a: Clefable|Soft-Boiled|p2a: Clefable
|-heal|p2a: Clefable|394\/394
|
|turn|12
|
|switch|p1a: Manaphy|Manaphy|320\/404
|move|p2a: Clefable|Soft-Boiled|p2a: Clefable
|-fail|p2a: Clefable
|
|-heal|p1a: Manaphy|345\/404|[from] item: Leftovers
|turn|13
|
|move|p1a: Manaphy|Tail Glow|p1a: Manaphy
|-boost|p1a: Manaphy|spa|3
|move|p2a: Clefable|Moonblast|p1a: Manaphy
|-damage|p1a: Manaphy|231\/404
|-unboost|p1a: Manaphy|spa|1
|
|-heal|p1a: Manaphy|256\/404|[from] item: Leftovers
|turn|14
|
|move|p1a: Manaphy|Tail Glow|p1a: Manaphy
|-boost|p1a: Manaphy|spa|3
|move|p2a: Clefable|Moonblast|p1a: Manaphy
|-damage|p1a: Manaphy|145\/404
|
|-heal|p1a: Manaphy|170\/404|[from] item: Leftovers
|turn|15
|
|switch|p2a: Greninja|Greninja, M|285\/285
|-damage|p2a: Greninja|250\/285|[from] Stealth Rock
|move|p1a: Manaphy|Scald|p2a: Greninja
|-resisted|p2a: Greninja
|-damage|p2a: Greninja|0 fnt
|faint|p2a: Greninja
|
|-heal|p1a: Manaphy|195\/404|[from] item: Leftovers
|c|âiplaytennislol|RESIST
|c| The Goomy|http:\/\/i.imgur.com\/QQggmyC.png
|join|etaoi
|
|switch|p2a: Gallade|Gallade-Mega, M|260\/277
|-damage|p2a: Gallade|243\/277|[from] Stealth Rock
|turn|16
|c|âiplaytennislol|-
|
|move|p2a: Gallade|Close Combat|p1a: Manaphy
|-damage|p1a: Manaphy|0 fnt
|-unboost|p2a: Gallade|def|1
|-unboost|p2a: Gallade|spd|1
|faint|p1a: Manaphy
|
|c|âAlbyness|i live zen js
|c|âiplaytennislol|im glad i CC'd then!
|c| fuck space|good thing he didnt need to. js
|
|switch|p1a: Weavile|Weavile, F|282\/282
|-ability|p1a: Weavile|Pressure
|turn|17
|
|move|p1a: Weavile|Pursuit|p2a: Gallade|[from]Pursuit
|-damage|p2a: Gallade|0 fnt
|-damage|p1a: Weavile|254\/282|[from] item: Life Orb
|faint|p2a: Gallade
|
|c|âAlbyness|well weavile lop could kill
|c|âiplaytennislol|can i stop
|c|âiplaytennislol|getting predicted
|c|âiplaytennislol|i should stick to nu
|c| The Goomy|lol
|
|switch|p2a: Rotom-Wash|Rotom-Wash|304\/304
|-damage|p2a: Rotom-Wash|266\/304|[from] Stealth Rock
|turn|18
|c| The Goomy|http:\/\/i.imgur.com\/jq48Bcn.png
|c|âiplaytennislol|LOL
|c|âiplaytennislol|stop
|c|âiplaytennislol|goomy
|
|move|p1a: Weavile|Knock Off|p2a: Rotom-Wash
|-damage|p2a: Rotom-Wash|106\/304
|-enditem|p2a: Rotom-Wash|Leftovers|[from] move: Knock Off|[of] p1a: Weavile
|-damage|p1a: Weavile|226\/282|[from] item: Life Orb
|move|p2a: Rotom-Wash|Will-O-Wisp|p1a: Weavile
|-status|p1a: Weavile|brn
|
|-damage|p1a: Weavile|191\/282 brn|[from] brn
|turn|19
|
|switch|p1a: Thundurus|Thundurus, M|1\/299
|move|p2a: Rotom-Wash|Hydro Pump|p1a: Thundurus
|-damage|p1a: Thundurus|0 fnt
|faint|p1a: Thundurus
|
|join|LarryBusJr
|
|switch|p1a: Lopunny|Lopunny-Mega, F|271\/271
|turn|20
|
|move|p1a: Lopunny|Return|p2a: Rotom-Wash
|-damage|p2a: Rotom-Wash|0 fnt
|faint|p2a: Rotom-Wash
|
|
|switch|p2a: Clefable|Clefable, F|394\/394
|turn|21
|
|move|p1a: Lopunny|Substitute|p1a: Lopunny
|-start|p1a: Lopunny|Substitute
|-damage|p1a: Lopunny|204\/271
|move|p2a: Clefable|Moonblast|p1a: Lopunny
|-supereffective|p1a: Lopunny
|-end|p1a: Lopunny|Substitute
|
|turn|22
|
|switch|p1a: Weavile|Weavile, F|191\/282 brn
|-ability|p1a: Weavile|Pressure
|move|p2a: Clefable|Moonblast|p1a: Weavile
|-supereffective|p1a: Weavile
|-damage|p1a: Weavile|0 fnt
|faint|p1a: Weavile
|
|c|âiplaytennislol|!learn lopunny, endeavor
|raw|<div class="infobox">Lopunny <span class="message-learn-canlearn">can<\/span> learn Endeavor<\/ul><\/div>
|c|âiplaytennislol|!!!!!!!!!!
|leave|raseri
|
|switch|p1a: Lopunny|Lopunny-Mega, F|204\/271
|turn|23
|c| The Goomy|lol
|c| The Goomy|raseri's had enuff
|
|move|p1a: Lopunny|Substitute|p1a: Lopunny
|-start|p1a: Lopunny|Substitute
|-damage|p1a: Lopunny|137\/271
|move|p2a: Clefable|Moonblast|p1a: Lopunny
|-supereffective|p1a: Lopunny
|-end|p1a: Lopunny|Substitute
|
|turn|24
|
|move|p1a: Lopunny|Substitute|p1a: Lopunny
|-start|p1a: Lopunny|Substitute
|-damage|p1a: Lopunny|70\/271
|move|p2a: Clefable|Moonblast|p1a: Lopunny
|-supereffective|p1a: Lopunny
|-end|p1a: Lopunny|Substitute
|
|turn|25
|join|gorex
|
|move|p1a: Lopunny|Substitute|p1a: Lopunny
|-start|p1a: Lopunny|Substitute
|-damage|p1a: Lopunny|3\/271
|move|p2a: Clefable|Moonblast|p1a: Lopunny
|-supereffective|p1a: Lopunny
|-end|p1a: Lopunny|Substitute
|
|turn|26
|
|move|p1a: Lopunny|Endeavor|p2a: Clefable
|-damage|p2a: Clefable|3\/394
|move|p2a: Clefable|Soft-Boiled|p2a: Clefable
|-heal|p2a: Clefable|200\/394
|
|turn|27
|c| LarryBusJr|Beep
|
|move|p1a: Lopunny|Return|p2a: Clefable
|-damage|p2a: Clefable|5\/394
|move|p2a: Clefable|Soft-Boiled|p2a: Clefable
|-heal|p2a: Clefable|202\/394
|
|turn|28
|
|move|p1a: Lopunny|Return|p2a: Clefable
|-damage|p2a: Clefable|6\/394
|move|p2a: Clefable|Soft-Boiled|p2a: Clefable
|-heal|p2a: Clefable|203\/394
|
|turn|29
|c|âAlbyness|lol
|c|âiplaytennislol|gg
|
|move|p1a: Lopunny|Return|p2a: Clefable
|-damage|p2a: Clefable|2\/394
|move|p2a: Clefable|Moonblast|p1a: Lopunny
|-supereffective|p1a: Lopunny
|-damage|p1a: Lopunny|0 fnt
|faint|p1a: Lopunny
|
|c|âAlbyness|gg
|
|switch|p1a: Dragonite|Dragonite, M|359\/359
|turn|30
|
|move|p1a: Dragonite|Extreme Speed|p2a: Clefable
|-damage|p2a: Clefable|0 fnt
|faint|p2a: Clefable
|
|win|Albyness
|raw|Ladder updating...
|raw|Albyness's rating: 1705 &rarr; <strong>1723<\/strong><br \/>(+18 for winning)
|raw|iplaytennislol's rating: 1670 &rarr; <strong>1652<\/strong><br \/>(-18 for losing)
|leave|fuck space
|leave|iplaytennislol