|join|Albyness
|join|Snagem Amir
|player|p1|Albyness|44
|player|p2|Snagem Amir|96
|gametype|singles
|gen|6
|tier|OU
|clearpoke
|poke|p1|Metagross
|poke|p1|Bisharp, M
|poke|p1|Landorus, M
|poke|p1|Thundurus, M
|poke|p1|Gengar, M
|poke|p1|Skarmory, M
|poke|p2|Sableye, F
|poke|p2|Excadrill, F
|poke|p2|Manaphy
|poke|p2|Gliscor, F
|poke|p2|Talonflame, F
|poke|p2|Clefable, F
|rule|Swagger Clause: Swagger is banned
|rule|Baton Pass Clause: Limit one PokÃ©mon knowing Baton Pass
|rule|Sleep Clause Mod: Limit one foe put to sleep
|rule|Species Clause: Limit one of each PokÃ©mon
|rule|OHKO Clause: OHKO moves are banned
|rule|Moody Clause: Moody is banned
|rule|Evasion Moves Clause: Evasion moves are banned
|rule|Endless Battle Clause: Forcing endless battles is banned
|rule|HP Percentage Mod: HP is shown in percentages
|teampreview
|c|âSnagem Amir|lol nice team
|c|âSnagem Amir|i think i have a team like this
|c|âAlbyness|u gave me it
|
|start
|switch|p1a: Landorus|Landorus, M|319\/319
|switch|p2a: Sableye|Sableye, F|303\/303
|turn|1
|c|âAlbyness|rofl
|c|âSnagem Amir|oh yeah lmao
|
|switch|p2a: Talonflame|Talonflame, F|345\/345
|move|p1a: Landorus|Earth Power|p2a: Talonflame
|-immune|p2a: Talonflame|[msg]
|
|turn|2
|
|move|p1a: Landorus|Psychic|p2a: Talonflame
|-damage|p2a: Talonflame|107\/345
|move|p2a: Talonflame|Will-O-Wisp|p1a: Landorus
|-status|p1a: Landorus|brn
|
|-heal|p2a: Talonflame|128\/345|[from] item: Leftovers
|-damage|p1a: Landorus|280\/319 brn|[from] brn
|turn|3
|
|switch|p2a: Excadrill|Excadrill, F|424\/424
|-ability|p2a: Excadrill|Mold Breaker
|move|p1a: Landorus|Knock Off|p2a: Excadrill
|-damage|p2a: Excadrill|337\/424
|-enditem|p2a: Excadrill|Leftovers|[from] move: Knock Off|[of] p1a: Landorus
|-damage|p1a: Landorus|249\/319 brn|[from] item: Life Orb
|
|-damage|p1a: Landorus|210\/319 brn|[from] brn
|turn|4
|
|switch|p2a: Gliscor|Gliscor, F|353\/353
|move|p1a: Landorus|Psychic|p2a: Gliscor
|-damage|p2a: Gliscor|133\/353
|
|-damage|p1a: Landorus|171\/319 brn|[from] brn
|-status|p2a: Gliscor|tox|[from] item: Toxic Orb
|turn|5
|c|âSnagem Amir|i overpredicted lol
|
|switch|p1a: Metagross|Metagross|301\/301
|move|p2a: Gliscor|U-turn|p1a: Metagross
|-damage|p1a: Metagross|256\/301
|
|switch|p2a: Talonflame|Talonflame, F|128\/345
|
|-heal|p2a: Talonflame|149\/345|[from] item: Leftovers
|turn|6
|
|detailschange|p1a: Metagross|Metagross-Mega
|message|Metagross has Mega Evolved into Mega Metagross!
|move|p2a: Talonflame|Roost|p2a: Talonflame
|-heal|p2a: Talonflame|322\/345
|move|p1a: Metagross|Zen Headbutt|p2a: Talonflame|[miss]
|-miss|p1a: Metagross|p2a: Talonflame
|
|-heal|p2a: Talonflame|343\/345|[from] item: Leftovers
|turn|7
|
|move|p1a: Metagross|Zen Headbutt|p2a: Talonflame
|-damage|p2a: Talonflame|66\/345
|move|p2a: Talonflame|Will-O-Wisp|p1a: Metagross|[miss]
|-miss|p2a: Talonflame|p1a: Metagross
|
|-heal|p2a: Talonflame|87\/345|[from] item: Leftovers
|turn|8
|c|âSnagem Amir|that sucks ;-;
|c|âSnagem Amir|and that lol
|c|âAlbyness|=
|
|switch|p2a: Manaphy|Manaphy|403\/403
|move|p1a: Metagross|Zen Headbutt|p2a: Manaphy
|-damage|p2a: Manaphy|199\/403
|
|-heal|p2a: Manaphy|224\/403|[from] item: Leftovers
|turn|9
|
|move|p1a: Metagross|Hone Claws|p1a: Metagross
|-boost|p1a: Metagross|atk|1
|-boost|p1a: Metagross|accuracy|1
|move|p2a: Manaphy|Scald|p1a: Metagross
|-damage|p1a: Metagross|175\/301
|
|-heal|p2a: Manaphy|249\/403|[from] item: Leftovers
|turn|10
|c|âAlbyness|plz
|c|âAlbyness|no
|c|âSnagem Amir|damn HO is a problem lmao
|
|move|p1a: Metagross|Zen Headbutt|p2a: Manaphy
|-damage|p2a: Manaphy|0 fnt
|faint|p2a: Manaphy
|
|c|âSnagem Amir|my teams are too damn scary to face
|c|âAlbyness|rofl
|
|switch|p2a: Sableye|Sableye, F|303\/303
|turn|11
|
|switch|p1a: Skarmory|Skarmory, M|271\/271
|detailschange|p2a: Sableye|Sableye-Mega, F
|message|Sableye has Mega Evolved into Mega Sableye!
|move|p2a: Sableye|Will-O-Wisp|p1a: Skarmory|[miss]
|-miss|p2a: Sableye|p1a: Skarmory
|
|turn|12
|
|switch|p1a: Landorus|Landorus, M|171\/319 brn
|move|p2a: Sableye|Knock Off|p1a: Landorus
|-damage|p1a: Landorus|57\/319 brn
|-enditem|p1a: Landorus|Life Orb|[from] move: Knock Off|[of] p2a: Sableye
|
|-damage|p1a: Landorus|18\/319 brn|[from] brn
|turn|13
|c|âSnagem Amir|hax stahp
|
|move|p1a: Landorus|Earth Power|p2a: Sableye
|-damage|p2a: Sableye|186\/303
|move|p2a: Sableye|Knock Off|p1a: Landorus
|-damage|p1a: Landorus|0 fnt
|faint|p1a: Landorus
|
|
|switch|p1a: Bisharp|Bisharp, M|271\/271
|turn|14
|
|move|p1a: Bisharp|Iron Head|p2a: Sableye
|-damage|p2a: Sableye|51\/303
|move|p2a: Sableye|Will-O-Wisp|p1a: Bisharp
|-status|p1a: Bisharp|brn
|-enditem|p1a: Bisharp|Lum Berry|[eat]
|-curestatus|p1a: Bisharp|brn
|
|turn|15
|c|âSnagem Amir|oh yeah...lmao
|join|Piexplode
|
|switch|p2a: Excadrill|Excadrill, F|337\/424
|-ability|p2a: Excadrill|Mold Breaker
|move|p1a: Bisharp|Knock Off|p2a: Excadrill
|-damage|p2a: Excadrill|156\/424
|
|turn|16
|
|move|p1a: Bisharp|Knock Off|p2a: Excadrill
|-damage|p2a: Excadrill|0 fnt
|faint|p2a: Excadrill
|
|
|switch|p2a: Talonflame|Talonflame, F|87\/345
|turn|17
|
|move|p2a: Talonflame|Will-O-Wisp|p1a: Bisharp
|-status|p1a: Bisharp|brn
|move|p1a: Bisharp|Knock Off|p2a: Talonflame
|-damage|p2a: Talonflame|0 fnt
|-enditem|p2a: Talonflame|Leftovers|[from] move: Knock Off|[of] p1a: Bisharp
|faint|p2a: Talonflame
|
|-damage|p1a: Bisharp|238\/271 brn|[from] brn
|c|âSnagem Amir|imo gg i ain't got shit
|
|switch|p2a: Gliscor|Gliscor, F|133\/353 tox
|turn|18
|
|switch|p1a: Gengar|Gengar, M|259\/259
|move|p2a: Gliscor|Stealth Rock|p1a: Gengar
|-sidestart|p1: Albyness|move: Stealth Rock
|
|-heal|p2a: Gliscor|177\/353 tox|[from] ability: Poison Heal
|turn|19
|
|move|p1a: Gengar|Shadow Ball|p2a: Gliscor
|-damage|p2a: Gliscor|0 fnt
|-damage|p1a: Gengar|234\/259|[from] item: Life Orb
|faint|p2a: Gliscor
|
|
|switch|p2a: Sableye|Sableye-Mega, F|51\/303
|turn|20
|
|move|p1a: Gengar|Shadow Ball|p2a: Sableye
|-damage|p2a: Sableye|0 fnt
|-damage|p1a: Gengar|209\/259|[from] item: Life Orb
|faint|p2a: Sableye
|
|
|switch|p2a: Clefable|Clefable, F|393\/393
|turn|21
|
|move|p1a: Gengar|Sludge Wave|p2a: Clefable
|-supereffective|p2a: Clefable
|-damage|p2a: Clefable|0 fnt
|-damage|p1a: Gengar|184\/259|[from] item: Life Orb
|faint|p2a: Clefable
|
|win|Albyness
|c|âAlbyness|gg
|c|âSnagem Amir|oh you ave it
|c|âSnagem Amir|gg