|join|Albyness
|join|Bald Pitt
|player|p1|Albyness|44
|player|p2|Bald Pitt|23
|gametype|singles
|gen|6
|tier|OU
|rated
|clearpoke
|poke|p1|Scizor, F
|poke|p1|Gengar, M, shiny
|poke|p1|Raikou, shiny
|poke|p1|Bisharp, F
|poke|p1|Keldeo
|poke|p1|Clefable, M
|poke|p2|Keldeo
|poke|p2|Ferrothorn, F
|poke|p2|Pinsir, M
|poke|p2|Heatran, M
|poke|p2|Rotom-Wash
|poke|p2|Landorus-Therian, M
|rule|Swagger Clause: Swagger is banned
|rule|Baton Pass Clause: Limit one PokÃ©mon knowing Baton Pass
|rule|Sleep Clause Mod: Limit one foe put to sleep
|rule|Species Clause: Limit one of each PokÃ©mon
|rule|OHKO Clause: OHKO moves are banned
|rule|Moody Clause: Moody is banned
|rule|Evasion Moves Clause: Evasion moves are banned
|rule|Endless Battle Clause: Forcing endless battles is banned
|rule|HP Percentage Mod: HP is shown in percentages
|teampreview
|
|start
|switch|p1a: Gengar|Gengar, M, shiny|261\/261
|switch|p2a: Landorus-Therian|Landorus-Therian, M|330\/330
|-ability|p2a: Landorus-Therian|Intimidate|[of] p1a: Gengar
|-unboost|p1a: Gengar|atk|1
|turn|1
|
|move|p2a: Landorus-Therian|Knock Off|p1a: Gengar
|-supereffective|p1a: Gengar
|-damage|p1a: Gengar|0 fnt
|-enditem|p1a: Gengar|Life Orb|[from] move: Knock Off|[of] p2a: Landorus-Therian
|faint|p1a: Gengar
|
|
|switch|p1a: Bisharp|Bisharp, F|271\/271
|turn|2
|
|switch|p2a: Rotom-Wash|Rotom-Wash|304\/304
|move|p1a: Bisharp|Knock Off|p2a: Rotom-Wash
|-damage|p2a: Rotom-Wash|177\/304
|-enditem|p2a: Rotom-Wash|Leftovers|[from] move: Knock Off|[of] p1a: Bisharp
|
|turn|3
|
|move|p1a: Bisharp|Taunt|p2a: Rotom-Wash
|-start|p2a: Rotom-Wash|move: Taunt
|move|p2a: Rotom-Wash|Hydro Pump|p1a: Bisharp
|-crit|p1a: Bisharp
|-damage|p1a: Bisharp|0 fnt
|faint|p1a: Bisharp
|
|
|switch|p1a: Clefable|Clefable, M|394\/394
|turn|4
|
|move|p2a: Rotom-Wash|Volt Switch|p1a: Clefable
|-crit|p1a: Clefable
|-damage|p1a: Clefable|283\/394
|
|switch|p2a: Heatran|Heatran, M|386\/386
|move|p1a: Clefable|Stealth Rock|p2a: Heatran
|-sidestart|p2: Bald Pitt|move: Stealth Rock
|
|-heal|p1a: Clefable|307\/394|[from] item: Leftovers
|turn|5
|
|move|p2a: Heatran|Stealth Rock|p1a: Clefable
|-sidestart|p1: Albyness|move: Stealth Rock
|move|p1a: Clefable|Thunder Wave|p2a: Heatran
|-status|p2a: Heatran|par
|
|-heal|p1a: Clefable|331\/394|[from] item: Leftovers
|turn|6
|
|switch|p1a: Keldeo|Keldeo|322\/322
|-damage|p1a: Keldeo|302\/322|[from] Stealth Rock
|move|p2a: Heatran|Taunt|p1a: Keldeo
|-start|p1a: Keldeo|move: Taunt
|
|-heal|p1a: Keldeo|322\/322|[from] item: Leftovers
|turn|7
|
|move|p1a: Keldeo|Scald|p2a: Heatran
|-supereffective|p2a: Heatran
|-damage|p2a: Heatran|198\/386 par
|move|p2a: Heatran|Lava Plume|p1a: Keldeo
|-resisted|p1a: Keldeo
|-damage|p1a: Keldeo|255\/322
|
|-heal|p1a: Keldeo|275\/322|[from] item: Leftovers
|-heal|p2a: Heatran|222\/386 par|[from] item: Leftovers
|turn|8
|
|move|p1a: Keldeo|Scald|p2a: Heatran
|-supereffective|p2a: Heatran
|-damage|p2a: Heatran|40\/386 par
|cant|p2a: Heatran|par
|
|-heal|p1a: Keldeo|295\/322|[from] item: Leftovers
|-heal|p2a: Heatran|64\/386 par|[from] item: Leftovers
|turn|9
|join|YOUsucke
|
|move|p1a: Keldeo|Scald|p2a: Heatran
|-supereffective|p2a: Heatran
|-damage|p2a: Heatran|0 fnt
|faint|p2a: Heatran
|
|-heal|p1a: Keldeo|315\/322|[from] item: Leftovers
|-end|p1a: Keldeo|move: Taunt
|
|switch|p2a: Landorus-Therian|Landorus-Therian, M|330\/330
|-damage|p2a: Landorus-Therian|289\/330|[from] Stealth Rock
|-ability|p2a: Landorus-Therian|Intimidate|[of] p1a: Keldeo
|-unboost|p1a: Keldeo|atk|1
|turn|10
|
|move|p2a: Landorus-Therian|Earthquake|p1a: Keldeo
|-damage|p1a: Keldeo|96\/322
|move|p1a: Keldeo|Scald|p2a: Landorus-Therian
|-supereffective|p2a: Landorus-Therian
|-damage|p2a: Landorus-Therian|0 fnt
|faint|p2a: Landorus-Therian
|
|-heal|p1a: Keldeo|116\/322|[from] item: Leftovers
|
|switch|p2a: Keldeo|Keldeo|323\/323
|-damage|p2a: Keldeo|303\/323|[from] Stealth Rock
|turn|11
|
|switch|p1a: Clefable|Clefable, M|331\/394
|-damage|p1a: Clefable|282\/394|[from] Stealth Rock
|move|p2a: Keldeo|Hydro Pump|p1a: Clefable
|-damage|p1a: Clefable|0 fnt
|faint|p1a: Clefable
|
|
|switch|p1a: Raikou|Raikou, shiny|321\/321
|-damage|p1a: Raikou|281\/321|[from] Stealth Rock
|-ability|p1a: Raikou|Pressure
|turn|12
|
|switch|p2a: Ferrothorn|Ferrothorn, F|351\/351
|-damage|p2a: Ferrothorn|330\/351|[from] Stealth Rock
|move|p1a: Raikou|Volt Switch|p2a: Ferrothorn
|-resisted|p2a: Ferrothorn
|-damage|p2a: Ferrothorn|294\/351
|
|switch|p1a: Keldeo|Keldeo|116\/322
|-damage|p1a: Keldeo|96\/322|[from] Stealth Rock
|
|-heal|p1a: Keldeo|116\/322|[from] item: Leftovers
|turn|13
|
|switch|p2a: Pinsir|Pinsir, M|271\/271
|-damage|p2a: Pinsir|204\/271|[from] Stealth Rock
|move|p1a: Keldeo|Secret Sword|p2a: Pinsir
|-resisted|p2a: Pinsir
|-damage|p2a: Pinsir|127\/271
|
|-heal|p1a: Keldeo|136\/322|[from] item: Leftovers
|turn|14
|
|switch|p1a: Raikou|Raikou, shiny|281\/321
|-damage|p1a: Raikou|241\/321|[from] Stealth Rock
|-ability|p1a: Raikou|Pressure
|detailschange|p2a: Pinsir|Pinsir-Mega, M
|message|Pinsir has Mega Evolved into Mega Pinsir!
|move|p2a: Pinsir|Quick Attack|p1a: Raikou
|-resisted|p1a: Raikou
|-damage|p1a: Raikou|168\/321
|
|turn|15
|
|move|p2a: Pinsir|Quick Attack|p1a: Raikou
|-resisted|p1a: Raikou
|-damage|p1a: Raikou|96\/321
|move|p1a: Raikou|Volt Switch|p2a: Pinsir
|-supereffective|p2a: Pinsir
|-damage|p2a: Pinsir|0 fnt
|faint|p2a: Pinsir
|
|switch|p1a: Keldeo|Keldeo|136\/322
|-damage|p1a: Keldeo|116\/322|[from] Stealth Rock
|
|-heal|p1a: Keldeo|136\/322|[from] item: Leftovers
|
|switch|p2a: Keldeo|Keldeo|303\/323
|-damage|p2a: Keldeo|283\/323|[from] Stealth Rock
|turn|16
|
|move|p2a: Keldeo|Secret Sword|p1a: Keldeo
|-damage|p1a: Keldeo|0 fnt
|faint|p1a: Keldeo
|
|
|switch|p1a: Scizor|Scizor, F|343\/343
|-damage|p1a: Scizor|301\/343|[from] Stealth Rock
|turn|17
|
|detailschange|p1a: Scizor|Scizor-Mega, F
|message|Scizor has Mega Evolved into Mega Scizor!
|move|p2a: Keldeo|Secret Sword|p1a: Scizor
|-damage|p1a: Scizor|175\/343
|move|p1a: Scizor|U-turn|p2a: Keldeo
|-resisted|p2a: Keldeo
|-damage|p2a: Keldeo|223\/323
|
|switch|p1a: Raikou|Raikou, shiny|96\/321
|-damage|p1a: Raikou|56\/321|[from] Stealth Rock
|-ability|p1a: Raikou|Pressure
|
|turn|18
|
|switch|p2a: Ferrothorn|Ferrothorn, F|294\/351
|-damage|p2a: Ferrothorn|273\/351|[from] Stealth Rock
|move|p1a: Raikou|Aura Sphere|p2a: Ferrothorn
|-crit|p2a: Ferrothorn
|-supereffective|p2a: Ferrothorn
|-damage|p2a: Ferrothorn|95\/351
|
|turn|19
|
|move|p1a: Raikou|Aura Sphere|p2a: Ferrothorn
|-supereffective|p2a: Ferrothorn
|-damage|p2a: Ferrothorn|0 fnt
|faint|p2a: Ferrothorn
|
|
|switch|p2a: Rotom-Wash|Rotom-Wash|177\/304
|-damage|p2a: Rotom-Wash|139\/304|[from] Stealth Rock
|turn|20
|
|switch|p1a: Scizor|Scizor-Mega, F|175\/343
|-damage|p1a: Scizor|133\/343|[from] Stealth Rock
|move|p2a: Rotom-Wash|Hydro Pump|p1a: Scizor
|-damage|p1a: Scizor|9\/343
|
|turn|21
|
|move|p1a: Scizor|Bullet Punch|p2a: Rotom-Wash
|-resisted|p2a: Rotom-Wash
|-damage|p2a: Rotom-Wash|121\/304
|move|p2a: Rotom-Wash|Will-O-Wisp|p1a: Scizor|[miss]
|-miss|p2a: Rotom-Wash|p1a: Scizor
|
|turn|22
|
|move|p1a: Scizor|Bullet Punch|p2a: Rotom-Wash
|-resisted|p2a: Rotom-Wash
|-damage|p2a: Rotom-Wash|105\/304
|move|p2a: Rotom-Wash|Hydro Pump|p1a: Scizor
|-damage|p1a: Scizor|0 fnt
|faint|p1a: Scizor
|
|
|switch|p1a: Raikou|Raikou, shiny|56\/321
|-damage|p1a: Raikou|16\/321|[from] Stealth Rock
|-ability|p1a: Raikou|Pressure
|turn|23
|
|move|p1a: Raikou|Thunderbolt|p2a: Rotom-Wash
|-damage|p2a: Rotom-Wash|0 fnt
|faint|p2a: Rotom-Wash
|
|
|switch|p2a: Keldeo|Keldeo|223\/323
|-damage|p2a: Keldeo|203\/323|[from] Stealth Rock
|turn|24
|
|move|p1a: Raikou|Thunderbolt|p2a: Keldeo
|-supereffective|p2a: Keldeo
|-damage|p2a: Keldeo|0 fnt
|faint|p2a: Keldeo
|
|win|Albyness
|raw|Ladder updating...
|leave|Bald Pitt
|player|p2
|leave|YOUsucke
|raw|Albyness's rating: 1645 &rarr; <strong>1662<\/strong><br \/>(+17 for winning)
|raw|Bald Pitt's rating: 1598 &rarr; <strong>1580<\/strong><br \/>(-18 for losing)