|join|Albyness
|join|CallMeTehInnovator
|c|âCallMeTehInnovator|gl hf
|player|p1|Albyness|44
|player|p2|CallMeTehInnovator|153
|gametype|singles
|gen|6
|tier|OU
|clearpoke
|poke|p1|Sableye, M
|poke|p1|Gengar, F, shiny
|poke|p1|Tornadus-Therian, M
|poke|p1|Scizor, M
|poke|p1|Terrakion
|poke|p1|Raikou
|poke|p2|Venusaur, F
|poke|p2|Heatran, M
|poke|p2|Landorus-Therian, M
|poke|p2|Manaphy
|poke|p2|Latias, F
|poke|p2|Clefable, F
|rule|Swagger Clause: Swagger is banned
|rule|Baton Pass Clause: Limit one PokÃ©mon knowing Baton Pass
|rule|Sleep Clause Mod: Limit one foe put to sleep
|rule|Species Clause: Limit one of each PokÃ©mon
|rule|OHKO Clause: OHKO moves are banned
|rule|Moody Clause: Moody is banned
|rule|Evasion Moves Clause: Evasion moves are banned
|rule|Endless Battle Clause: Forcing endless battles is banned
|rule|HP Percentage Mod: HP is shown in percentages
|teampreview
|join|CallMeTehNoob
|c|âCallMeTehInnovator|gl hf
|
|start
|switch|p1a: Sableye|Sableye, M|303\/303
|switch|p2a: Latias|Latias, F|319\/319
|turn|1
|
|switch|p2a: Heatran|Heatran, M|385\/385
|detailschange|p1a: Sableye|Sableye-Mega, M
|-mega|p1a: Sableye|Sableye|Sablenite
|move|p1a: Sableye|Knock Off|p2a: Heatran
|-damage|p2a: Heatran|307\/385
|-enditem|p2a: Heatran|Leftovers|[from] move: Knock Off|[of] p1a: Sableye
|
|turn|2
|c|âCallMeTehInnovator|oo
|c|âCallMeTehInnovator|free burn
|
|switch|p1a: Terrakion|Terrakion|323\/323
|move|p2a: Heatran|Lava Plume|p1a: Terrakion
|-resisted|p1a: Terrakion
|-damage|p1a: Terrakion|255\/323
|
|turn|3
|
|switch|p2a: Landorus-Therian|Landorus-Therian, M|319\/319
|-ability|p2a: Landorus-Therian|Intimidate|[of] p1a: Terrakion
|-unboost|p1a: Terrakion|atk|1
|move|p1a: Terrakion|Stealth Rock|p2a: Landorus-Therian
|-sidestart|p2: CallMeTehInnovator|move: Stealth Rock
|
|turn|4
|
|switch|p1a: Tornadus-Therian|Tornadus-Therian, M|332\/332
|move|p2a: Landorus-Therian|Knock Off|p1a: Tornadus-Therian
|-damage|p1a: Tornadus-Therian|171\/332
|-enditem|p1a: Tornadus-Therian|Assault Vest|[from] move: Knock Off|[of] p2a: Landorus-Therian
|
|turn|5
|
|switch|p2a: Clefable|Clefable, F|393\/393
|-damage|p2a: Clefable|344\/393|[from] Stealth Rock
|move|p1a: Tornadus-Therian|Knock Off|p2a: Clefable
|-resisted|p2a: Clefable
|-damage|p2a: Clefable|311\/393
|-enditem|p2a: Clefable|Leftovers|[from] move: Knock Off|[of] p1a: Tornadus-Therian
|
|turn|6
|c|âCallMeTehInnovator|LO Tornadus is better imo
|c|âAlbyness|yea
|c| CallMeTehNoob|da plays..
|c|âAlbyness|but this team needs a switch in to keldeo
|c| CallMeTehNoob|:P
|c|âCallMeTehInnovator|Superpower or Focus blast
|c|âCallMeTehInnovator|looking at the build
|c|âCallMeTehInnovator|i am gonna say focus blast
|c|âCallMeTehInnovator|but #SP is better
|
|move|p1a: Tornadus-Therian|Hurricane|p2a: Clefable|[miss]
|-miss|p1a: Tornadus-Therian|p2a: Clefable
|move|p2a: Clefable|Wish|p2a: Clefable
|
|turn|7
|
|switch|p2a: Heatran|Heatran, M|307\/385
|-damage|p2a: Heatran|259\/385|[from] Stealth Rock
|move|p1a: Tornadus-Therian|U-turn|p2a: Heatran
|-resisted|p2a: Heatran
|-damage|p2a: Heatran|245\/385
|join|TheUberTherian
|c|âCallMeTehInnovator|oh haha
|
|switch|p1a: Terrakion|Terrakion|255\/323
|
|-heal|p2a: Heatran|385\/385|[from] move: Wish|[wisher] Clefable
|turn|8
|
|move|p1a: Terrakion|Stone Edge|p2a: Heatran
|-crit|p2a: Heatran
|-damage|p2a: Heatran|120\/385
|move|p2a: Heatran|Lava Plume|p1a: Terrakion
|-resisted|p1a: Terrakion
|-damage|p1a: Terrakion|187\/323
|
|turn|9
|
|move|p1a: Terrakion|Stone Edge|p2a: Heatran|[miss]
|-miss|p1a: Terrakion|p2a: Heatran
|move|p2a: Heatran|Stealth Rock|p1a: Terrakion
|-sidestart|p1: Albyness|move: Stealth Rock
|
|turn|10
|c|âAlbyness|omai
|c|âCallMeTehInnovator|2\/8
|
|switch|p2a: Venusaur|Venusaur, F|363\/363
|-damage|p2a: Venusaur|318\/363|[from] Stealth Rock
|move|p1a: Terrakion|Stone Edge|p2a: Venusaur
|-damage|p2a: Venusaur|171\/363
|
|turn|11
|c|âCallMeTehInnovator|no crit pls
|
|switch|p1a: Gengar|Gengar, F, shiny|261\/261
|-damage|p1a: Gengar|229\/261|[from] Stealth Rock
|detailschange|p2a: Venusaur|Venusaur-Mega, F
|-mega|p2a: Venusaur|Venusaur|Venusaurite
|move|p2a: Venusaur|Synthesis|p2a: Venusaur
|-heal|p2a: Venusaur|352\/363
|
|turn|12
|
|switch|p2a: Latias|Latias, F|319\/319
|-damage|p2a: Latias|280\/319|[from] Stealth Rock
|move|p1a: Gengar|Will-O-Wisp|p2a: Latias
|-status|p2a: Latias|brn
|
|-damage|p2a: Latias|241\/319 brn|[from] brn
|turn|13
|
|move|p2a: Latias|Draco Meteor|p1a: Gengar
|-damage|p1a: Gengar|0 fnt
|-unboost|p2a: Latias|spa|2
|-damage|p2a: Latias|210\/319 brn|[from] item: Life Orb
|faint|p1a: Gengar
|
|-damage|p2a: Latias|171\/319 brn|[from] brn
|c| CallMeTehNoob|ok.
|
|switch|p1a: Tornadus-Therian|Tornadus-Therian, M|281\/332
|-damage|p1a: Tornadus-Therian|198\/332|[from] Stealth Rock
|turn|14
|
|move|p1a: Tornadus-Therian|Knock Off|p2a: Latias
|-supereffective|p2a: Latias
|-damage|p2a: Latias|0 fnt
|-enditem|p2a: Latias|Life Orb|[from] move: Knock Off|[of] p1a: Tornadus-Therian
|faint|p2a: Latias
|
|c| CallMeTehNoob|amir has team advantage
|
|switch|p2a: Landorus-Therian|Landorus-Therian, M|319\/319
|-damage|p2a: Landorus-Therian|280\/319|[from] Stealth Rock
|-ability|p2a: Landorus-Therian|Intimidate|[of] p1a: Tornadus-Therian
|-unboost|p1a: Tornadus-Therian|atk|1
|turn|15
|c|âCallMeTehInnovator|Dis*
|c|âCallMeTehInnovator|look at his team
|c| CallMeTehNoob|ok
|c| CallMeTehNoob|u i looked
|c|âCallMeTehInnovator|like damn
|c| CallMeTehNoob|and u still have advantage
|c| CallMeTehNoob|even though he has threats
|c|âCallMeTehInnovator|50\/50
|c| CallMeTehNoob|id say 51-49 :P
|
|switch|p1a: Sableye|Sableye-Mega, M|303\/303
|-damage|p1a: Sableye|266\/303|[from] Stealth Rock
|move|p2a: Landorus-Therian|Earthquake|p1a: Sableye
|-damage|p1a: Sableye|137\/303
|
|turn|16
|
|switch|p2a: Manaphy|Manaphy|365\/365
|-damage|p2a: Manaphy|320\/365|[from] Stealth Rock
|move|p1a: Sableye|Recover|p1a: Sableye
|-heal|p1a: Sableye|289\/303
|
|-heal|p2a: Manaphy|342\/365|[from] item: Leftovers
|turn|17
|c|âCallMeTehInnovator|cupcake got this
|
|move|p2a: Manaphy|Tail Glow|p2a: Manaphy
|-boost|p2a: Manaphy|spa|3
|move|p1a: Sableye|Knock Off|p2a: Manaphy
|-damage|p2a: Manaphy|245\/365
|-enditem|p2a: Manaphy|Leftovers|[from] move: Knock Off|[of] p1a: Sableye
|
|turn|18
|c|âCallMeTehInnovator|where are my burns at?
|
|move|p2a: Manaphy|Scald|p1a: Sableye
|-damage|p1a: Sableye|58\/303
|move|p1a: Sableye|Foul Play|p2a: Manaphy
|-damage|p2a: Manaphy|152\/365
|
|turn|19
|c|âCallMeTehInnovator|i like Manaphy a lot now
|
|move|p2a: Manaphy|Scald|p1a: Sableye
|-damage|p1a: Sableye|0 fnt
|faint|p1a: Sableye
|
|
|switch|p1a: Raikou|Raikou|321\/321
|-damage|p1a: Raikou|281\/321|[from] Stealth Rock
|-ability|p1a: Raikou|Pressure
|turn|20
|
|switch|p2a: Landorus-Therian|Landorus-Therian, M|280\/319
|-damage|p2a: Landorus-Therian|241\/319|[from] Stealth Rock
|-ability|p2a: Landorus-Therian|Intimidate|[of] p1a: Raikou
|-unboost|p1a: Raikou|atk|1
|move|p1a: Raikou|Volt Switch|p2a: Landorus-Therian
|-immune|p2a: Landorus-Therian|[msg]
|
|turn|21
|
|move|p2a: Landorus-Therian|U-turn|p1a: Raikou
|-damage|p1a: Raikou|161\/321
|c| CallMeTehNoob|amir with da plays..
|c|âCallMeTehInnovator|nb
|c| CallMeTehNoob|alby with da kinda plays..
|c| CallMeTehNoob|lol
|
|switch|p2a: Venusaur|Venusaur-Mega, F|352\/363
|-damage|p2a: Venusaur|307\/363|[from] Stealth Rock
|move|p1a: Raikou|Volt Switch|p2a: Venusaur
|-resisted|p2a: Venusaur
|-damage|p2a: Venusaur|240\/363
|c| CallMeTehNoob|not even bad
|c|âCallMeTehInnovator|was a 50\/50
|c| CallMeTehNoob|i told u it was a 51\/49
|c|âCallMeTehInnovator|but a little too risky to start it like that
|c|âCallMeTehInnovator|nag
|c|âCallMeTehInnovator|nah*
|c|âCallMeTehInnovator|he wins with Scarfed Terrak + SD Zor
|c| CallMeTehNoob|zor?
|c| TheUberTherian|scizor
|c|âCallMeTehInnovator|Scizor
|c| CallMeTehNoob|its sciz
|c| CallMeTehNoob|not zor
|c| CallMeTehNoob|lol
|c|âCallMeTehInnovator|Sciz sounds like Jizz
|c|âCallMeTehInnovator|that's why i say Zor
|c| CallMeTehNoob|well he jizzs all over teams lol
|
|switch|p1a: Tornadus-Therian|Tornadus-Therian, M|308\/332
|-damage|p1a: Tornadus-Therian|225\/332|[from] Stealth Rock
|
|turn|22
|c|âCallMeTehInnovator|"handjobs"
|c| CallMeTehNoob|thats nasty amir.
|c|âCallMeTehInnovator|lol
|c| CallMeTehNoob|see why ur dad took away ur ipad :P
|c|âCallMeTehInnovator|lmfao
|c|âCallMeTehInnovator|pretty true
|
|switch|p2a: Manaphy|Manaphy|152\/365
|-damage|p2a: Manaphy|107\/365|[from] Stealth Rock
|move|p1a: Tornadus-Therian|Hurricane|p2a: Manaphy
|-damage|p2a: Manaphy|0 fnt
|faint|p2a: Manaphy
|
|c|âCallMeTehInnovator|should i?
|join|Andrewmon
|c|âCallMeTehInnovator|i want to
|
|switch|p2a: Landorus-Therian|Landorus-Therian, M|241\/319
|-damage|p2a: Landorus-Therian|202\/319|[from] Stealth Rock
|-ability|p2a: Landorus-Therian|Intimidate|[of] p1a: Tornadus-Therian
|-unboost|p1a: Tornadus-Therian|atk|1
|turn|23
|c|âCallMeTehInnovator|#yolo
|
|switch|p1a: Raikou|Raikou|161\/321
|-damage|p1a: Raikou|121\/321|[from] Stealth Rock
|-ability|p1a: Raikou|Pressure
|move|p2a: Landorus-Therian|Stone Edge|p1a: Raikou
|-damage|p1a: Raikou|0 fnt
|faint|p1a: Raikou
|
|
|switch|p1a: Scizor|Scizor, M|343\/343
|-damage|p1a: Scizor|301\/343|[from] Stealth Rock
|turn|24
|c|âCallMeTehInnovator|and he should seal the deal now
|
|switch|p2a: Venusaur|Venusaur-Mega, F|240\/363
|-damage|p2a: Venusaur|195\/363|[from] Stealth Rock
|move|p1a: Scizor|Superpower|p2a: Venusaur
|-crit|p2a: Venusaur
|-resisted|p2a: Venusaur
|-damage|p2a: Venusaur|119\/363
|-unboost|p1a: Scizor|atk|1
|-unboost|p1a: Scizor|def|1
|
|turn|25
|c|âCallMeTehInnovator|phew
|c| CallMeTehNoob|lol
|leave|Andrewmon
|c|âCallMeTehInnovator|don't lag
|c|âCallMeTehInnovator|let's hope that works
|
|switch|p2a: Landorus-Therian|Landorus-Therian, M|202\/319
|-damage|p2a: Landorus-Therian|163\/319|[from] Stealth Rock
|-ability|p2a: Landorus-Therian|Intimidate|[of] p1a: Scizor
|-unboost|p1a: Scizor|atk|1
|switch|p1a: Tornadus-Therian|Tornadus-Therian, M|332\/332
|-damage|p1a: Tornadus-Therian|249\/332|[from] Stealth Rock
|
|turn|26
|c|âCallMeTehInnovator|good
|c|âCallMeTehInnovator|he really wants to keep this
|
|move|p2a: Landorus-Therian|Stone Edge|p1a: Tornadus-Therian
|-supereffective|p1a: Tornadus-Therian
|-damage|p1a: Tornadus-Therian|0 fnt
|faint|p1a: Tornadus-Therian
|
|c|âCallMeTehInnovator|:]
|c| TheUberTherian|what battle is this?
|
|switch|p1a: Scizor|Scizor, M|301\/343
|-damage|p1a: Scizor|259\/343|[from] Stealth Rock
|turn|27
|c| TheUberTherian|tourney?
|c|âCallMeTehInnovator|nah
|c| TheUberTherian|or ladder?
|c|âCallMeTehInnovator|friendly
|c| CallMeTehNoob|doesnt look so friendly :P
|c|âCallMeTehInnovator|testing
|c| TheUberTherian|oh
|c| CallMeTehNoob|looks brutal
|c| TheUberTherian|lol
|c|âCallMeTehInnovator|lol
|
|move|p2a: Landorus-Therian|Stone Edge|p1a: Scizor|[miss]
|-miss|p2a: Landorus-Therian|p1a: Scizor
|move|p1a: Scizor|Swords Dance|p1a: Scizor
|-boost|p1a: Scizor|atk|2
|
|turn|28
|c|âCallMeTehInnovator|and gg
|c|âCallMeTehInnovator|i've lost
|
|switch|p2a: Clefable|Clefable, F|311\/393
|-damage|p2a: Clefable|262\/393|[from] Stealth Rock
|move|p1a: Scizor|Swords Dance|p1a: Scizor
|-boost|p1a: Scizor|atk|2
|
|turn|29
|c|âCallMeTehInnovator|please live one
|c|âCallMeTehInnovator|lol
|
|move|p1a: Scizor|Bullet Punch|p2a: Clefable
|-supereffective|p2a: Clefable
|-damage|p2a: Clefable|0 fnt
|faint|p2a: Clefable
|
|c|âCallMeTehInnovator|yep that's game
|
|switch|p2a: Landorus-Therian|Landorus-Therian, M|163\/319
|-damage|p2a: Landorus-Therian|124\/319|[from] Stealth Rock
|-ability|p2a: Landorus-Therian|Intimidate|[of] p1a: Scizor
|-unboost|p1a: Scizor|atk|1
|turn|30
|
|move|p2a: Landorus-Therian|Earthquake|p1a: Scizor
|-damage|p1a: Scizor|73\/343
|move|p1a: Scizor|Swords Dance|p1a: Scizor
|-boost|p1a: Scizor|atk|2
|
|turn|31
|c|âCallMeTehInnovator|lol come on D:
|c|âAlbyness|2.5 bp wouldnt kill tran
|c|âCallMeTehInnovator|don't overkill my stuff
|c|âCallMeTehInnovator|lol
|c|âAlbyness|z2.5
|
|move|p1a: Scizor|Bullet Punch|p2a: Landorus-Therian
|-damage|p2a: Landorus-Therian|0 fnt
|faint|p2a: Landorus-Therian
|
|c|âAlbyness|x2.5
|c|âCallMeTehInnovator|yeah that was the plan
|
|switch|p2a: Heatran|Heatran, M|120\/385
|-damage|p2a: Heatran|72\/385|[from] Stealth Rock
|turn|32
|c| CallMeTehNoob|see..
|c| CallMeTehNoob|not freindly.
|c|âCallMeTehInnovator|^
|c| TheUberTherian|lol
|
|move|p1a: Scizor|Bullet Punch|p2a: Heatran
|-resisted|p2a: Heatran
|-damage|p2a: Heatran|0 fnt
|faint|p2a: Heatran
|
|c|âCallMeTehInnovator|we make stuff intense
|c|âCallMeTehInnovator|but well
|c|âCallMeTehInnovator|gg
|c|âCallMeTehInnovator|i enjoyed it
|
|switch|p2a: Venusaur|Venusaur-Mega, F|119\/363
|-damage|p2a: Venusaur|74\/363|[from] Stealth Rock
|turn|33
|c|âAlbyness|gg fren
|
|move|p1a: Scizor|Bullet Punch|p2a: Venusaur
|-damage|p2a: Venusaur|0 fnt
|faint|p2a: Venusaur
|
|win|Albyness
|leave|Albyness