|join|subzeromkx
|join|Albyness
|player|p1|subzeromkx|20
|player|p2|Albyness|101
|gametype|singles
|gen|6
|tier|OU
|rated
|clearpoke
|poke|p1|Breloom, F
|poke|p1|Gardevoir, F, shiny
|poke|p1|Thundurus, M
|poke|p1|Bisharp, M
|poke|p1|Mamoswine, M
|poke|p1|Garchomp, M
|poke|p2|Scizor, M
|poke|p2|Toxicroak, F
|poke|p2|Garchomp, F
|poke|p2|Latios, M
|poke|p2|Ditto
|poke|p2|Jirachi
|rule|Swagger Clause: Swagger is banned
|rule|Baton Pass Clause: Limit one PokÃ©mon knowing Baton Pass
|rule|Sleep Clause Mod: Limit one foe put to sleep
|rule|Species Clause: Limit one of each PokÃ©mon
|rule|OHKO Clause: OHKO moves are banned
|rule|Moody Clause: Moody is banned
|rule|Evasion Moves Clause: Evasion moves are banned
|rule|Endless Battle Clause: Forcing endless battles is banned
|rule|HP Percentage Mod: HP is shown in percentages
|teampreview
|c|âAlbyness|Ah fuck
|c|âAlbyness|wrong tier
|c|âAlbyness|meant for bw
|
|start
|switch|p1a: Mamoswine|Mamoswine, M|361\/361
|switch|p2a: Jirachi|Jirachi|341\/341
|turn|1
|
|switch|p1a: Kisame|Garchomp, M|420\/420
|move|p2a: Jirachi|Iron Head|p1a: Kisame
|-damage|p1a: Kisame|344\/420
|-damage|p2a: Jirachi|299\/341|[from] ability: Rough Skin|[of] p1a: Kisame
|-damage|p2a: Jirachi|243\/341|[from] item: Rocky Helmet|[of] p1a: Kisame
|
|turn|2
|
|move|p2a: Jirachi|Hidden Power|p1a: Kisame
|-supereffective|p1a: Kisame
|-damage|p1a: Kisame|24\/420
|move|p1a: Kisame|Stealth Rock|p2a: Jirachi
|-sidestart|p2: Albyness|move: Stealth Rock
|
|turn|3
|
|switch|p1a: Bisharp|Bisharp, M|290\/290
|move|p2a: Jirachi|Hidden Power|p1a: Bisharp
|-resisted|p1a: Bisharp
|-damage|p1a: Bisharp|259\/290
|
|turn|4
|
|move|p1a: Bisharp|Pursuit|p2a: Jirachi|[from]Pursuit
|-supereffective|p2a: Jirachi
|-damage|p2a: Jirachi|0 fnt
|faint|p2a: Jirachi
|
|
|switch|p2a: Toxicroak|Toxicroak, F|307\/307
|-damage|p2a: Toxicroak|288\/307|[from] Stealth Rock
|turn|5
|
|switch|p1a: Kisame|Garchomp, M|24\/420
|move|p2a: Toxicroak|Toxic|p1a: Kisame
|-status|p1a: Kisame|tox
|
|-damage|p1a: Kisame|0 fnt|[from] psn
|faint|p1a: Kisame
|
|switch|p1a: Thundurus|Thundurus, M|299\/299
|turn|6
|
|switch|p2a: Garchomp|Garchomp, F|357\/357
|-damage|p2a: Garchomp|335\/357|[from] Stealth Rock
|move|p1a: Thundurus|Thunderbolt|p2a: Garchomp
|-immune|p2a: Garchomp|[msg]
|
|turn|7
|join|DarkCelebi59
|
|move|p1a: Thundurus|Hidden Power|p2a: Garchomp
|-supereffective|p2a: Garchomp
|-enditem|p2a: Garchomp|Yache Berry|[eat]
|-damage|p2a: Garchomp|122\/357
|-damage|p1a: Thundurus|270\/299|[from] item: Life Orb
|move|p2a: Garchomp|Outrage|p1a: Thundurus
|-damage|p1a: Thundurus|0 fnt
|faint|p1a: Thundurus
|
|
|switch|p1a: Hilda|Gardevoir, F, shiny|314\/314
|-ability|p1a: Hilda|Rough Skin|[from] ability: Trace|[of] p2a: Garchomp
|turn|8
|
|detailschange|p1a: Hilda|Gardevoir-Mega, F, shiny
|-mega|p1a: Hilda|Gardevoir|Gardevoirite
|move|p2a: Garchomp|Outrage|p1a: Hilda
|-immune|p1a: Hilda|[msg]
|move|p1a: Hilda|Hyper Voice|p2a: Garchomp
|-supereffective|p2a: Garchomp
|-damage|p2a: Garchomp|0 fnt
|faint|p2a: Garchomp
|
|
|switch|p2a: Scizor|Scizor, M|343\/343
|-damage|p2a: Scizor|301\/343|[from] Stealth Rock
|turn|9
|
|move|p2a: Scizor|Bullet Punch|p1a: Hilda
|-supereffective|p1a: Hilda
|-damage|p1a: Hilda|0 fnt
|faint|p1a: Hilda
|
|
|switch|p1a: Bisharp|Bisharp, M|259\/290
|turn|10
|
|move|p1a: Bisharp|Pursuit|p2a: Scizor
|-damage|p2a: Scizor|225\/343
|move|p2a: Scizor|Swords Dance|p2a: Scizor
|-boost|p2a: Scizor|atk|2
|
|turn|11
|join|Alkov
|-message|subzeromkx forfeited.
|leave|subzeromkx
|
|win|Albyness
|raw|Ladder updating...
|player|p1
|raw|subzeromkx's rating: 1675 &rarr; <strong>1655<\/strong><br \/>(-20 for losing)
|raw|Albyness's rating: 1683 &rarr; <strong>1703<\/strong><br \/>(+20 for winning)