|join|Albyness
|join|Roi Pika
|player|p1|Albyness|44
|player|p2|Roi Pika|290
|gametype|singles
|gen|6
|tier|OU
|clearpoke
|poke|p1|Politoed, F, shiny
|poke|p1|Kabutops, M
|poke|p1|Tornadus-Therian, M
|poke|p1|Heliolisk, F
|poke|p1|Scizor, M
|poke|p1|Mamoswine, M
|poke|p2|Metagross, shiny
|poke|p2|Gothitelle, F, shiny
|poke|p2|Chansey, F, shiny
|poke|p2|Rotom-Wash, shiny
|poke|p2|Greninja, M, shiny
|poke|p2|Landorus-Therian, M, shiny
|rule|Swagger Clause: Swagger is banned
|rule|Baton Pass Clause: Limit one PokÃ©mon knowing Baton Pass
|rule|Sleep Clause Mod: Limit one foe put to sleep
|rule|Species Clause: Limit one of each PokÃ©mon
|rule|OHKO Clause: OHKO moves are banned
|rule|Moody Clause: Moody is banned
|rule|Evasion Moves Clause: Evasion moves are banned
|rule|Endless Battle Clause: Forcing endless battles is banned
|rule|HP Percentage Mod: HP is shown in percentages
|teampreview
|join|GreninjaIsJesus
|join|Cocaine Eighties
|join|napty
|join|MaybeI'mMamoswine
|join|anas.t
|join|salamence66
|join|Syre Sinatra
|join|rhatjts
|c| salamence66|all shiny ftw
|c|âRoi Pika|gl hf
|join|CharYRoxs
|
|start
|switch|p1a: Mamoswine|Mamoswine, M|361\/361
|switch|p2a: Rotom-Wash|Rotom-Wash, shiny|304\/304
|turn|1
|c| napty|albyness is going to lose
|
|move|p1a: Mamoswine|Stealth Rock|p2a: Rotom-Wash
|-sidestart|p2: Roi Pika|move: Stealth Rock
|move|p2a: Rotom-Wash|Will-O-Wisp|p1a: Mamoswine
|-status|p1a: Mamoswine|brn
|
|-damage|p1a: Mamoswine|316\/361 brn|[from] brn
|turn|2
|c| napty|he can't handle greninja
|join|RustyEspur
|join|catterpie
|c| catterpie|ok i am dumb
|
|move|p1a: Mamoswine|Freeze-Dry|p2a: Rotom-Wash
|-supereffective|p2a: Rotom-Wash
|-damage|p2a: Rotom-Wash|138\/304
|-damage|p1a: Mamoswine|280\/361 brn|[from] item: Life Orb
|move|p2a: Rotom-Wash|Hydro Pump|p1a: Mamoswine
|-supereffective|p1a: Mamoswine
|-damage|p1a: Mamoswine|0 fnt
|faint|p1a: Mamoswine
|
|-heal|p2a: Rotom-Wash|157\/304|[from] item: Leftovers
|leave|CharYRoxs
|
|switch|p1a: Heliolisk|Heliolisk, F|265\/265
|turn|3
|
|move|p1a: Heliolisk|Volt Switch|p2a: Rotom-Wash
|-damage|p2a: Rotom-Wash|28\/304
|-damage|p1a: Heliolisk|239\/265|[from] item: Life Orb
|
|switch|p1a: Politoed|Politoed, F, shiny|383\/383
|-weather|RainDance
|move|p2a: Rotom-Wash|Pain Split|p1a: Politoed
|-sethp|p1a: Politoed|205\/383|p2a: Rotom-Wash|205\/304|[from] move: Pain Split
|
|-weather|RainDance|[upkeep]
|-heal|p2a: Rotom-Wash|224\/304|[from] item: Leftovers
|turn|4
|
|switch|p1a: Heliolisk|Heliolisk, F|239\/265
|move|p2a: Rotom-Wash|Volt Switch|p1a: Heliolisk
|-resisted|p1a: Heliolisk
|-damage|p1a: Heliolisk|194\/265
|join|BIGSTEELIX
|c| napty|lol better forfeit now
|
|switch|p2a: Landorus-Therian|Landorus-Therian, M, shiny|319\/319
|-damage|p2a: Landorus-Therian|280\/319|[from] Stealth Rock
|-ability|p2a: Landorus-Therian|Intimidate|[of] p1a: Heliolisk
|-unboost|p1a: Heliolisk|atk|1
|
|-weather|RainDance|[upkeep]
|-heal|p1a: Heliolisk|227\/265|[from] ability: Dry Skin
|turn|5
|c| RustyEspur|rain team without swampert or kingdra?
|c| BIGSTEELIX|kabutops
|c| BIGSTEELIX|it's good
|c| RustyEspur|yea but its the only swift swimmer
|
|switch|p1a: Scizor|Scizor, M|343\/343
|move|p2a: Landorus-Therian|U-turn|p1a: Scizor
|-resisted|p1a: Scizor
|-damage|p1a: Scizor|305\/343
|c| RustyEspur|its sad :[
|
|switch|p2a: Gothitelle|Gothitelle, F, shiny|281\/281
|-damage|p2a: Gothitelle|246\/281|[from] Stealth Rock
|
|-weather|RainDance|[upkeep]
|turn|6
|
|detailschange|p1a: Scizor|Scizor-Mega, M
|-mega|p1a: Scizor|Scizor|Scizorite
|move|p2a: Gothitelle|Hidden Power|p1a: Scizor
|-supereffective|p1a: Scizor
|-damage|p1a: Scizor|125\/343
|move|p1a: Scizor|Swords Dance|p1a: Scizor
|-boost|p1a: Scizor|atk|2
|
|-weather|RainDance|[upkeep]
|turn|7
|
|move|p2a: Gothitelle|Hidden Power|p1a: Scizor
|-supereffective|p1a: Scizor
|-damage|p1a: Scizor|0 fnt
|faint|p1a: Scizor
|
|-weather|RainDance|[upkeep]
|c| napty|lol
|c| GreninjaIsJesus|lol
|c| RustyEspur|punch the bullet
|c| BIGSTEELIX|bpunch?
|c| RustyEspur|noooo
|
|switch|p1a: Kabutops|Kabutops, M|261\/261
|turn|8
|c| BIGSTEELIX|damn
|join|Pichu xo
|
|switch|p2a: Rotom-Wash|Rotom-Wash, shiny|224\/304
|-damage|p2a: Rotom-Wash|186\/304|[from] Stealth Rock
|move|p1a: Kabutops|Waterfall|p2a: Rotom-Wash
|-resisted|p2a: Rotom-Wash
|-damage|p2a: Rotom-Wash|74\/304
|-damage|p1a: Kabutops|235\/261|[from] item: Life Orb
|
|-weather|RainDance|[upkeep]
|-heal|p2a: Rotom-Wash|93\/304|[from] item: Leftovers
|turn|9
|c| napty|no way albyness win
|c| MaybeI'mMamoswine|albyness pls win
|c| GreninjaIsJesus|that's not a counter
|join|RegisterThis8==>
|c| BIGSTEELIX|kabu could sweep
|c| RustyEspur|damn, albyness is 31 on the ladder lol
|
|move|p1a: Kabutops|Waterfall|p2a: Rotom-Wash
|-resisted|p2a: Rotom-Wash
|-damage|p2a: Rotom-Wash|0 fnt
|-damage|p1a: Kabutops|209\/261|[from] item: Life Orb
|faint|p2a: Rotom-Wash
|
|-weather|RainDance|[upkeep]
|join|Wolf brotherhood
|join|PhobiaBB
|
|switch|p2a: Chansey|Chansey, F, shiny|703\/703
|-damage|p2a: Chansey|616\/703|[from] Stealth Rock
|turn|10
|join|looiiyut
|c|âRoi Pika|31 gg :)
|c| RustyEspur|waterfall does more than low kick
|
|switch|p1a: Heliolisk|Heliolisk, F|227\/265
|move|p2a: Chansey|Protect|p2a: Chansey
|-fail|p2a: Chansey
|
|-weather|none
|turn|11
|
|move|p1a: Heliolisk|Volt Switch|p2a: Chansey
|-damage|p2a: Chansey|525\/703
|-damage|p1a: Heliolisk|201\/265|[from] item: Life Orb
|
|switch|p1a: Politoed|Politoed, F, shiny|205\/383
|-weather|RainDance
|move|p2a: Chansey|Toxic|p1a: Politoed
|-status|p1a: Politoed|tox
|
|-weather|RainDance|[upkeep]
|-damage|p1a: Politoed|182\/383 tox|[from] psn
|turn|12
|
|switch|p1a: Tornadus-Therian|Tornadus-Therian, M|299\/299
|switch|p2a: Gothitelle|Gothitelle, F, shiny|246\/281
|-damage|p2a: Gothitelle|211\/281|[from] Stealth Rock
|
|-weather|RainDance|[upkeep]
|turn|13
|leave|looiiyut
|
|switch|p2a: Chansey|Chansey, F, shiny|525\/703
|-damage|p2a: Chansey|438\/703|[from] Stealth Rock
|move|p1a: Tornadus-Therian|Hurricane|p2a: Chansey
|-damage|p2a: Chansey|298\/703
|-start|p2a: Chansey|confusion
|-damage|p1a: Tornadus-Therian|270\/299|[from] item: Life Orb
|
|-weather|RainDance|[upkeep]
|turn|14
|
|switch|p2a: Metagross|Metagross, shiny|301\/301
|-damage|p2a: Metagross|283\/301|[from] Stealth Rock
|move|p1a: Tornadus-Therian|Knock Off|p2a: Metagross
|-supereffective|p2a: Metagross
|-damage|p2a: Metagross|163\/301
|-damage|p1a: Tornadus-Therian|241\/299|[from] item: Life Orb
|
|-weather|RainDance|[upkeep]
|turn|15
|join|Wowzerking
|
|detailschange|p2a: Metagross|Metagross-Mega, shiny
|-mega|p2a: Metagross|Metagross|Metagrossite
|move|p1a: Tornadus-Therian|Hurricane|p2a: Metagross
|-resisted|p2a: Metagross
|-damage|p2a: Metagross|56\/301
|-damage|p1a: Tornadus-Therian|212\/299|[from] item: Life Orb
|move|p2a: Metagross|Zen Headbutt|p1a: Tornadus-Therian|[miss]
|-miss|p2a: Metagross|p1a: Tornadus-Therian
|
|-weather|RainDance|[upkeep]
|turn|16
|c| RustyEspur|dayum
|c| BIGSTEELIX|kabu was sweeping anyway
|c|âRoi Pika|...
|c| RustyEspur|yea
|c| RustyEspur|he let the one thing that could take a hit
|
|move|p1a: Tornadus-Therian|Hurricane|p2a: Metagross
|-resisted|p2a: Metagross
|-damage|p2a: Metagross|0 fnt
|-damage|p1a: Tornadus-Therian|183\/299|[from] item: Life Orb
|faint|p2a: Metagross
|
|-weather|RainDance|[upkeep]
|c| RustyEspur|get damaged
|
|switch|p2a: Greninja|Greninja, M, shiny|285\/285
|-damage|p2a: Greninja|250\/285|[from] Stealth Rock
|turn|17
|
|move|p2a: Greninja|Ice Beam|p1a: Tornadus-Therian
|-start|p2a: Greninja|typechange|Ice|[from] Protean
|-supereffective|p1a: Tornadus-Therian
|-damage|p1a: Tornadus-Therian|0 fnt
|-damage|p2a: Greninja|222\/285|[from] item: Life Orb
|faint|p1a: Tornadus-Therian
|
|-weather|RainDance|[upkeep]
|
|switch|p1a: Kabutops|Kabutops, M|209\/261
|turn|18
|
|switch|p2a: Chansey|Chansey, F, shiny|298\/703
|-damage|p2a: Chansey|211\/703|[from] Stealth Rock
|move|p1a: Kabutops|Waterfall|p2a: Chansey
|-damage|p2a: Chansey|0 fnt
|-damage|p1a: Kabutops|183\/261|[from] item: Life Orb
|faint|p2a: Chansey
|
|-weather|none
|c| napty|chansey can trap it
|
|switch|p2a: Gothitelle|Gothitelle, F, shiny|211\/281
|-damage|p2a: Gothitelle|176\/281|[from] Stealth Rock
|turn|19
|c| napty|gothitelle*
|c| RustyEspur|lol
|c| napty|pls
|c| BIGSTEELIX|oh
|c| napty|live a hit
|c| RustyEspur|energy ball
|
|move|p1a: Kabutops|Waterfall|p2a: Gothitelle
|-damage|p2a: Gothitelle|0 fnt
|-damage|p1a: Kabutops|157\/261|[from] item: Life Orb
|faint|p2a: Gothitelle
|
|join|LizardAndSavior
|c| RustyEspur|lol he outspeeds anyway
|c| napty|you stupid
|
|switch|p2a: Landorus-Therian|Landorus-Therian, M, shiny|280\/319
|-damage|p2a: Landorus-Therian|241\/319|[from] Stealth Rock
|-ability|p2a: Landorus-Therian|Intimidate|[of] p1a: Kabutops
|-unboost|p1a: Kabutops|atk|1
|turn|20
|c|âRoi Pika|gg
|
|switch|p1a: Politoed|Politoed, F, shiny|182\/383 tox
|-weather|RainDance
|move|p2a: Landorus-Therian|Earthquake|p1a: Politoed
|-damage|p1a: Politoed|26\/383 tox
|
|-weather|RainDance|[upkeep]
|-damage|p1a: Politoed|3\/383 tox|[from] psn
|turn|21
|c| MaybeI'mMamoswine|Kabutops better than mswampert?
|c| GreninjaIsJesus|Albyness is still in the game
|c| napty|i hope lando-t outspeeds kabutops
|c| RustyEspur|lol why
|leave|anas.t
|
|move|p2a: Landorus-Therian|Earthquake|p1a: Politoed
|-damage|p1a: Politoed|0 fnt
|faint|p1a: Politoed
|
|-weather|RainDance|[upkeep]
|c| napty|because i want roi pika to win this battle
|c| RustyEspur|lol
|c| LizardAndSavior|Kabu outdamages swampert cos LO and frees up mega slot (not saying it completely outclasses ofc)
|c| MaybeI'mMamoswine|roi pika let his metagross die
|join|anas.t
|leave|catterpie
|
|switch|p1a: Kabutops|Kabutops, M|157\/261
|turn|22
|c| RustyEspur|but megapert is fat
|
|switch|p2a: Greninja|Greninja, M, shiny|222\/285
|-damage|p2a: Greninja|187\/285|[from] Stealth Rock
|move|p1a: Kabutops|Waterfall|p2a: Greninja
|-resisted|p2a: Greninja
|-damage|p2a: Greninja|0 fnt
|-damage|p1a: Kabutops|131\/261|[from] item: Life Orb
|faint|p2a: Greninja
|
|-weather|RainDance|[upkeep]
|
|switch|p2a: Landorus-Therian|Landorus-Therian, M, shiny|241\/319
|-damage|p2a: Landorus-Therian|202\/319|[from] Stealth Rock
|-ability|p2a: Landorus-Therian|Intimidate|[of] p1a: Kabutops
|-unboost|p1a: Kabutops|atk|1
|turn|23
|c| napty|mega pert eats thundurus' twave for dinner
|join|Albacore
|
|move|p1a: Kabutops|Waterfall|p2a: Landorus-Therian
|-crit|p2a: Landorus-Therian
|-supereffective|p2a: Landorus-Therian
|-damage|p2a: Landorus-Therian|0 fnt
|-damage|p1a: Kabutops|105\/261|[from] item: Life Orb
|faint|p2a: Landorus-Therian
|
|win|Albyness
|c|âAlbyness|gg
|leave|LizardAndSavior
|c| BIGSTEELIX|gg