|join|Bop Is Spot
|join|Albyness
|player|p1|Bop Is Spot|293
|player|p2|Albyness|2
|gametype|singles
|gen|6
|tier|OU
|clearpoke
|poke|p1|Starmie
|poke|p1|Altaria, M
|poke|p1|Tyranitar, M
|poke|p1|Gliscor, F
|poke|p1|Heatran, M
|poke|p1|Ferrothorn, M
|poke|p2|Sableye, M
|poke|p2|Tornadus-Therian, M
|poke|p2|Volcarona, F
|poke|p2|Keldeo
|poke|p2|Raikou
|poke|p2|Excadrill, M
|rule|Swagger Clause: Swagger is banned
|rule|Baton Pass Clause: Limit one PokÃ©mon knowing Baton Pass
|rule|Sleep Clause Mod: Limit one foe put to sleep
|rule|Species Clause: Limit one of each PokÃ©mon
|rule|OHKO Clause: OHKO moves are banned
|rule|Moody Clause: Moody is banned
|rule|Evasion Moves Clause: Evasion moves are banned
|rule|Endless Battle Clause: Forcing endless battles is banned
|rule|HP Percentage Mod: HP is shown in percentages
|teampreview
|c|âBop Is Spot|i'm just testin random shit
|c|âBop Is Spot|hf
|c|âAlbyness|Lol same
|
|start
|switch|p1a: Gliscor|Gliscor, F|353\/353
|switch|p2a: Tornadus-Therian|Tornadus-Therian, M|332\/332
|turn|1
|
|switch|p1a: Altaria|Altaria, M|331\/331
|move|p2a: Tornadus-Therian|Knock Off|p1a: Altaria
|-crit|p1a: Altaria
|-damage|p1a: Altaria|248\/331
|
|turn|2
|
|detailschange|p1a: Altaria|Altaria-Mega, M
|-mega|p1a: Altaria|Altaria|Altarianite
|move|p2a: Tornadus-Therian|Hurricane|p1a: Altaria
|-damage|p1a: Altaria|98\/331
|-start|p1a: Altaria|confusion
|-activate|p1a: Altaria|confusion
|move|p1a: Altaria|Roost|p1a: Altaria
|-heal|p1a: Altaria|264\/331
|
|turn|3
|
|switch|p1a: Heatran|Heatran, M|365\/365
|move|p2a: Tornadus-Therian|Hurricane|p1a: Heatran|[miss]
|-miss|p2a: Tornadus-Therian|p1a: Heatran
|
|turn|4
|c|âAlbyness|Taria gg
|c|âBop Is Spot|maybe
|
|move|p2a: Tornadus-Therian|Superpower|p1a: Heatran
|-supereffective|p1a: Heatran
|-damage|p1a: Heatran|195\/365
|-unboost|p2a: Tornadus-Therian|atk|1
|-unboost|p2a: Tornadus-Therian|def|1
|move|p1a: Heatran|Lava Plume|p2a: Tornadus-Therian
|-damage|p2a: Tornadus-Therian|251\/332
|
|-heal|p1a: Heatran|217\/365|[from] item: Leftovers
|turn|5
|
|move|p2a: Tornadus-Therian|Knock Off|p1a: Heatran
|-damage|p1a: Heatran|172\/365
|-enditem|p1a: Heatran|Leftovers|[from] move: Knock Off|[of] p2a: Tornadus-Therian
|move|p1a: Heatran|Toxic|p2a: Tornadus-Therian
|-status|p2a: Tornadus-Therian|tox
|
|-damage|p2a: Tornadus-Therian|231\/332 tox|[from] psn
|turn|6
|
|switch|p2a: Excadrill|Excadrill, M|408\/408
|-ability|p2a: Excadrill|Mold Breaker
|move|p1a: Heatran|Toxic|p2a: Excadrill|[miss]
|-miss|p1a: Heatran|p2a: Excadrill
|
|turn|7
|
|switch|p1a: Starmie|Starmie|323\/323
|move|p2a: Excadrill|Stealth Rock|p1a: Starmie
|-sidestart|p1: Bop Is Spot|move: Stealth Rock
|
|turn|8
|
|move|p1a: Starmie|Scald|p2a: Excadrill
|-supereffective|p2a: Excadrill
|-damage|p2a: Excadrill|222\/408
|-status|p2a: Excadrill|brn
|move|p2a: Excadrill|Earthquake|p1a: Starmie
|-damage|p1a: Starmie|226\/323
|
|-heal|p1a: Starmie|246\/323|[from] item: Leftovers
|-damage|p2a: Excadrill|171\/408 brn|[from] brn
|turn|9
|
|switch|p2a: Sableye|Sableye, M|303\/303
|move|p1a: Starmie|Scald|p2a: Sableye
|-crit|p2a: Sableye
|-damage|p2a: Sableye|110\/303
|
|-heal|p1a: Starmie|266\/323|[from] item: Leftovers
|turn|10
|c|âBop Is Spot|sorry
|
|switch|p1a: Gliscor|Gliscor, F|353\/353
|-damage|p1a: Gliscor|309\/353|[from] Stealth Rock
|switch|p2a: Tornadus-Therian|Tornadus-Therian, M|332\/332 tox
|
|-damage|p2a: Tornadus-Therian|312\/332 tox|[from] psn
|-status|p1a: Gliscor|tox|[from] item: Toxic Orb
|turn|11
|
|switch|p1a: Ferrothorn|Ferrothorn, M|352\/352
|-damage|p1a: Ferrothorn|330\/352|[from] Stealth Rock
|move|p2a: Tornadus-Therian|Hurricane|p1a: Ferrothorn
|-damage|p1a: Ferrothorn|218\/352
|
|-heal|p1a: Ferrothorn|240\/352|[from] item: Leftovers
|-damage|p2a: Tornadus-Therian|272\/332 tox|[from] psn
|turn|12
|
|move|p1a: Ferrothorn|Protect|p1a: Ferrothorn
|-singleturn|p1a: Ferrothorn|Protect
|move|p2a: Tornadus-Therian|Heat Wave|p1a: Ferrothorn
|-activate|p1a: Ferrothorn|Protect
|
|-heal|p1a: Ferrothorn|262\/352|[from] item: Leftovers
|-damage|p2a: Tornadus-Therian|212\/332 tox|[from] psn
|turn|13
|
|switch|p2a: Volcarona|Volcarona, F|327\/327
|move|p1a: Ferrothorn|Gyro Ball|p2a: Volcarona
|-resisted|p2a: Volcarona
|-damage|p2a: Volcarona|213\/327
|-status|p1a: Ferrothorn|brn
|
|-heal|p1a: Ferrothorn|284\/352 brn|[from] item: Leftovers
|-damage|p1a: Ferrothorn|240\/352 brn|[from] brn
|turn|14
|
|move|p2a: Volcarona|Fire Blast|p1a: Ferrothorn
|-supereffective|p1a: Ferrothorn
|-damage|p1a: Ferrothorn|0 fnt
|faint|p1a: Ferrothorn
|
|
|switch|p1a: Tyranitar|Tyranitar, M|341\/341
|-damage|p1a: Tyranitar|299\/341|[from] Stealth Rock
|-weather|Sandstorm
|turn|15
|
|move|p1a: Tyranitar|Pursuit|p2a: Volcarona|[from]Pursuit
|-damage|p2a: Volcarona|12\/327
|switch|p2a: Keldeo|Keldeo|336\/336
|
|-weather|Sandstorm|[upkeep]
|-damage|p2a: Keldeo|315\/336|[from] sandstorm
|-heal|p2a: Keldeo|336\/336|[from] item: Leftovers
|turn|16
|
|switch|p1a: Altaria|Altaria-Mega, M|264\/331
|-damage|p1a: Altaria|223\/331|[from] Stealth Rock
|move|p2a: Keldeo|Scald|p1a: Altaria
|-resisted|p1a: Altaria
|-damage|p1a: Altaria|155\/331
|
|-weather|Sandstorm|[upkeep]
|-damage|p2a: Keldeo|315\/336|[from] sandstorm
|-damage|p1a: Altaria|135\/331|[from] sandstorm
|-heal|p2a: Keldeo|336\/336|[from] item: Leftovers
|turn|17
|
|move|p2a: Keldeo|Scald|p1a: Altaria
|-resisted|p1a: Altaria
|-damage|p1a: Altaria|70\/331
|move|p1a: Altaria|Roost|p1a: Altaria
|-heal|p1a: Altaria|236\/331
|
|-weather|Sandstorm|[upkeep]
|-damage|p2a: Keldeo|315\/336|[from] sandstorm
|-damage|p1a: Altaria|216\/331|[from] sandstorm
|-heal|p2a: Keldeo|336\/336|[from] item: Leftovers
|turn|18
|
|switch|p2a: Tornadus-Therian|Tornadus-Therian, M|322\/332 tox
|move|p1a: Altaria|Hyper Voice|p2a: Tornadus-Therian
|-damage|p2a: Tornadus-Therian|180\/332 tox
|
|-weather|Sandstorm|[upkeep]
|-damage|p2a: Tornadus-Therian|160\/332 tox|[from] sandstorm
|-damage|p1a: Altaria|196\/331|[from] sandstorm
|-damage|p2a: Tornadus-Therian|140\/332 tox|[from] psn
|turn|19
|
|move|p2a: Tornadus-Therian|Hurricane|p1a: Altaria
|-damage|p1a: Altaria|43\/331
|move|p1a: Altaria|Roost|p1a: Altaria
|-heal|p1a: Altaria|209\/331
|
|-weather|none
|-damage|p2a: Tornadus-Therian|100\/332 tox|[from] psn
|turn|20
|
|switch|p2a: Raikou|Raikou|321\/321
|-ability|p2a: Raikou|Pressure
|move|p1a: Altaria|Roost|p1a: Altaria
|-heal|p1a: Altaria|331\/331
|
|turn|21
|
|move|p2a: Raikou|Calm Mind|p2a: Raikou
|-boost|p2a: Raikou|spa|1
|-boost|p2a: Raikou|spd|1
|move|p1a: Altaria|Roost|p1a: Altaria
|-fail|p1a: Altaria
|
|turn|22
|
|switch|p1a: Tyranitar|Tyranitar, M|299\/341
|-damage|p1a: Tyranitar|257\/341|[from] Stealth Rock
|-weather|Sandstorm
|move|p2a: Raikou|Thunderbolt|p1a: Tyranitar
|-damage|p1a: Tyranitar|113\/341
|
|-weather|Sandstorm|[upkeep]
|-damage|p2a: Raikou|301\/321|[from] sandstorm
|-heal|p2a: Raikou|321\/321|[from] item: Leftovers
|turn|23
|
|switch|p2a: Sableye|Sableye, M|110\/303
|move|p1a: Tyranitar|Earthquake|p2a: Sableye
|-damage|p2a: Sableye|0 fnt
|faint|p2a: Sableye
|
|-weather|Sandstorm|[upkeep]
|
|switch|p2a: Tornadus-Therian|Tornadus-Therian, M|210\/332 tox
|turn|24
|
|switch|p2a: Raikou|Raikou|321\/321
|-ability|p2a: Raikou|Pressure
|switch|p1a: Gliscor|Gliscor, F|309\/353 tox
|-damage|p1a: Gliscor|265\/353 tox|[from] Stealth Rock
|
|-weather|Sandstorm|[upkeep]
|-damage|p2a: Raikou|301\/321|[from] sandstorm
|-heal|p2a: Raikou|321\/321|[from] item: Leftovers
|-heal|p1a: Gliscor|309\/353 tox|[from] ability: Poison Heal
|turn|25
|
|move|p2a: Raikou|Hidden Power|p1a: Gliscor
|-supereffective|p1a: Gliscor
|-damage|p1a: Gliscor|69\/353 tox
|move|p1a: Gliscor|Earthquake|p2a: Raikou
|-supereffective|p2a: Raikou
|-damage|p2a: Raikou|19\/321
|
|-weather|Sandstorm|[upkeep]
|-damage|p2a: Raikou|0 fnt|[from] sandstorm
|-heal|p1a: Gliscor|113\/353 tox|[from] ability: Poison Heal
|faint|p2a: Raikou
|
|switch|p2a: Volcarona|Volcarona, F|12\/327
|turn|26
|c|âBop Is Spot|i can't believe it ate that
|
|move|p2a: Volcarona|Giga Drain|p1a: Gliscor
|-damage|p1a: Gliscor|28\/353 tox
|-heal|p2a: Volcarona|55\/327|[from] drain|[of] p1a: Gliscor
|move|p1a: Gliscor|Knock Off|p2a: Volcarona
|-damage|p2a: Volcarona|0 fnt
|-enditem|p2a: Volcarona|Passho Berry|[from] move: Knock Off|[of] p1a: Gliscor
|faint|p2a: Volcarona
|
|-weather|none
|-heal|p1a: Gliscor|72\/353 tox|[from] ability: Poison Heal
|
|switch|p2a: Keldeo|Keldeo|336\/336
|turn|27
|
|switch|p1a: Altaria|Altaria-Mega, M|331\/331
|-damage|p1a: Altaria|290\/331|[from] Stealth Rock
|move|p2a: Keldeo|Calm Mind|p2a: Keldeo
|-boost|p2a: Keldeo|spa|1
|-boost|p2a: Keldeo|spd|1
|
|turn|28
|
|move|p2a: Keldeo|Scald|p1a: Altaria
|-resisted|p1a: Altaria
|-damage|p1a: Altaria|200\/331
|move|p1a: Altaria|Hyper Voice|p2a: Keldeo
|-supereffective|p2a: Keldeo
|-damage|p2a: Keldeo|18\/336
|
|-heal|p2a: Keldeo|39\/336|[from] item: Leftovers
|turn|29
|
|move|p2a: Keldeo|Scald|p1a: Altaria
|-resisted|p1a: Altaria
|-damage|p1a: Altaria|110\/331
|move|p1a: Altaria|Earthquake|p2a: Keldeo
|-damage|p2a: Keldeo|0 fnt
|faint|p2a: Keldeo
|
|
|switch|p2a: Tornadus-Therian|Tornadus-Therian, M|320\/332 tox
|turn|30
|
|move|p2a: Tornadus-Therian|Hurricane|p1a: Altaria|[miss]
|-miss|p2a: Tornadus-Therian|p1a: Altaria
|move|p1a: Altaria|Roost|p1a: Altaria
|-heal|p1a: Altaria|276\/331
|
|-damage|p2a: Tornadus-Therian|300\/332 tox|[from] psn
|turn|31
|c|âAlbyness|Ooo
|
|move|p2a: Tornadus-Therian|Hurricane|p1a: Altaria
|-damage|p1a: Altaria|113\/331
|-start|p1a: Altaria|confusion
|-activate|p1a: Altaria|confusion
|-damage|p1a: Altaria|82\/331|[from] confusion
|
|-damage|p2a: Tornadus-Therian|260\/332 tox|[from] psn
|turn|32
|c|âBop Is Spot|yeah that sucked
|c|âBop Is Spot|!
|
|move|p2a: Tornadus-Therian|Hurricane|p1a: Altaria
|-damage|p1a: Altaria|0 fnt
|faint|p1a: Altaria
|
|-damage|p2a: Tornadus-Therian|200\/332 tox|[from] psn
|
|switch|p1a: Tyranitar|Tyranitar, M|113\/341
|-damage|p1a: Tyranitar|71\/341|[from] Stealth Rock
|-weather|Sandstorm
|turn|33
|
|move|p2a: Tornadus-Therian|Superpower|p1a: Tyranitar
|-supereffective|p1a: Tyranitar
|-damage|p1a: Tyranitar|0 fnt
|-unboost|p2a: Tornadus-Therian|atk|1
|-unboost|p2a: Tornadus-Therian|def|1
|faint|p1a: Tyranitar
|
|-weather|Sandstorm|[upkeep]
|-damage|p2a: Tornadus-Therian|180\/332 tox|[from] sandstorm
|-damage|p2a: Tornadus-Therian|100\/332 tox|[from] psn
|
|switch|p1a: Heatran|Heatran, M|172\/365
|-damage|p1a: Heatran|127\/365|[from] Stealth Rock
|turn|34
|
|switch|p2a: Excadrill|Excadrill, M|171\/408 brn
|-ability|p2a: Excadrill|Mold Breaker
|move|p1a: Heatran|Lava Plume|p2a: Excadrill
|-supereffective|p2a: Excadrill
|-damage|p2a: Excadrill|0 fnt
|faint|p2a: Excadrill
|
|-weather|Sandstorm|[upkeep]
|
|switch|p2a: Tornadus-Therian|Tornadus-Therian, M|210\/332 tox
|turn|35
|
|move|p1a: Heatran|Protect|p1a: Heatran
|-singleturn|p1a: Heatran|Protect
|move|p2a: Tornadus-Therian|Hurricane|p1a: Heatran
|-activate|p1a: Heatran|Protect
|
|-weather|Sandstorm|[upkeep]
|-damage|p2a: Tornadus-Therian|190\/332 tox|[from] sandstorm
|-damage|p2a: Tornadus-Therian|170\/332 tox|[from] psn
|turn|36
|
|switch|p1a: Gliscor|Gliscor, F|72\/353 tox
|-damage|p1a: Gliscor|28\/353 tox|[from] Stealth Rock
|move|p2a: Tornadus-Therian|Superpower|p1a: Gliscor
|-resisted|p1a: Gliscor
|-damage|p1a: Gliscor|0 fnt
|-unboost|p2a: Tornadus-Therian|atk|1
|-unboost|p2a: Tornadus-Therian|def|1
|faint|p1a: Gliscor
|
|-weather|Sandstorm|[upkeep]
|-damage|p2a: Tornadus-Therian|150\/332 tox|[from] sandstorm
|-damage|p2a: Tornadus-Therian|110\/332 tox|[from] psn
|c|âAlbyness|Gg
|
|switch|p1a: Starmie|Starmie|266\/323
|-damage|p1a: Starmie|226\/323|[from] Stealth Rock
|turn|37
|c|âBop Is Spot|gg buddy, ty for testin
|c|âBop Is Spot|and sorry for hax
|c|âAlbyness|Np
|c|âAlbyness|couldve played better
|
|move|p2a: Tornadus-Therian|Hurricane|p1a: Starmie
|-damage|p1a: Starmie|34\/323
|move|p1a: Starmie|Rapid Spin|p2a: Tornadus-Therian
|-damage|p2a: Tornadus-Therian|91\/332 tox
|-sideend|p1: Bop Is Spot|Stealth Rock|[from] move: Rapid Spin|[of] p1a: Starmie
|
|-weather|none
|-heal|p1a: Starmie|54\/323|[from] item: Leftovers
|-damage|p2a: Tornadus-Therian|31\/332 tox|[from] psn
|turn|38
|c|âBop Is Spot|yeah i'm weak af to that thing
|c|âBop Is Spot|owell
|
|move|p2a: Tornadus-Therian|Knock Off|p1a: Starmie
|-supereffective|p1a: Starmie
|-damage|p1a: Starmie|0 fnt
|-enditem|p1a: Starmie|Leftovers|[from] move: Knock Off|[of] p2a: Tornadus-Therian
|faint|p1a: Starmie
|
|-damage|p2a: Tornadus-Therian|0 fnt|[from] psn
|faint|p2a: Tornadus-Therian
|
|win|Bop Is Spot
|c|âBop Is Spot|<3
|c|âAlbyness|Gg
|c|âBop Is Spot|gg
|leave|Albyness