|join|salamence66
|join|Albyness
|player|p1|salamence66|170
|player|p2|Albyness|44
|gametype|singles
|gen|6
|tier|OU
|clearpoke
|poke|p1|Greninja, F
|poke|p1|Garchomp, F
|poke|p1|Metagross
|poke|p1|Clefable, F
|poke|p1|Victini
|poke|p1|Latios, M
|poke|p2|Lopunny, M
|poke|p2|Dragonite, F
|poke|p2|Manaphy
|poke|p2|Weavile, M
|poke|p2|Excadrill, M
|poke|p2|Thundurus, M
|rule|Swagger Clause: Swagger is banned
|rule|Baton Pass Clause: Limit one PokÃ©mon knowing Baton Pass
|rule|Sleep Clause Mod: Limit one foe put to sleep
|rule|Species Clause: Limit one of each PokÃ©mon
|rule|OHKO Clause: OHKO moves are banned
|rule|Moody Clause: Moody is banned
|rule|Evasion Moves Clause: Evasion moves are banned
|rule|Endless Battle Clause: Forcing endless battles is banned
|rule|HP Percentage Mod: HP is shown in percentages
|teampreview
|join|thepack
|
|start
|switch|p1a: Victini|Victini|341\/341
|switch|p2a: Excadrill|Excadrill, M|361\/361
|-ability|p2a: Excadrill|Mold Breaker
|turn|1
|join|u boost m8?
|
|switch|p1a: Garchomp|Garchomp, F|358\/358
|move|p2a: Excadrill|Stealth Rock|p1a: Garchomp
|-sidestart|p1: salamence66|move: Stealth Rock
|
|turn|2
|
|move|p1a: Garchomp|Substitute|p1a: Garchomp
|-start|p1a: Garchomp|Substitute
|-damage|p1a: Garchomp|269\/358
|move|p2a: Excadrill|Rapid Spin|p1a: Garchomp
|-activate|p1a: Garchomp|Substitute|[damage]
|
|turn|3
|
|switch|p2a: Thundurus|Thundurus, M|299\/299
|move|p1a: Garchomp|Earthquake|p2a: Thundurus
|-immune|p2a: Thundurus|[msg]
|
|turn|4
|
|move|p2a: Thundurus|Knock Off|p1a: Garchomp
|-crit|p1a: Garchomp
|-end|p1a: Garchomp|Substitute
|-damage|p2a: Thundurus|270\/299|[from] item: Life Orb
|move|p1a: Garchomp|Dragon Claw|p2a: Thundurus
|-damage|p2a: Thundurus|69\/299
|
|turn|5
|
|switch|p1a: Metagross|Metagross|302\/302
|-damage|p1a: Metagross|284\/302|[from] Stealth Rock
|move|p2a: Thundurus|Knock Off|p1a: Metagross
|-supereffective|p1a: Metagross
|-damage|p1a: Metagross|170\/302
|-damage|p2a: Thundurus|40\/299|[from] item: Life Orb
|
|turn|6
|leave|u boost m8?
|
|detailschange|p1a: Metagross|Metagross-Mega
|-mega|p1a: Metagross|Metagross|Metagrossite
|move|p1a: Metagross|Bullet Punch|p2a: Thundurus
|-resisted|p2a: Thundurus
|-damage|p2a: Thundurus|0 fnt
|faint|p2a: Thundurus
|
|
|switch|p2a: Excadrill|Excadrill, M|361\/361
|-ability|p2a: Excadrill|Mold Breaker
|turn|7
|
|move|p1a: Metagross|Earthquake|p2a: Excadrill
|-supereffective|p2a: Excadrill
|-enditem|p2a: Excadrill|Focus Sash
|-damage|p2a: Excadrill|1\/361
|move|p2a: Excadrill|Earthquake|p1a: Metagross
|-supereffective|p1a: Metagross
|-damage|p1a: Metagross|0 fnt
|faint|p1a: Metagross
|
|
|switch|p1a: Garchomp|Garchomp, F|269\/358
|-damage|p1a: Garchomp|247\/358|[from] Stealth Rock
|turn|8
|
|move|p1a: Garchomp|Dragon Claw|p2a: Excadrill
|-resisted|p2a: Excadrill
|-damage|p2a: Excadrill|0 fnt
|faint|p2a: Excadrill
|
|
|switch|p2a: Weavile|Weavile, M|282\/282
|-ability|p2a: Weavile|Pressure
|turn|9
|
|switch|p1a: Clefable|Clefable, F|391\/391
|move|p2a: Weavile|Icicle Crash|p1a: Clefable
|-damage|p1a: Clefable|239\/391
|-damage|p2a: Weavile|254\/282|[from] item: Life Orb
|
|-heal|p1a: Clefable|263\/391|[from] item: Leftovers
|turn|10
|
|switch|p2a: Manaphy|Manaphy|404\/404
|move|p1a: Clefable|Moonblast|p2a: Manaphy
|-damage|p2a: Manaphy|299\/404
|
|-heal|p2a: Manaphy|324\/404|[from] item: Leftovers
|-heal|p1a: Clefable|287\/391|[from] item: Leftovers
|turn|11
|
|switch|p1a: Greninja|Greninja, F|285\/285
|-damage|p1a: Greninja|250\/285|[from] Stealth Rock
|move|p2a: Manaphy|Ice Beam|p1a: Greninja
|-resisted|p1a: Greninja
|-damage|p1a: Greninja|199\/285
|
|-heal|p2a: Manaphy|349\/404|[from] item: Leftovers
|turn|12
|
|move|p1a: Greninja|Dark Pulse|p2a: Manaphy
|-start|p1a: Greninja|typechange|Dark|[from] Protean
|-damage|p2a: Manaphy|203\/404
|-damage|p1a: Greninja|171\/285|[from] item: Life Orb
|cant|p2a: Manaphy|flinch
|
|-heal|p2a: Manaphy|228\/404|[from] item: Leftovers
|turn|13
|
|switch|p2a: Weavile|Weavile, M|254\/282
|-ability|p2a: Weavile|Pressure
|move|p1a: Greninja|Hidden Power|p2a: Weavile
|-start|p1a: Greninja|typechange|Grass|[from] Protean
|-damage|p2a: Weavile|129\/282
|-damage|p1a: Greninja|143\/285|[from] item: Life Orb
|
|turn|14
|join|CIIID
|
|move|p2a: Weavile|Pursuit|p1a: Greninja|[from]Pursuit
|-damage|p1a: Greninja|0 fnt
|-damage|p2a: Weavile|101\/282|[from] item: Life Orb
|faint|p1a: Greninja
|
|
|switch|p1a: Clefable|Clefable, F|287\/391
|turn|15
|
|move|p2a: Weavile|Icicle Crash|p1a: Clefable
|-damage|p1a: Clefable|114\/391
|-damage|p2a: Weavile|73\/282|[from] item: Life Orb
|cant|p1a: Clefable|flinch
|
|-heal|p1a: Clefable|138\/391|[from] item: Leftovers
|turn|16
|
|move|p2a: Weavile|Icicle Crash|p1a: Clefable
|-damage|p1a: Clefable|0 fnt
|-damage|p2a: Weavile|45\/282|[from] item: Life Orb
|faint|p1a: Clefable
|
|join|Opium Eyes
|
|switch|p1a: Garchomp|Garchomp, F|247\/358
|-damage|p1a: Garchomp|225\/358|[from] Stealth Rock
|turn|17
|
|move|p2a: Weavile|Knock Off|p1a: Garchomp
|-damage|p1a: Garchomp|0 fnt
|-damage|p2a: Weavile|10\/282|[from] ability: Rough Skin|[of] p1a: Garchomp
|-enditem|p1a: Garchomp|Salac Berry|[from] move: Knock Off|[of] p2a: Weavile
|-damage|p2a: Weavile|0 fnt|[from] item: Life Orb
|faint|p1a: Garchomp
|faint|p2a: Weavile
|
|
|switch|p1a: Latios|Latios, M|301\/301
|switch|p2a: Dragonite|Dragonite, F|359\/359
|-damage|p1a: Latios|264\/301|[from] Stealth Rock
|turn|18
|
|move|p2a: Dragonite|Extreme Speed|p1a: Latios
|-damage|p1a: Latios|60\/301
|move|p1a: Latios|Draco Meteor|p2a: Dragonite
|-supereffective|p2a: Dragonite
|-damage|p2a: Dragonite|77\/359
|-unboost|p1a: Latios|spa|2
|-damage|p1a: Latios|30\/301|[from] item: Life Orb
|
|turn|19
|
|move|p2a: Dragonite|Extreme Speed|p1a: Latios
|-crit|p1a: Latios
|-damage|p1a: Latios|0 fnt
|faint|p1a: Latios
|
|
|switch|p1a: Victini|Victini|341\/341
|-damage|p1a: Victini|256\/341|[from] Stealth Rock
|turn|20
|
|switch|p2a: Manaphy|Manaphy|228\/404
|move|p1a: Victini|Zen Headbutt|p2a: Manaphy
|-damage|p2a: Manaphy|75\/404
|
|-heal|p2a: Manaphy|100\/404|[from] item: Leftovers
|turn|21
|
|move|p1a: Victini|Zen Headbutt|p2a: Manaphy
|-damage|p2a: Manaphy|0 fnt
|faint|p2a: Manaphy
|
|
|switch|p2a: Lopunny|Lopunny, M|271\/271
|turn|22
|
|move|p2a: Lopunny|Return|p1a: Victini
|-damage|p1a: Victini|138\/341
|move|p1a: Victini|Zen Headbutt|p2a: Lopunny
|-damage|p2a: Lopunny|49\/271
|
|turn|23
|
|move|p2a: Lopunny|Return|p1a: Victini
|-damage|p1a: Victini|14\/341
|move|p1a: Victini|Zen Headbutt|p2a: Lopunny
|-damage|p2a: Lopunny|0 fnt
|faint|p2a: Lopunny
|
|
|switch|p2a: Dragonite|Dragonite, F|77\/359
|turn|24
|
|move|p2a: Dragonite|Extreme Speed|p1a: Victini
|-damage|p1a: Victini|0 fnt
|faint|p1a: Victini
|
|win|Albyness
|leave|Albyness
|player|p2
|leave|salamence66
|player|p1