|join|Albyness
|join|Like me 2
|player|p1|Albyness|44
|player|p2|Like me 2|102
|gametype|singles
|gen|6
|tier|OU (suspect test)
|rated
|clearpoke
|poke|p1|Scizor, M
|poke|p1|Thundurus, M
|poke|p1|Hippowdon, F
|poke|p1|Manaphy
|poke|p1|Bisharp, M
|poke|p1|Latios, M
|poke|p2|Infernape, F
|poke|p2|Thundurus, M
|poke|p2|Bisharp, M
|poke|p2|Metagross, shiny
|poke|p2|Keldeo-Resolute
|poke|p2|Dragonite, M
|rule|Swagger Clause: Swagger is banned
|rule|Baton Pass Clause: Limit one PokÃ©mon knowing Baton Pass
|rule|Sleep Clause Mod: Limit one foe put to sleep
|rule|Species Clause: Limit one of each PokÃ©mon
|rule|OHKO Clause: OHKO moves are banned
|rule|Moody Clause: Moody is banned
|rule|Evasion Moves Clause: Evasion moves are banned
|rule|Endless Battle Clause: Forcing endless battles is banned
|rule|HP Percentage Mod: HP is shown in percentages
|teampreview
|join|yrs
|leave|yrs
|
|start
|switch|p1a: Hippowdon|Hippowdon, F|420\/420
|switch|p2a: Infernape|Infernape, F|293\/293
|-weather|Sandstorm
|turn|1
|
|move|p2a: Infernape|Stealth Rock|p1a: Hippowdon
|-sidestart|p1: Albyness|move: Stealth Rock
|move|p1a: Hippowdon|Stealth Rock|p2a: Infernape
|-sidestart|p2: Like me 2|move: Stealth Rock
|
|-weather|Sandstorm|[upkeep]
|-damage|p2a: Infernape|275\/293|[from] sandstorm
|turn|2
|
|move|p2a: Infernape|Fire Blast|p1a: Hippowdon
|-damage|p1a: Hippowdon|252\/420
|move|p1a: Hippowdon|Earthquake|p2a: Infernape
|-supereffective|p2a: Infernape
|-damage|p2a: Infernape|0 fnt
|faint|p2a: Infernape
|
|-weather|Sandstorm|[upkeep]
|-heal|p1a: Hippowdon|278\/420|[from] item: Leftovers
|
|switch|p2a: Keldeo-Resolute|Keldeo-Resolute|323\/323
|-damage|p2a: Keldeo-Resolute|303\/323|[from] Stealth Rock
|turn|3
|
|switch|p1a: Manaphy|Manaphy|404\/404
|-damage|p1a: Manaphy|354\/404|[from] Stealth Rock
|move|p2a: Keldeo-Resolute|Icy Wind|p1a: Manaphy
|-resisted|p1a: Manaphy
|-damage|p1a: Manaphy|305\/404
|-unboost|p1a: Manaphy|spe|1
|
|-weather|Sandstorm|[upkeep]
|-damage|p2a: Keldeo-Resolute|283\/323|[from] sandstorm
|-damage|p1a: Manaphy|280\/404|[from] sandstorm
|-heal|p1a: Manaphy|305\/404|[from] item: Leftovers
|turn|4
|
|switch|p2a: Metagross|Metagross, shiny|301\/301
|-damage|p2a: Metagross|283\/301|[from] Stealth Rock
|move|p1a: Manaphy|Scald|p2a: Metagross
|-damage|p2a: Metagross|171\/301
|
|-weather|Sandstorm|[upkeep]
|-damage|p1a: Manaphy|280\/404|[from] sandstorm
|-heal|p1a: Manaphy|305\/404|[from] item: Leftovers
|turn|5
|
|detailschange|p2a: Metagross|Metagross-Mega, shiny
|-mega|p2a: Metagross|Metagross|Metagrossite
|move|p2a: Metagross|Thunder Punch|p1a: Manaphy
|-crit|p1a: Manaphy
|-supereffective|p1a: Manaphy
|-damage|p1a: Manaphy|0 fnt
|faint|p1a: Manaphy
|
|-weather|none
|
|switch|p1a: Hippowdon|Hippowdon, F|278\/420
|-damage|p1a: Hippowdon|252\/420|[from] Stealth Rock
|-weather|Sandstorm
|turn|6
|
|move|p2a: Metagross|Grass Knot|p1a: Hippowdon
|-supereffective|p1a: Hippowdon
|-damage|p1a: Hippowdon|18\/420
|move|p1a: Hippowdon|Slack Off|p1a: Hippowdon
|-heal|p1a: Hippowdon|228\/420
|
|-weather|Sandstorm|[upkeep]
|-heal|p1a: Hippowdon|254\/420|[from] item: Leftovers
|turn|7
|
|move|p2a: Metagross|Meteor Mash|p1a: Hippowdon
|-damage|p1a: Hippowdon|77\/420
|move|p1a: Hippowdon|Earthquake|p2a: Metagross
|-supereffective|p2a: Metagross
|-damage|p2a: Metagross|0 fnt
|faint|p2a: Metagross
|
|-weather|Sandstorm|[upkeep]
|-heal|p1a: Hippowdon|103\/420|[from] item: Leftovers
|
|switch|p2a: Bisharp|Bisharp, M|271\/271
|-damage|p2a: Bisharp|255\/271|[from] Stealth Rock
|turn|8
|
|move|p2a: Bisharp|Knock Off|p1a: Hippowdon
|-damage|p1a: Hippowdon|0 fnt
|-enditem|p1a: Hippowdon|Leftovers|[from] move: Knock Off|[of] p2a: Bisharp
|-damage|p2a: Bisharp|228\/271|[from] item: Life Orb
|faint|p1a: Hippowdon
|
|-weather|Sandstorm|[upkeep]
|
|switch|p1a: Scizor|Scizor, M|307\/307
|-damage|p1a: Scizor|269\/307|[from] Stealth Rock
|turn|9
|
|switch|p2a: Dragonite|Dragonite, M|323\/323
|-damage|p2a: Dragonite|243\/323|[from] Stealth Rock
|detailschange|p1a: Scizor|Scizor-Mega, M
|-mega|p1a: Scizor|Scizor|Scizorite
|move|p1a: Scizor|Superpower|p2a: Dragonite
|-resisted|p2a: Dragonite
|-damage|p2a: Dragonite|157\/323
|-unboost|p1a: Scizor|atk|1
|-unboost|p1a: Scizor|def|1
|
|-weather|Sandstorm|[upkeep]
|-damage|p2a: Dragonite|137\/323|[from] sandstorm
|turn|10
|join|I ABR I
|
|switch|p1a: Latios|Latios, M|301\/301
|-damage|p1a: Latios|264\/301|[from] Stealth Rock
|move|p2a: Dragonite|Fire Punch|p1a: Latios
|-resisted|p1a: Latios
|-damage|p1a: Latios|167\/301
|
|-weather|none
|turn|11
|c| I ABR I|los plays
|
|switch|p2a: Bisharp|Bisharp, M|228\/271
|-damage|p2a: Bisharp|212\/271|[from] Stealth Rock
|move|p1a: Latios|Hidden Power|p2a: Bisharp
|-supereffective|p2a: Bisharp
|-damage|p2a: Bisharp|0 fnt
|faint|p2a: Bisharp
|
|c| I ABR I|go easy on em alby
|
|switch|p2a: Thundurus|Thundurus, M|299\/299
|-damage|p2a: Thundurus|225\/299|[from] Stealth Rock
|turn|12
|
|move|p2a: Thundurus|Hidden Power|p1a: Latios
|-supereffective|p1a: Latios
|-damage|p1a: Latios|0 fnt
|-damage|p2a: Thundurus|196\/299|[from] item: Life Orb
|faint|p1a: Latios
|
|
|switch|p1a: Bisharp|Bisharp, M|271\/271
|-damage|p1a: Bisharp|255\/271|[from] Stealth Rock
|turn|13
|
|move|p2a: Thundurus|Superpower|p1a: Bisharp
|-crit|p1a: Bisharp
|-supereffective|p1a: Bisharp
|-damage|p1a: Bisharp|0 fnt
|-unboost|p2a: Thundurus|atk|1
|-unboost|p2a: Thundurus|def|1
|-damage|p2a: Thundurus|167\/299|[from] item: Life Orb
|faint|p1a: Bisharp
|
|c| I ABR I|rip
|c|âAlbyness|i never win speed ties
|
|switch|p1a: Thundurus|Thundurus, M|299\/299
|-damage|p1a: Thundurus|225\/299|[from] Stealth Rock
|turn|14
|c| I ABR I|u will here!
|
|move|p1a: Thundurus|Thunderbolt|p2a: Thundurus
|-damage|p2a: Thundurus|0 fnt
|faint|p2a: Thundurus
|
|-heal|p1a: Thundurus|243\/299|[from] item: Leftovers
|c| I ABR I|just believe!
|c|âAlbyness|oml
|
|switch|p2a: Dragonite|Dragonite, M|137\/323
|-damage|p2a: Dragonite|57\/323|[from] Stealth Rock
|turn|15
|c|âLike me 2|believe in hax yaya
|c| I ABR I|"hax"
|c| I ABR I|lmfao
|c| I ABR I|if he is scarf keld he got this
|c| I ABR I|imo
|c| I ABR I|cuz he WILL burn sciz
|join|Ox the Fox
|
|move|p2a: Dragonite|Extreme Speed|p1a: Thundurus
|-damage|p1a: Thundurus|14\/299
|move|p1a: Thundurus|Thunderbolt|p2a: Dragonite
|-crit|p2a: Dragonite
|-damage|p2a: Dragonite|0 fnt
|faint|p2a: Dragonite
|
|-heal|p1a: Thundurus|32\/299|[from] item: Leftovers
|join|Cienight
|
|switch|p2a: Keldeo-Resolute|Keldeo-Resolute|283\/323
|-damage|p2a: Keldeo-Resolute|263\/323|[from] Stealth Rock
|turn|16
|c|âLike me 2|pissed me off U_u
|c| I ABR I|is this scarf or n
|
|move|p1a: Thundurus|Thunder Wave|p2a: Keldeo-Resolute
|-status|p2a: Keldeo-Resolute|par
|move|p2a: Keldeo-Resolute|Scald|p1a: Thundurus
|-damage|p1a: Thundurus|0 fnt
|faint|p1a: Thundurus
|
|
|switch|p1a: Scizor|Scizor-Mega, M|269\/307
|-damage|p1a: Scizor|231\/307|[from] Stealth Rock
|turn|17
|c| I ABR I|2 superpowers kill y\/n
|c|âAlbyness|yea
|
|move|p1a: Scizor|Superpower|p2a: Keldeo-Resolute
|-damage|p2a: Keldeo-Resolute|88\/323 par
|-unboost|p1a: Scizor|atk|1
|-unboost|p1a: Scizor|def|1
|move|p2a: Keldeo-Resolute|Scald|p1a: Scizor
|-damage|p1a: Scizor|29\/307
|
|turn|18
|c| I ABR I|wow
|c| I ABR I|no burn
|c| I ABR I|hax
|c|âLike me 2|where is my burn
|c|âLike me 2|seriosuly
|
|move|p1a: Scizor|Superpower|p2a: Keldeo-Resolute
|-damage|p2a: Keldeo-Resolute|0 fnt
|-unboost|p1a: Scizor|atk|1
|-unboost|p1a: Scizor|def|1
|faint|p2a: Keldeo-Resolute
|
|win|Albyness
|raw|Ladder updating...
|c| I ABR I|haxing fgt
|raw|Albyness's rating: 1520 &rarr; <strong>1543<\/strong><br \/>(+23 for winning)
|raw|Like me 2's rating: 1580 &rarr; <strong>1557<\/strong><br \/>(-23 for losing)
|c|âAlbyness|lol
|c|âAlbyness|gg
|leave|I ABR I