|join|Albyness
|join|Based Godfish
|player|p1|Albyness|1
|player|p2|Based Godfish|144
|gametype|singles
|gen|6
|tier|OU (suspect test)
|rated
|clearpoke
|poke|p1|Latios, M
|poke|p1|Thundurus, M
|poke|p1|Scizor, F
|poke|p1|Hippowdon, F
|poke|p1|Manaphy
|poke|p1|Bisharp, M
|poke|p2|Azelf
|poke|p2|Sharpedo, M
|poke|p2|Landorus, M
|poke|p2|Thundurus, M
|poke|p2|Bisharp, F
|poke|p2|Gengar, M
|rule|Swagger Clause: Swagger is banned
|rule|Baton Pass Clause: Limit one PokÃ©mon knowing Baton Pass
|rule|Sleep Clause Mod: Limit one foe put to sleep
|rule|Species Clause: Limit one of each PokÃ©mon
|rule|OHKO Clause: OHKO moves are banned
|rule|Moody Clause: Moody is banned
|rule|Evasion Moves Clause: Evasion moves are banned
|rule|Endless Battle Clause: Forcing endless battles is banned
|rule|HP Percentage Mod: HP is shown in percentages
|teampreview
|c|âBased Godfish|gl
|c|âBased Godfish|:]
|
|start
|switch|p1a: Thundurus|Thundurus, M|299\/299
|switch|p2a: Azelf|Azelf|291\/291
|turn|1
|
|move|p1a: Thundurus|Thunder Wave|p2a: Azelf
|-status|p2a: Azelf|par
|cant|p2a: Azelf|par
|
|turn|2
|
|move|p1a: Thundurus|Substitute|p1a: Thundurus
|-start|p1a: Thundurus|Substitute
|-damage|p1a: Thundurus|225\/299
|move|p2a: Azelf|Stealth Rock|p1a: Thundurus
|-sidestart|p1: Albyness|move: Stealth Rock
|
|-heal|p1a: Thundurus|243\/299|[from] item: Leftovers
|turn|3
|
|move|p1a: Thundurus|Thunderbolt|p2a: Azelf
|-damage|p2a: Azelf|45\/291 par
|move|p2a: Azelf|Explosion|p1a: Thundurus
|-crit|p1a: Thundurus
|-end|p1a: Thundurus|Substitute
|faint|p2a: Azelf
|
|-heal|p1a: Thundurus|261\/299|[from] item: Leftovers
|
|switch|p2a: Thundurus|Thundurus, M|299\/299
|turn|4
|
|switch|p1a: Hippowdon|Hippowdon, F|420\/420
|-damage|p1a: Hippowdon|394\/420|[from] Stealth Rock
|-weather|Sandstorm
|move|p2a: Thundurus|Thunderbolt|p1a: Hippowdon
|-immune|p1a: Hippowdon|[msg]
|
|-weather|Sandstorm|[upkeep]
|-damage|p2a: Thundurus|281\/299|[from] sandstorm
|-heal|p1a: Hippowdon|420\/420|[from] item: Leftovers
|turn|5
|
|switch|p2a: Landorus|Landorus, M|344\/344
|move|p1a: Hippowdon|Stealth Rock|p2a: Landorus
|-sidestart|p2: Based Godfish|move: Stealth Rock
|
|-weather|Sandstorm|[upkeep]
|turn|6
|
|switch|p2a: Bisharp|Bisharp, F|271\/271
|-damage|p2a: Bisharp|255\/271|[from] Stealth Rock
|move|p1a: Hippowdon|Ice Fang|p2a: Bisharp
|-resisted|p2a: Bisharp
|-damage|p2a: Bisharp|229\/271
|
|-weather|Sandstorm|[upkeep]
|turn|7
|
|switch|p2a: Gengar|Gengar, M|261\/261
|-damage|p2a: Gengar|229\/261|[from] Stealth Rock
|move|p1a: Hippowdon|Earthquake|p2a: Gengar
|-immune|p2a: Gengar|[msg]
|
|-weather|Sandstorm|[upkeep]
|-damage|p2a: Gengar|213\/261|[from] sandstorm
|turn|8
|
|switch|p1a: Bisharp|Bisharp, M|271\/271
|-damage|p1a: Bisharp|255\/271|[from] Stealth Rock
|move|p2a: Gengar|Shadow Ball|p1a: Bisharp
|-resisted|p1a: Bisharp
|-damage|p1a: Bisharp|141\/271
|-damage|p2a: Gengar|187\/261|[from] item: Life Orb
|
|-weather|none
|turn|9
|
|move|p1a: Bisharp|Sucker Punch|p2a: Gengar
|-supereffective|p2a: Gengar
|-damage|p2a: Gengar|0 fnt
|faint|p2a: Gengar
|
|
|switch|p2a: Sharpedo|Sharpedo, M|281\/281
|-damage|p2a: Sharpedo|246\/281|[from] Stealth Rock
|turn|10
|
|move|p2a: Sharpedo|Protect|p2a: Sharpedo
|-singleturn|p2a: Sharpedo|Protect
|move|p1a: Bisharp|Knock Off|p2a: Sharpedo
|-activate|p2a: Sharpedo|Protect
|
|-boost|p2a: Sharpedo|spe|1|[from] ability: Speed Boost
|turn|11
|
|detailschange|p2a: Sharpedo|Sharpedo-Mega, M
|-mega|p2a: Sharpedo|Sharpedo|Sharpedonite
|move|p1a: Bisharp|Sucker Punch|p2a: Sharpedo
|-resisted|p2a: Sharpedo
|-damage|p2a: Sharpedo|162\/281
|move|p2a: Sharpedo|Waterfall|p1a: Bisharp
|-damage|p1a: Bisharp|2\/271
|
|turn|12
|
|move|p1a: Bisharp|Sucker Punch|p2a: Sharpedo
|-resisted|p2a: Sharpedo
|-damage|p2a: Sharpedo|75\/281
|move|p2a: Sharpedo|Crunch|p1a: Bisharp
|-resisted|p1a: Bisharp
|-damage|p1a: Bisharp|0 fnt
|faint|p1a: Bisharp
|
|
|switch|p1a: Manaphy|Manaphy|404\/404
|-damage|p1a: Manaphy|354\/404|[from] Stealth Rock
|turn|13
|
|move|p2a: Sharpedo|Crunch|p1a: Manaphy
|-damage|p1a: Manaphy|164\/404
|move|p1a: Manaphy|Scald|p2a: Sharpedo
|-resisted|p2a: Sharpedo
|-damage|p2a: Sharpedo|6\/281
|
|-heal|p1a: Manaphy|189\/404|[from] item: Leftovers
|turn|14
|
|switch|p1a: Hippowdon|Hippowdon, F|420\/420
|-damage|p1a: Hippowdon|394\/420|[from] Stealth Rock
|-weather|Sandstorm
|move|p2a: Sharpedo|Crunch|p1a: Hippowdon
|-damage|p1a: Hippowdon|220\/420
|
|-weather|Sandstorm|[upkeep]
|-damage|p2a: Sharpedo|0 fnt|[from] sandstorm
|-heal|p1a: Hippowdon|246\/420|[from] item: Leftovers
|faint|p2a: Sharpedo
|
|switch|p2a: Landorus|Landorus, M|344\/344
|-damage|p2a: Landorus|301\/344|[from] Stealth Rock
|turn|15
|
|switch|p1a: Latios|Latios, M|301\/301
|-damage|p1a: Latios|264\/301|[from] Stealth Rock
|move|p2a: Landorus|Earth Power|p1a: Latios
|-immune|p1a: Latios|[msg]
|
|-weather|Sandstorm|[upkeep]
|-damage|p1a: Latios|246\/301|[from] sandstorm
|turn|16
|
|switch|p2a: Bisharp|Bisharp, F|229\/271
|-damage|p2a: Bisharp|213\/271|[from] Stealth Rock
|move|p1a: Latios|Hidden Power|p2a: Bisharp
|-supereffective|p2a: Bisharp
|-damage|p2a: Bisharp|0 fnt
|faint|p2a: Bisharp
|
|-weather|Sandstorm|[upkeep]
|-damage|p1a: Latios|228\/301|[from] sandstorm
|
|switch|p2a: Thundurus|Thundurus, M|281\/299
|-damage|p2a: Thundurus|207\/299|[from] Stealth Rock
|turn|17
|
|move|p2a: Thundurus|Hidden Power|p1a: Latios
|-supereffective|p1a: Latios
|-damage|p1a: Latios|72\/301
|-damage|p2a: Thundurus|178\/299|[from] item: Life Orb
|move|p1a: Latios|Draco Meteor|p2a: Thundurus|[miss]
|-miss|p1a: Latios|p2a: Thundurus
|
|-weather|Sandstorm|[upkeep]
|-damage|p2a: Thundurus|160\/299|[from] sandstorm
|-damage|p1a: Latios|54\/301|[from] sandstorm
|turn|18
|
|move|p2a: Thundurus|Hidden Power|p1a: Latios
|-supereffective|p1a: Latios
|-damage|p1a: Latios|0 fnt
|-damage|p2a: Thundurus|131\/299|[from] item: Life Orb
|faint|p1a: Latios
|
|-weather|none
|
|switch|p1a: Hippowdon|Hippowdon, F|246\/420
|-damage|p1a: Hippowdon|220\/420|[from] Stealth Rock
|-weather|Sandstorm
|turn|19
|
|move|p2a: Thundurus|Hidden Power|p1a: Hippowdon
|-supereffective|p1a: Hippowdon
|-damage|p1a: Hippowdon|56\/420
|-damage|p2a: Thundurus|102\/299|[from] item: Life Orb
|move|p1a: Hippowdon|Slack Off|p1a: Hippowdon
|-heal|p1a: Hippowdon|266\/420
|
|-weather|Sandstorm|[upkeep]
|-damage|p2a: Thundurus|84\/299|[from] sandstorm
|-heal|p1a: Hippowdon|292\/420|[from] item: Leftovers
|turn|20
|
|switch|p2a: Landorus|Landorus, M|301\/344
|-damage|p2a: Landorus|258\/344|[from] Stealth Rock
|move|p1a: Hippowdon|Slack Off|p1a: Hippowdon
|-heal|p1a: Hippowdon|420\/420
|
|-weather|Sandstorm|[upkeep]
|turn|21
|
|move|p2a: Landorus|Earth Power|p1a: Hippowdon
|-damage|p1a: Hippowdon|147\/420
|move|p1a: Hippowdon|Ice Fang|p2a: Landorus
|-supereffective|p2a: Landorus
|-damage|p2a: Landorus|30\/344
|
|-weather|Sandstorm|[upkeep]
|-heal|p1a: Hippowdon|173\/420|[from] item: Leftovers
|turn|22
|
|move|p2a: Landorus|Earth Power|p1a: Hippowdon
|-damage|p1a: Hippowdon|0 fnt
|faint|p1a: Hippowdon
|
|-weather|Sandstorm|[upkeep]
|
|switch|p1a: Scizor|Scizor, F|307\/307
|-damage|p1a: Scizor|269\/307|[from] Stealth Rock
|turn|23
|
|detailschange|p1a: Scizor|Scizor-Mega, F
|-mega|p1a: Scizor|Scizor|Scizorite
|move|p1a: Scizor|Bullet Punch|p2a: Landorus
|-damage|p2a: Landorus|0 fnt
|faint|p2a: Landorus
|
|-weather|none
|
|switch|p2a: Thundurus|Thundurus, M|84\/299
|-damage|p2a: Thundurus|10\/299|[from] Stealth Rock
|turn|24
|c|âAlbyness|Gg
|c|âBased Godfish|gg
|
|move|p1a: Scizor|Bullet Punch|p2a: Thundurus
|-resisted|p2a: Thundurus
|-damage|p2a: Thundurus|0 fnt
|faint|p2a: Thundurus
|
|win|Albyness
|raw|Ladder updating...
|raw|Albyness's rating: 1462 &rarr; <strong>1476<\/strong><br \/>(+14 for winning)
|raw|Based Godfish's rating: 1360 &rarr; <strong>1345<\/strong><br \/>(-15 for losing)
|leave|Based Godfish