|join|Friytrr
|join|HPrior
|player|p1|Friytrr|101
|player|p2|HPrior|37
|gametype|singles
|gen|6
|tier|OU
|rated
|clearpoke
|poke|p1|Chansey, F
|poke|p1|Skarmory, F
|poke|p1|Gothitelle, M
|poke|p1|Quagsire, M
|poke|p1|Amoonguss, F
|poke|p1|Lopunny, M
|poke|p2|Heatran, F
|poke|p2|Rotom-Wash
|poke|p2|Amoonguss, M
|poke|p2|Latias, F
|poke|p2|Lopunny, F
|poke|p2|Diggersby, F
|rule|Swagger Clause: Swagger is banned
|rule|Baton Pass Clause: Limit one PokÃ©mon knowing Baton Pass
|rule|Sleep Clause Mod: Limit one foe put to sleep
|rule|Species Clause: Limit one of each PokÃ©mon
|rule|OHKO Clause: OHKO moves are banned
|rule|Moody Clause: Moody is banned
|rule|Evasion Moves Clause: Evasion moves are banned
|rule|Endless Battle Clause: Forcing endless battles is banned
|rule|HP Percentage Mod: HP is shown in percentages
|teampreview
|
|start
|switch|p1a: Lopunny|Lopunny, M|272\/272
|switch|p2a: Heatran|Heatran, F|386\/386
|turn|1
|
|detailschange|p1a: Lopunny|Lopunny-Mega, M
|message|Lopunny has Mega Evolved into Mega Lopunny!
|move|p1a: Lopunny|Fake Out|p2a: Heatran
|-resisted|p2a: Heatran
|-damage|p2a: Heatran|349\/386
|cant|p2a: Heatran|flinch
|
|-heal|p2a: Heatran|373\/386|[from] item: Leftovers
|turn|2
|
|switch|p2a: Amoonguss|Amoonguss, M|432\/432
|move|p1a: Lopunny|Ice Punch|p2a: Amoonguss
|-supereffective|p2a: Amoonguss
|-damage|p2a: Amoonguss|262\/432
|
|-heal|p2a: Amoonguss|289\/432|[from] item: Black Sludge
|turn|3
|
|switch|p1a: Gothitelle|Gothitelle, M|301\/301
|switch|p2a: Heatran|Heatran, F|373\/386
|
|-heal|p2a: Heatran|386\/386|[from] item: Leftovers
|turn|4
|
|move|p1a: Gothitelle|Trick|p2a: Heatran
|-activate|p1a: Gothitelle|move: Trick|[of] p2a: Heatran
|-item|p2a: Heatran|Choice Scarf|[from] move: Trick
|-item|p1a: Gothitelle|Leftovers|[from] move: Trick
|move|p2a: Heatran|Lava Plume|p1a: Gothitelle
|-damage|p1a: Gothitelle|201\/301
|-status|p1a: Gothitelle|brn
|
|-heal|p1a: Gothitelle|219\/301 brn|[from] item: Leftovers
|-damage|p1a: Gothitelle|182\/301 brn|[from] brn
|turn|5
|
|move|p2a: Heatran|Lava Plume|p1a: Gothitelle
|-damage|p1a: Gothitelle|64\/301 brn
|move|p1a: Gothitelle|Rest|p1a: Gothitelle
|-status|p1a: Gothitelle|slp
|-heal|p1a: Gothitelle|301\/301 slp|[silent]
|-status|p1a: Gothitelle|slp|[from] move: Rest
|
|turn|6
|
|switch|p1a: Chansey|Chansey, F|704\/704
|move|p2a: Heatran|Lava Plume|p1a: Chansey
|-damage|p1a: Chansey|622\/704
|-status|p1a: Chansey|brn
|
|-damage|p1a: Chansey|534\/704 brn|[from] brn
|turn|7
|
|switch|p2a: Diggersby|Diggersby, F|311\/311
|move|p1a: Chansey|Toxic|p2a: Diggersby|[miss]
|-miss|p1a: Chansey|p2a: Diggersby
|
|-damage|p1a: Chansey|446\/704 brn|[from] brn
|turn|8
|
|switch|p2a: Rotom-Wash|Rotom-Wash|304\/304
|switch|p1a: Skarmory|Skarmory, F|334\/334
|
|turn|9
|
|switch|p1a: Amoonguss|Amoonguss, F|432\/432
|move|p2a: Rotom-Wash|Will-O-Wisp|p1a: Amoonguss
|-status|p1a: Amoonguss|brn
|
|-damage|p1a: Amoonguss|378\/432 brn|[from] brn
|turn|10
|
|move|p2a: Rotom-Wash|Volt Switch|p1a: Amoonguss
|-resisted|p1a: Amoonguss
|-damage|p1a: Amoonguss|332\/432 brn
|
|switch|p2a: Heatran|Heatran, F|386\/386
|move|p1a: Amoonguss|Spore|p2a: Heatran
|-status|p2a: Heatran|slp
|
|-heal|p1a: Amoonguss|359\/432 brn|[from] item: Black Sludge
|-damage|p1a: Amoonguss|305\/432 brn|[from] brn
|turn|11
|
|switch|p1a: Lopunny|Lopunny-Mega, M|272\/272
|cant|p2a: Heatran|slp
|
|turn|12
|
|switch|p1a: Skarmory|Skarmory, F|334\/334
|cant|p2a: Heatran|slp
|
|turn|13
|
|-curestatus|p2a: Heatran|slp
|move|p2a: Heatran|Lava Plume|p1a: Skarmory
|-supereffective|p1a: Skarmory
|-damage|p1a: Skarmory|32\/334
|move|p1a: Skarmory|Stealth Rock|p2a: Heatran
|-sidestart|p2: HPrior|move: Stealth Rock
|
|turn|14
|
|switch|p1a: Chansey|Chansey, F|446\/704
|move|p2a: Heatran|Lava Plume|p1a: Chansey
|-damage|p1a: Chansey|370\/704
|
|turn|15
|
|switch|p2a: Diggersby|Diggersby, F|311\/311
|-damage|p2a: Diggersby|292\/311|[from] Stealth Rock
|move|p1a: Chansey|Toxic|p2a: Diggersby
|-status|p2a: Diggersby|tox
|
|-damage|p2a: Diggersby|273\/311 tox|[from] psn
|turn|16
|
|switch|p1a: Quagsire|Quagsire, M|394\/394
|move|p2a: Diggersby|Frustration|p1a: Quagsire
|-damage|p1a: Quagsire|135\/394
|-damage|p2a: Diggersby|242\/311 tox|[from] item: Life Orb
|
|-heal|p1a: Quagsire|159\/394|[from] item: Leftovers
|-damage|p2a: Diggersby|204\/311 tox|[from] psn
|turn|17
|
|switch|p1a: Amoonguss|Amoonguss, F|432\/432 brn
|move|p2a: Diggersby|Frustration|p1a: Amoonguss
|-damage|p1a: Amoonguss|134\/432 brn
|-damage|p2a: Diggersby|173\/311 tox|[from] item: Life Orb
|
|-heal|p1a: Amoonguss|161\/432 brn|[from] item: Black Sludge
|-damage|p2a: Diggersby|116\/311 tox|[from] psn
|-damage|p1a: Amoonguss|107\/432 brn|[from] brn
|turn|18
|
|switch|p1a: Quagsire|Quagsire, M|159\/394
|move|p2a: Diggersby|Frustration|p1a: Quagsire
|-damage|p1a: Quagsire|0 fnt
|-damage|p2a: Diggersby|85\/311 tox|[from] item: Life Orb
|faint|p1a: Quagsire
|
|-damage|p2a: Diggersby|9\/311 tox|[from] psn
|
|switch|p1a: Lopunny|Lopunny-Mega, M|272\/272
|turn|19
|
|move|p1a: Lopunny|Fake Out|p2a: Diggersby
|-damage|p2a: Diggersby|0 fnt
|faint|p2a: Diggersby
|
|
|switch|p2a: Latias|Latias, F|320\/320
|-damage|p2a: Latias|280\/320|[from] Stealth Rock
|turn|20
|
|switch|p1a: Gothitelle|Gothitelle, M|301\/301 slp
|move|p2a: Latias|Psyshock|p1a: Gothitelle
|-resisted|p1a: Gothitelle
|-damage|p1a: Gothitelle|226\/301 slp
|-damage|p2a: Latias|248\/320|[from] item: Life Orb
|
|-heal|p1a: Gothitelle|244\/301 slp|[from] item: Leftovers
|turn|21
|
|move|p2a: Latias|Draco Meteor|p1a: Gothitelle
|-damage|p1a: Gothitelle|13\/301 slp
|-unboost|p2a: Latias|spa|2
|-damage|p2a: Latias|216\/320|[from] item: Life Orb
|cant|p1a: Gothitelle|slp
|
|-heal|p1a: Gothitelle|31\/301 slp|[from] item: Leftovers
|turn|22
|
|move|p2a: Latias|Psyshock|p1a: Gothitelle
|-resisted|p1a: Gothitelle
|-damage|p1a: Gothitelle|0 fnt
|-damage|p2a: Latias|184\/320|[from] item: Life Orb
|faint|p1a: Gothitelle
|
|
|switch|p1a: Chansey|Chansey, F|370\/704
|turn|23
|
|move|p2a: Latias|Recover|p2a: Latias
|-heal|p2a: Latias|320\/320
|move|p1a: Chansey|Toxic|p2a: Latias|[miss]
|-miss|p1a: Chansey|p2a: Latias
|
|turn|24
|
|move|p2a: Latias|Defog|p1a: Chansey
|-unboost|p1a: Chansey|evasion|1
|-sideend|p2: HPrior|Stealth Rock|[from] move: Defog|[of] p2a: Latias
|move|p1a: Chansey|Soft-Boiled|p1a: Chansey
|-heal|p1a: Chansey|704\/704
|
|turn|25
|
|switch|p2a: Heatran|Heatran, F|386\/386
|move|p1a: Chansey|Seismic Toss|p2a: Heatran
|-damage|p2a: Heatran|286\/386
|
|turn|26
|
|switch|p1a: Skarmory|Skarmory, F|32\/334
|move|p2a: Heatran|Lava Plume|p1a: Skarmory
|-supereffective|p1a: Skarmory
|-damage|p1a: Skarmory|0 fnt
|faint|p1a: Skarmory
|
|
|switch|p1a: Lopunny|Lopunny-Mega, M|272\/272
|turn|27
|
|move|p1a: Lopunny|Fake Out|p2a: Heatran
|-resisted|p2a: Heatran
|-damage|p2a: Heatran|252\/386
|cant|p2a: Heatran|flinch
|
|turn|28
|
|move|p1a: Lopunny|High Jump Kick|p2a: Heatran|[miss]
|-miss|p1a: Lopunny|p2a: Heatran
|-damage|p1a: Lopunny|136\/272|[from] highjumpkick
|move|p2a: Heatran|Lava Plume|p1a: Lopunny
|-damage|p1a: Lopunny|19\/272
|
|turn|29
|
|move|p1a: Lopunny|High Jump Kick|p2a: Heatran|[miss]
|-miss|p1a: Lopunny|p2a: Heatran
|-damage|p1a: Lopunny|0 fnt|[from] highjumpkick
|faint|p1a: Lopunny
|move|p2a: Heatran|Lava Plume|p1: Lopunny|[notarget]
|-notarget
|
|
|switch|p1a: Amoonguss|Amoonguss, F|251\/432 brn
|turn|30
|c|âHPrior|this battle was bullshit
|c|âHPrior|im sorry bro
|
|switch|p1a: Chansey|Chansey, F|704\/704
|move|p2a: Heatran|Lava Plume|p1a: Chansey
|-damage|p1a: Chansey|628\/704
|
|turn|31
|
|move|p2a: Heatran|Lava Plume|p1a: Chansey
|-crit|p1a: Chansey
|-damage|p1a: Chansey|505\/704
|move|p1a: Chansey|Toxic|p2a: Heatran|[miss]
|-miss|p1a: Chansey|p2a: Heatran
|
|turn|32
|c|âFriytrr|Oh it's okay :) it happens
|
|move|p2a: Heatran|Lava Plume|p1a: Chansey
|-damage|p1a: Chansey|430\/704
|move|p1a: Chansey|Seismic Toss|p2a: Heatran
|-damage|p2a: Heatran|152\/386
|
|turn|33
|c|âFriytrr|Thanks for at least offering some nice words... so many people just insult you haha
|c|âFriytrr|gg, well played
|-message|Friytrr forfeited.
|
|win|HPrior
|raw|Ladder updating...
|raw|Friytrr's rating: 1599 &rarr; <strong>1574<\/strong><br \/>(-25 for losing)
|raw|HPrior's rating: 1508 &rarr; <strong>1533<\/strong><br \/>(+25 for winning)