|join|Martholemul
|join|HPrior
|player|p1|Martholemul|290
|player|p2|HPrior|37
|gametype|singles
|gen|6
|tier|OU
|rated
|clearpoke
|poke|p1|Heracross, M
|poke|p1|Thundurus, M
|poke|p1|Scizor, M
|poke|p1|Latias, F
|poke|p1|Mamoswine, F
|poke|p1|Azumarill, F
|poke|p2|Lopunny, F
|poke|p2|Rotom-Wash
|poke|p2|Landorus-Therian, M
|poke|p2|Scizor, M
|poke|p2|Heatran, M
|poke|p2|Latios, M
|rule|Swagger Clause: Swagger is banned
|rule|Baton Pass Clause: Limit one PokÃ©mon knowing Baton Pass
|rule|Sleep Clause Mod: Limit one foe put to sleep
|rule|Species Clause: Limit one of each PokÃ©mon
|rule|OHKO Clause: OHKO moves are banned
|rule|Moody Clause: Moody is banned
|rule|Evasion Moves Clause: Evasion moves are banned
|rule|Endless Battle Clause: Forcing endless battles is banned
|rule|HP Percentage Mod: HP is shown in percentages
|teampreview
|c|âMartholemul|gl
|c|âHPrior|u2 :]
|
|start
|switch|p1a: Thundurus|Thundurus, M|300\/300
|switch|p2a: Rotom-Wash|Rotom-Wash|303\/303
|turn|1
|
|switch|p2a: Heatran|Heatran, M|385\/385
|move|p1a: Thundurus|Hidden Power|p2a: Heatran
|-resisted|p2a: Heatran
|-damage|p2a: Heatran|369\/385
|-damage|p1a: Thundurus|270\/300|[from] item: Life Orb
|
|-heal|p2a: Heatran|385\/385|[from] item: Leftovers
|turn|2
|
|move|p1a: Thundurus|Thunder Wave|p2a: Heatran
|-status|p2a: Heatran|par
|move|p2a: Heatran|Toxic|p1a: Thundurus
|-status|p1a: Thundurus|tox
|
|-damage|p1a: Thundurus|252\/300 tox|[from] psn
|turn|3
|
|switch|p2a: Latios|Latios, M|301\/301
|move|p1a: Thundurus|Thunderbolt|p2a: Latios
|-resisted|p2a: Latios
|-damage|p2a: Latios|202\/301
|-damage|p1a: Thundurus|222\/300 tox|[from] item: Life Orb
|
|-damage|p1a: Thundurus|186\/300 tox|[from] psn
|turn|4
|
|switch|p2a: Heatran|Heatran, M|385\/385 par
|move|p1a: Thundurus|Volt Switch|p2a: Heatran
|-damage|p2a: Heatran|267\/385 par
|-damage|p1a: Thundurus|156\/300 tox|[from] item: Life Orb
|
|switch|p1a: Heracross|Heracross, M|301\/301
|
|-heal|p2a: Heatran|291\/385 par|[from] item: Leftovers
|turn|5
|
|switch|p2a: Landorus-Therian|Landorus-Therian, M|381\/381
|-ability|p2a: Landorus-Therian|Intimidate|[of] p1a: Heracross
|-unboost|p1a: Heracross|atk|1
|detailschange|p1a: Heracross|Heracross-Mega, M
|message|Heracross has Mega Evolved into Mega Heracross!
|move|p1a: Heracross|Substitute|p1a: Heracross
|-start|p1a: Heracross|Substitute
|-damage|p1a: Heracross|226\/301
|
|turn|6
|
|move|p1a: Heracross|Rock Blast|p2a: Landorus-Therian
|-damage|p2a: Landorus-Therian|358\/381
|-damage|p2a: Landorus-Therian|336\/381
|-damage|p2a: Landorus-Therian|313\/381
|-damage|p2a: Landorus-Therian|293\/381
|-damage|p2a: Landorus-Therian|272\/381
|-hitcount|p2a: Landorus-Therian|5
|move|p2a: Landorus-Therian|Stealth Rock|p1a: Heracross
|-sidestart|p1: Martholemul|move: Stealth Rock
|
|-heal|p2a: Landorus-Therian|295\/381|[from] item: Leftovers
|turn|7
|
|move|p1a: Heracross|Rock Blast|p2a: Landorus-Therian
|-damage|p2a: Landorus-Therian|275\/381
|-damage|p2a: Landorus-Therian|254\/381
|-damage|p2a: Landorus-Therian|232\/381
|-damage|p2a: Landorus-Therian|212\/381
|-damage|p2a: Landorus-Therian|192\/381
|-hitcount|p2a: Landorus-Therian|5
|move|p2a: Landorus-Therian|Stone Edge|p1a: Heracross
|-end|p1a: Heracross|Substitute
|
|-heal|p2a: Landorus-Therian|215\/381|[from] item: Leftovers
|turn|8
|
|switch|p1a: Scizor|Scizor, M|343\/343
|-damage|p1a: Scizor|301\/343|[from] Stealth Rock
|move|p2a: Landorus-Therian|Stone Edge|p1a: Scizor
|-crit|p1a: Scizor
|-damage|p1a: Scizor|126\/343
|
|-heal|p2a: Landorus-Therian|238\/381|[from] item: Leftovers
|turn|9
|
|move|p2a: Landorus-Therian|U-turn|p1a: Scizor
|-crit|p1a: Scizor
|-resisted|p1a: Scizor
|-damage|p1a: Scizor|71\/343
|
|switch|p2a: Heatran|Heatran, M|291\/385 par
|move|p1a: Scizor|U-turn|p2a: Heatran
|-resisted|p2a: Heatran
|-damage|p2a: Heatran|246\/385 par
|
|switch|p1a: Azumarill|Azumarill, F|364\/364
|-damage|p1a: Azumarill|319\/364|[from] Stealth Rock
|
|-heal|p2a: Heatran|270\/385 par|[from] item: Leftovers
|turn|10
|
|move|p1a: Azumarill|Waterfall|p2a: Heatran
|-supereffective|p2a: Heatran
|-damage|p2a: Heatran|0 fnt
|faint|p2a: Heatran
|
|
|switch|p2a: Rotom-Wash|Rotom-Wash|303\/303
|turn|11
|
|switch|p1a: Latias|Latias, F|319\/319
|-damage|p1a: Latias|280\/319|[from] Stealth Rock
|move|p2a: Rotom-Wash|Volt Switch|p1a: Latias
|-resisted|p1a: Latias
|-damage|p1a: Latias|248\/319
|
|switch|p2a: Lopunny|Lopunny, F|271\/271
|
|turn|12
|
|detailschange|p2a: Lopunny|Lopunny-Mega, F
|message|Lopunny has Mega Evolved into Mega Lopunny!
|move|p2a: Lopunny|Fake Out|p1a: Latias
|-damage|p1a: Latias|169\/319
|cant|p1a: Latias|flinch
|
|turn|13
|join|Ladder Squad
|
|move|p2a: Lopunny|Return|p1a: Latias
|-damage|p1a: Latias|0 fnt
|faint|p1a: Latias
|
|
|switch|p1a: Thundurus|Thundurus, M|156\/300 tox
|-damage|p1a: Thundurus|81\/300 tox|[from] Stealth Rock
|turn|14
|
|switch|p2a: Rotom-Wash|Rotom-Wash|303\/303
|move|p1a: Thundurus|Volt Switch|p2a: Rotom-Wash
|-damage|p2a: Rotom-Wash|151\/303
|-damage|p1a: Thundurus|51\/300 tox|[from] item: Life Orb
|
|switch|p1a: Heracross|Heracross-Mega, M|226\/301
|-damage|p1a: Heracross|189\/301|[from] Stealth Rock
|
|-heal|p2a: Rotom-Wash|169\/303|[from] item: Leftovers
|turn|15
|
|move|p1a: Heracross|Substitute|p1a: Heracross
|-start|p1a: Heracross|Substitute
|-damage|p1a: Heracross|114\/301
|move|p2a: Rotom-Wash|Volt Switch|p1a: Heracross
|-crit|p1a: Heracross
|-end|p1a: Heracross|Substitute
|
|switch|p2a: Lopunny|Lopunny-Mega, F|271\/271
|
|turn|16
|c|âHPrior|that woulda broke the sub
|
|move|p2a: Lopunny|Return|p1a: Heracross
|-damage|p1a: Heracross|0 fnt
|faint|p1a: Heracross
|
|
|switch|p1a: Scizor|Scizor, M|71\/343
|-damage|p1a: Scizor|29\/343|[from] Stealth Rock
|turn|17
|
|switch|p2a: Rotom-Wash|Rotom-Wash|169\/303
|move|p1a: Scizor|Bullet Punch|p2a: Rotom-Wash
|-resisted|p2a: Rotom-Wash
|-damage|p2a: Rotom-Wash|136\/303
|
|-heal|p2a: Rotom-Wash|154\/303|[from] item: Leftovers
|turn|18
|
|move|p1a: Scizor|Bullet Punch|p2a: Rotom-Wash
|-resisted|p2a: Rotom-Wash
|-damage|p2a: Rotom-Wash|123\/303
|move|p2a: Rotom-Wash|Volt Switch|p1a: Scizor
|-damage|p1a: Scizor|0 fnt
|faint|p1a: Scizor
|
|switch|p2a: Latios|Latios, M|202\/301
|
|
|switch|p1a: Azumarill|Azumarill, F|319\/364
|-damage|p1a: Azumarill|274\/364|[from] Stealth Rock
|turn|19
|
|move|p2a: Latios|Psyshock|p1a: Azumarill
|-damage|p1a: Azumarill|48\/364
|-damage|p2a: Latios|172\/301|[from] item: Life Orb
|-enditem|p1a: Azumarill|Sitrus Berry|[eat]
|-heal|p1a: Azumarill|139\/364|[from] item: Sitrus Berry
|move|p1a: Azumarill|Belly Drum|p1a: Azumarill
|-fail|p1a: Azumarill
|
|turn|20
|
|move|p1a: Azumarill|Aqua Jet|p2a: Latios
|-resisted|p2a: Latios
|-damage|p2a: Latios|116\/301
|move|p2a: Latios|Psyshock|p1a: Azumarill
|-damage|p1a: Azumarill|0 fnt
|-damage|p2a: Latios|86\/301|[from] item: Life Orb
|faint|p1a: Azumarill
|
|c|âHPrior|gg
|
|switch|p1a: Thundurus|Thundurus, M|51\/300 tox
|-damage|p1a: Thundurus|0 fnt|[from] Stealth Rock
|faint|p1a: Thundurus
|c|âMartholemul|gg
|
|switch|p1a: Mamoswine|Mamoswine, F|361\/361
|-damage|p1a: Mamoswine|316\/361|[from] Stealth Rock
|turn|21
|
|move|p1a: Mamoswine|Ice Shard|p2a: Latios
|-supereffective|p2a: Latios
|-damage|p2a: Latios|0 fnt
|faint|p2a: Latios
|
|
|switch|p2a: Scizor|Scizor, M|343\/343
|turn|22
|
|move|p2a: Scizor|Bullet Punch|p1a: Mamoswine
|-supereffective|p1a: Mamoswine
|-damage|p1a: Mamoswine|0 fnt
|faint|p1a: Mamoswine
|
|win|HPrior
|raw|Ladder updating...
|raw|Martholemul's rating: 1402 &rarr; <strong>1385<\/strong><br \/>(-17 for losing)
|raw|HPrior's rating: 1457 &rarr; <strong>1473<\/strong><br \/>(+16 for winning)
|leave|HPrior
|player|p2
|leave|Martholemul
|player|p1