|join|Its xray
|join|HPrior
|player|p1|Its xray|76
|player|p2|HPrior|37
|gametype|singles
|gen|6
|tier|OU
|rated
|clearpoke
|poke|p1|Pinsir, F
|poke|p1|Kyurem-Black
|poke|p1|Magnezone
|poke|p1|Clefable, M
|poke|p1|Tentacruel, M
|poke|p1|Landorus-Therian, M
|poke|p2|Gallade, M
|poke|p2|Manaphy
|poke|p2|Wobbuffet, F
|poke|p2|Bisharp, M
|poke|p2|Gengar, F
|poke|p2|Shuckle, M
|rule|Swagger Clause: Swagger is banned
|rule|Baton Pass Clause: Limit one PokÃ©mon knowing Baton Pass
|rule|Sleep Clause Mod: Limit one foe put to sleep
|rule|Species Clause: Limit one of each PokÃ©mon
|rule|OHKO Clause: OHKO moves are banned
|rule|Moody Clause: Moody is banned
|rule|Evasion Moves Clause: Evasion moves are banned
|rule|Endless Battle Clause: Forcing endless battles is banned
|rule|HP Percentage Mod: HP is shown in percentages
|teampreview
|
|start
|switch|p1a: Pinsir|Pinsir, F|271\/271
|switch|p2a: Shuckle|Shuckle, M|244\/244
|turn|1
|
|detailschange|p1a: Pinsir|Pinsir-Mega, F
|message|Pinsir has Mega Evolved into Mega Pinsir!
|move|p1a: Pinsir|Swords Dance|p1a: Pinsir
|-boost|p1a: Pinsir|atk|2
|move|p2a: Shuckle|Encore|p1a: Pinsir
|-start|p1a: Pinsir|Encore
|
|turn|2
|
|switch|p1a: Tentacruel|Tentacruel, M|352\/352
|switch|p2a: Bisharp|Bisharp, M|271\/271
|
|turn|3
|
|move|p2a: Bisharp|Knock Off|p1a: Tentacruel
|-damage|p1a: Tentacruel|67\/352
|-enditem|p1a: Tentacruel|Black Sludge|[from] move: Knock Off|[of] p2a: Bisharp
|-damage|p2a: Bisharp|244\/271|[from] item: Life Orb
|move|p1a: Tentacruel|Scald|p2a: Bisharp
|-damage|p2a: Bisharp|130\/271
|
|turn|4
|
|move|p2a: Bisharp|Knock Off|p1a: Tentacruel
|-crit|p1a: Tentacruel
|-damage|p1a: Tentacruel|0 fnt
|-damage|p2a: Bisharp|103\/271|[from] item: Life Orb
|faint|p1a: Tentacruel
|
|
|switch|p1a: Pinsir|Pinsir-Mega, F|271\/271
|turn|5
|
|move|p1a: Pinsir|Swords Dance|p1a: Pinsir
|-boost|p1a: Pinsir|atk|2
|move|p2a: Bisharp|Iron Head|p1a: Pinsir
|-damage|p1a: Pinsir|111\/271
|-damage|p2a: Bisharp|76\/271|[from] item: Life Orb
|
|turn|6
|
|move|p1a: Pinsir|Quick Attack|p2a: Bisharp
|-resisted|p2a: Bisharp
|-damage|p2a: Bisharp|0 fnt
|faint|p2a: Bisharp
|
|
|switch|p2a: Wobbuffet|Wobbuffet, F|534\/534
|turn|7
|
|move|p1a: Pinsir|Swords Dance|p1a: Pinsir
|-boost|p1a: Pinsir|atk|2
|move|p2a: Wobbuffet|Encore|p1a: Pinsir
|-start|p1a: Pinsir|Encore
|
|turn|8
|
|switch|p2a: Gengar|Gengar, F|261\/261
|move|p1a: Pinsir|Swords Dance|p1a: Pinsir
|-boost|p1a: Pinsir|atk|2
|
|turn|9
|
|switch|p1a: Kyurem-Black|Kyurem-Black|391\/391
|-ability|p1a: Kyurem-Black|Teravolt
|move|p2a: Gengar|Shadow Ball|p1a: Kyurem-Black
|-damage|p1a: Kyurem-Black|213\/391
|
|turn|10
|
|switch|p2a: Shuckle|Shuckle, M|244\/244
|move|p1a: Kyurem-Black|Earth Power|p2a: Shuckle
|-damage|p2a: Shuckle|180\/244
|-damage|p1a: Kyurem-Black|174\/391|[from] item: Life Orb
|
|turn|11
|
|move|p1a: Kyurem-Black|Ice Beam|p2a: Shuckle
|-damage|p2a: Shuckle|81\/244
|-damage|p1a: Kyurem-Black|135\/391|[from] item: Life Orb
|move|p2a: Shuckle|Stealth Rock|p1a: Kyurem-Black
|-sidestart|p1: Its xray|move: Stealth Rock
|
|turn|12
|
|move|p1a: Kyurem-Black|Ice Beam|p2a: Shuckle
|-crit|p2a: Shuckle
|-damage|p2a: Shuckle|0 fnt
|-damage|p1a: Kyurem-Black|96\/391|[from] item: Life Orb
|faint|p2a: Shuckle
|
|
|switch|p2a: Gengar|Gengar, F|261\/261
|turn|13
|
|move|p2a: Gengar|Shadow Ball|p1a: Kyurem-Black
|-damage|p1a: Kyurem-Black|0 fnt
|faint|p1a: Kyurem-Black
|
|
|switch|p1a: Magnezone|Magnezone|282\/282
|-damage|p1a: Magnezone|265\/282|[from] Stealth Rock
|turn|14
|
|switch|p2a: Wobbuffet|Wobbuffet, F|534\/534
|move|p1a: Magnezone|Volt Switch|p2a: Wobbuffet
|-damage|p2a: Wobbuffet|395\/534
|
|switch|p1a: Landorus-Therian|Landorus-Therian, M|379\/379
|-damage|p1a: Landorus-Therian|332\/379|[from] Stealth Rock
|-ability|p1a: Landorus-Therian|Intimidate|[of] p2a: Wobbuffet
|-unboost|p2a: Wobbuffet|atk|1
|
|-heal|p1a: Landorus-Therian|355\/379|[from] item: Leftovers
|turn|15
|
|move|p1a: Landorus-Therian|Toxic|p2a: Wobbuffet
|-status|p2a: Wobbuffet|tox
|move|p2a: Wobbuffet|Encore|p1a: Landorus-Therian
|-start|p1a: Landorus-Therian|Encore
|
|-heal|p1a: Landorus-Therian|378\/379|[from] item: Leftovers
|-damage|p2a: Wobbuffet|362\/534 tox|[from] psn
|turn|16
|
|switch|p2a: Gengar|Gengar, F|261\/261
|move|p1a: Landorus-Therian|Toxic|p2a: Gengar
|-fail|p2a: Gengar
|
|-heal|p1a: Landorus-Therian|379\/379|[from] item: Leftovers
|turn|17
|
|switch|p1a: Pinsir|Pinsir-Mega, F|111\/271
|-damage|p1a: Pinsir|0 fnt|[from] Stealth Rock
|faint|p1a: Pinsir
|move|p2a: Gengar|Shadow Ball|p1: Pinsir|[notarget]
|-notarget
|
|
|switch|p1a: Landorus-Therian|Landorus-Therian, M|379\/379
|-damage|p1a: Landorus-Therian|332\/379|[from] Stealth Rock
|-ability|p1a: Landorus-Therian|Intimidate|[of] p2a: Gengar
|-unboost|p2a: Gengar|atk|1
|turn|18
|
|switch|p2a: Wobbuffet|Wobbuffet, F|362\/534 tox
|move|p1a: Landorus-Therian|Stealth Rock|p2a: Wobbuffet
|-sidestart|p2: HPrior|move: Stealth Rock
|
|-heal|p1a: Landorus-Therian|355\/379|[from] item: Leftovers
|-damage|p2a: Wobbuffet|329\/534 tox|[from] psn
|turn|19
|
|move|p1a: Landorus-Therian|Toxic|p2a: Wobbuffet
|-fail|p2a: Wobbuffet|tox
|move|p2a: Wobbuffet|Encore|p1a: Landorus-Therian
|-start|p1a: Landorus-Therian|Encore
|
|-heal|p1a: Landorus-Therian|378\/379|[from] item: Leftovers
|-damage|p2a: Wobbuffet|263\/534 tox|[from] psn
|-enditem|p2a: Wobbuffet|Sitrus Berry|[eat]
|-heal|p2a: Wobbuffet|396\/534 tox|[from] item: Sitrus Berry
|turn|20
|
|move|p1a: Landorus-Therian|Toxic|p2a: Wobbuffet
|-fail|p2a: Wobbuffet|tox
|move|p2a: Wobbuffet|Safeguard|p2a: Wobbuffet
|-sidestart|p2: HPrior|Safeguard
|
|-heal|p1a: Landorus-Therian|379\/379|[from] item: Leftovers
|-damage|p2a: Wobbuffet|297\/534 tox|[from] psn
|turn|21
|
|switch|p2a: Manaphy|Manaphy|365\/365
|-damage|p2a: Manaphy|320\/365|[from] Stealth Rock
|move|p1a: Landorus-Therian|Toxic|p2a: Manaphy
|-fail|p2a: Manaphy
|
|-heal|p2a: Manaphy|342\/365|[from] item: Leftovers
|turn|22
|
|switch|p1a: Clefable|Clefable, M|394\/394
|move|p2a: Manaphy|Tail Glow|p2a: Manaphy
|-boost|p2a: Manaphy|spa|3
|
|-heal|p2a: Manaphy|364\/365|[from] item: Leftovers
|turn|23
|
|move|p2a: Manaphy|Rain Dance|p2a: Manaphy
|-weather|RainDance
|move|p1a: Clefable|Moonblast|p2a: Manaphy
|-damage|p2a: Manaphy|258\/365
|-unboost|p2a: Manaphy|spa|1
|
|-weather|RainDance|[upkeep]
|-heal|p2a: Manaphy|280\/365|[from] item: Leftovers
|turn|24
|
|move|p2a: Manaphy|Scald|p1a: Clefable
|-damage|p1a: Clefable|60\/394
|move|p1a: Clefable|Moonblast|p2a: Manaphy
|-damage|p2a: Manaphy|163\/365
|
|-weather|RainDance|[upkeep]
|-heal|p2a: Manaphy|185\/365|[from] item: Leftovers
|-heal|p1a: Clefable|84\/394|[from] item: Leftovers
|-sideend|p2: HPrior|Safeguard
|turn|25
|
|move|p2a: Manaphy|Scald|p1a: Clefable
|-damage|p1a: Clefable|0 fnt
|faint|p1a: Clefable
|
|-weather|RainDance|[upkeep]
|-heal|p2a: Manaphy|207\/365|[from] item: Leftovers
|
|switch|p1a: Magnezone|Magnezone|265\/282
|-damage|p1a: Magnezone|248\/282|[from] Stealth Rock
|turn|26
|
|switch|p2a: Wobbuffet|Wobbuffet, F|297\/534 tox
|-damage|p2a: Wobbuffet|231\/534 tox|[from] Stealth Rock
|move|p1a: Magnezone|Thunderbolt|p2a: Wobbuffet
|-damage|p2a: Wobbuffet|39\/534 tox
|
|-weather|RainDance|[upkeep]
|-damage|p2a: Wobbuffet|6\/534 tox|[from] psn
|turn|27
|
|move|p1a: Magnezone|Thunderbolt|p2a: Wobbuffet
|-damage|p2a: Wobbuffet|0 fnt
|faint|p2a: Wobbuffet
|
|-weather|none
|
|switch|p2a: Gallade|Gallade, M|277\/277
|-damage|p2a: Gallade|260\/277|[from] Stealth Rock
|turn|28
|
|switch|p1a: Landorus-Therian|Landorus-Therian, M|379\/379
|-damage|p1a: Landorus-Therian|332\/379|[from] Stealth Rock
|-ability|p1a: Landorus-Therian|Intimidate|[of] p2a: Gallade
|-unboost|p2a: Gallade|atk|1
|switch|p2a: Manaphy|Manaphy|207\/365
|-damage|p2a: Manaphy|162\/365|[from] Stealth Rock
|
|-heal|p2a: Manaphy|184\/365|[from] item: Leftovers
|-heal|p1a: Landorus-Therian|355\/379|[from] item: Leftovers
|turn|29
|
|switch|p1a: Magnezone|Magnezone|248\/282
|-damage|p1a: Magnezone|231\/282|[from] Stealth Rock
|move|p2a: Manaphy|Scald|p1a: Magnezone
|-damage|p1a: Magnezone|104\/282
|-status|p1a: Magnezone|brn
|
|-heal|p2a: Manaphy|206\/365|[from] item: Leftovers
|-damage|p1a: Magnezone|69\/282 brn|[from] brn
|turn|30
|c|âIts xray|Lol
|
|move|p1a: Magnezone|Volt Switch|p2a: Manaphy
|-supereffective|p2a: Manaphy
|-damage|p2a: Manaphy|0 fnt
|faint|p2a: Manaphy
|
|switch|p1a: Landorus-Therian|Landorus-Therian, M|355\/379
|-damage|p1a: Landorus-Therian|308\/379|[from] Stealth Rock
|
|-heal|p1a: Landorus-Therian|331\/379|[from] item: Leftovers
|
|switch|p2a: Gengar|Gengar, F|261\/261
|-damage|p2a: Gengar|229\/261|[from] Stealth Rock
|turn|31
|
|move|p2a: Gengar|Shadow Ball|p1a: Landorus-Therian
|-damage|p1a: Landorus-Therian|172\/379
|-unboost|p1a: Landorus-Therian|spd|1
|move|p1a: Landorus-Therian|U-turn|p2a: Gengar
|-resisted|p2a: Gengar
|-damage|p2a: Gengar|199\/261
|
|switch|p1a: Magnezone|Magnezone|69\/282 brn
|-damage|p1a: Magnezone|52\/282 brn|[from] Stealth Rock
|
|-damage|p1a: Magnezone|17\/282 brn|[from] brn
|turn|32
|
|move|p2a: Gengar|Shadow Ball|p1a: Magnezone
|-damage|p1a: Magnezone|0 fnt
|faint|p1a: Magnezone
|
|-message|Its xray forfeited.
|
|win|HPrior
|raw|Ladder updating...
|leave|Its xray
|player|p1