|join|HPrior
|join|UncleWang
|player|p1|HPrior|37
|player|p2|UncleWang|109
|gametype|singles
|gen|6
|tier|OU
|rated
|clearpoke
|poke|p1|Azelf
|poke|p1|Aerodactyl, M
|poke|p1|Landorus, M
|poke|p1|Dragonite, M
|poke|p1|Breloom, F
|poke|p1|Greninja, F
|poke|p2|Heracross, M
|poke|p2|Rotom-Wash
|poke|p2|Clefable, F
|poke|p2|Scizor, M
|poke|p2|Magnezone
|poke|p2|Greninja, M
|rule|Swagger Clause: Swagger is banned
|rule|Baton Pass Clause: Limit one PokÃ©mon knowing Baton Pass
|rule|Sleep Clause Mod: Limit one foe put to sleep
|rule|Species Clause: Limit one of each PokÃ©mon
|rule|OHKO Clause: OHKO moves are banned
|rule|Moody Clause: Moody is banned
|rule|Evasion Moves Clause: Evasion moves are banned
|rule|Endless Battle Clause: Forcing endless battles is banned
|rule|HP Percentage Mod: HP is shown in percentages
|teampreview
|
|start
|switch|p1a: Azelf|Azelf|291\/291
|switch|p2a: Heracross|Heracross, M|301\/301
|turn|1
|join|Ladder Squad
|
|detailschange|p2a: Heracross|Heracross-Mega, M
|message|Heracross has Mega Evolved into Mega Heracross!
|move|p1a: Azelf|Stealth Rock|p2a: Heracross
|-sidestart|p2: UncleWang|move: Stealth Rock
|move|p2a: Heracross|Substitute|p2a: Heracross
|-start|p2a: Heracross|Substitute
|-damage|p2a: Heracross|226\/301
|
|turn|2
|
|move|p1a: Azelf|Explosion|p2a: Heracross
|-crit|p2a: Heracross
|-end|p2a: Heracross|Substitute
|faint|p1a: Azelf
|move|p2a: Heracross|Substitute|p2a: Heracross
|-start|p2a: Heracross|Substitute
|-damage|p2a: Heracross|151\/301
|
|join|Begalltach
|
|switch|p1a: Landorus|Landorus, M|319\/319
|turn|3
|
|move|p1a: Landorus|Psychic|p2a: Heracross
|-supereffective|p2a: Heracross
|-end|p2a: Heracross|Substitute
|move|p2a: Heracross|Rock Blast|p1a: Landorus
|-damage|p1a: Landorus|275\/319
|-damage|p1a: Landorus|233\/319
|-damage|p1a: Landorus|192\/319
|-damage|p1a: Landorus|149\/319
|-damage|p1a: Landorus|107\/319
|-hitcount|p1a: Landorus|5
|
|turn|4
|
|switch|p2a: Rotom-Wash|Rotom-Wash|304\/304
|-damage|p2a: Rotom-Wash|266\/304|[from] Stealth Rock
|move|p1a: Landorus|Earth Power|p2a: Rotom-Wash
|-immune|p2a: Rotom-Wash|[msg]
|
|-heal|p2a: Rotom-Wash|285\/304|[from] item: Leftovers
|turn|5
|
|move|p1a: Landorus|Psychic|p2a: Rotom-Wash
|-damage|p2a: Rotom-Wash|164\/304
|move|p2a: Rotom-Wash|Will-O-Wisp|p1a: Landorus|[miss]
|-miss|p2a: Rotom-Wash|p1a: Landorus
|
|-heal|p2a: Rotom-Wash|183\/304|[from] item: Leftovers
|turn|6
|c| Begalltach|4 on ur team are weak to ice
|c| Begalltach|lel
|c| Begalltach|look at that!
|c| Begalltach|HP u need to take out greninja for keldo and take out breeloom for someone else to make ur team viable
|c|âHPrior|it's called HO, look it up fren
|
|switch|p2a: Scizor|Scizor, M|343\/343
|-damage|p2a: Scizor|301\/343|[from] Stealth Rock
|move|p1a: Landorus|Knock Off|p2a: Scizor
|-damage|p2a: Scizor|179\/343
|-enditem|p2a: Scizor|Choice Band|[from] move: Knock Off|[of] p1a: Landorus
|-damage|p1a: Landorus|76\/319|[from] item: Life Orb
|
|turn|7
|c| Begalltach|HO?
|
|move|p2a: Scizor|Bullet Punch|p1a: Landorus
|-crit|p1a: Landorus
|-damage|p1a: Landorus|0 fnt
|faint|p1a: Landorus
|
|c|âHPrior|sigh
|c|âHPrior|hyper offense
|c| Begalltach|oh
|c| Begalltach|well
|c| Begalltach|still has a huge weakness
|c| Begalltach|...
|
|switch|p1a: Greninja|Greninja, F|285\/285
|turn|8
|c| Begalltach|what does that have to do with ur team being very weak to like 3 diffrent types?
|c| Begalltach|1 good water\/ice will wreck ur shit so bad
|
|switch|p2a: Rotom-Wash|Rotom-Wash|183\/304
|-damage|p2a: Rotom-Wash|145\/304|[from] Stealth Rock
|move|p1a: Greninja|Hidden Power|p2a: Rotom-Wash
|-start|p1a: Greninja|typechange|Fire|[from] Protean
|-resisted|p2a: Rotom-Wash
|-damage|p2a: Rotom-Wash|101\/304
|-damage|p1a: Greninja|257\/285|[from] item: Life Orb
|
|-heal|p2a: Rotom-Wash|120\/304|[from] item: Leftovers
|turn|9
|c| Begalltach|literally
|c| Begalltach|a keldo
|c| Begalltach|would rape ur whole team
|c| Begalltach|including greninja....
|leave|Begalltach
|
|move|p1a: Greninja|Hydro Pump|p2a: Rotom-Wash
|-start|p1a: Greninja|typechange|Water|[from] Protean
|-crit|p2a: Rotom-Wash
|-resisted|p2a: Rotom-Wash
|-damage|p2a: Rotom-Wash|0 fnt
|-damage|p1a: Greninja|229\/285|[from] item: Life Orb
|faint|p2a: Rotom-Wash
|
|c| Ladder Squad|you dont have keldeo soo...
|
|switch|p2a: Magnezone|Magnezone|282\/282
|-damage|p2a: Magnezone|265\/282|[from] Stealth Rock
|turn|10
|c|âUncleWang|Now what do I do?
|c|âHPrior|he doesn't know what hyper offense is
|
|switch|p2a: Greninja|Greninja, M|285\/285
|-damage|p2a: Greninja|250\/285|[from] Stealth Rock
|move|p1a: Greninja|Hidden Power|p2a: Greninja
|-start|p1a: Greninja|typechange|Fire|[from] Protean
|-crit|p2a: Greninja
|-resisted|p2a: Greninja
|-damage|p2a: Greninja|137\/285
|-damage|p1a: Greninja|201\/285|[from] item: Life Orb
|
|turn|11
|c|âHPrior|and i have an aerodactyl
|c| Ladder Squad|idk but his team better than mine
|
|move|p2a: Greninja|Hydro Pump|p1a: Greninja
|-start|p2a: Greninja|typechange|Water|[from] Protean
|-supereffective|p1a: Greninja
|-damage|p1a: Greninja|0 fnt
|-damage|p2a: Greninja|109\/285|[from] item: Life Orb
|faint|p1a: Greninja
|
|c|âUncleWang|Oh thank god
|
|switch|p1a: Breloom|Breloom, F|261\/261
|turn|12
|c|âHPrior|it wasn't a speed tie.....
|c|âUncleWang|Oh yeah
|c|âUncleWang|hp fire
|c|âUncleWang|im stupid
|
|switch|p2a: Clefable|Clefable, F|394\/394
|-damage|p2a: Clefable|345\/394|[from] Stealth Rock
|move|p1a: Breloom|Mach Punch|p2a: Clefable
|-resisted|p2a: Clefable
|-damage|p2a: Clefable|300\/394
|
|-heal|p2a: Clefable|324\/394|[from] item: Leftovers
|turn|13
|
|move|p1a: Breloom|Spore|p2a: Clefable
|-status|p2a: Clefable|slp
|cant|p2a: Clefable|slp
|
|-heal|p2a: Clefable|348\/394 slp|[from] item: Leftovers
|turn|14
|
|move|p1a: Breloom|Bullet Seed|p2a: Clefable
|-crit|p2a: Clefable
|-damage|p2a: Clefable|252\/394 slp
|-damage|p2a: Clefable|197\/394 slp
|-damage|p2a: Clefable|143\/394 slp
|-damage|p2a: Clefable|80\/394 slp
|-hitcount|p2a: Clefable|4
|cant|p2a: Clefable|slp
|
|-heal|p2a: Clefable|104\/394 slp|[from] item: Leftovers
|turn|15
|
|-curestatus|p2a: Clefable|slp
|move|p2a: Clefable|Protect|p2a: Clefable
|-singleturn|p2a: Clefable|Protect
|move|p1a: Breloom|Bullet Seed|p2a: Clefable
|-activate|p2a: Clefable|Protect
|
|-heal|p2a: Clefable|128\/394|[from] item: Leftovers
|turn|16
|
|move|p1a: Breloom|Bullet Seed|p2a: Clefable
|-crit|p2a: Clefable
|-damage|p2a: Clefable|44\/394
|-damage|p2a: Clefable|0 fnt
|-hitcount|p2a: Clefable|2
|faint|p2a: Clefable
|
|
|switch|p2a: Heracross|Heracross-Mega, M|151\/301
|-damage|p2a: Heracross|114\/301|[from] Stealth Rock
|turn|17
|
|move|p2a: Heracross|Substitute|p2a: Heracross
|-start|p2a: Heracross|Substitute
|-damage|p2a: Heracross|39\/301
|move|p1a: Breloom|Rock Tomb|p2a: Heracross
|-end|p2a: Heracross|Substitute
|
|turn|18
|
|move|p2a: Heracross|Pin Missile|p1a: Breloom
|-damage|p1a: Breloom|191\/261
|-damage|p1a: Breloom|115\/261
|-damage|p1a: Breloom|49\/261
|-damage|p1a: Breloom|0 fnt
|-hitcount|p1a: Breloom|4
|faint|p1a: Breloom
|
|
|switch|p1a: Aerodactyl|Aerodactyl, M|301\/301
|turn|19
|
|detailschange|p1a: Aerodactyl|Aerodactyl-Mega, M
|message|Aerodactyl has Mega Evolved into Mega Aerodactyl!
|move|p1a: Aerodactyl|Aerial Ace|p2a: Heracross
|-supereffective|p2a: Heracross
|-damage|p2a: Heracross|0 fnt
|faint|p2a: Heracross
|
|
|switch|p2a: Scizor|Scizor, M|179\/343
|-damage|p2a: Scizor|137\/343|[from] Stealth Rock
|turn|20
|
|switch|p1a: Dragonite|Dragonite, M|323\/323
|move|p2a: Scizor|Bullet Punch|p1a: Dragonite
|-damage|p1a: Dragonite|263\/323
|
|turn|21
|c|âUncleWang|I haven't seen one of those in a long time
|
|switch|p2a: Magnezone|Magnezone|265\/282
|-damage|p2a: Magnezone|248\/282|[from] Stealth Rock
|move|p1a: Dragonite|Earthquake|p2a: Magnezone
|-supereffective|p2a: Magnezone
|-damage|p2a: Magnezone|0 fnt
|faint|p2a: Magnezone
|
|c|âHPrior|no one uses it
|
|switch|p2a: Greninja|Greninja, M|109\/285
|-damage|p2a: Greninja|74\/285|[from] Stealth Rock
|turn|22
|
|move|p1a: Dragonite|Extreme Speed|p2a: Greninja
|-damage|p2a: Greninja|0 fnt
|faint|p2a: Greninja
|
|
|switch|p2a: Scizor|Scizor, M|137\/343
|-damage|p2a: Scizor|95\/343|[from] Stealth Rock
|turn|23
|
|move|p2a: Scizor|Bullet Punch|p1a: Dragonite
|-damage|p1a: Dragonite|130\/323
|move|p1a: Dragonite|Earthquake|p2a: Scizor
|-damage|p2a: Scizor|0 fnt
|faint|p2a: Scizor
|
|win|HPrior
|raw|Ladder updating...
|raw|HPrior's rating: 1409 &rarr; <strong>1427<\/strong><br \/>(+18 for winning)
|raw|UncleWang's rating: 1374 &rarr; <strong>1356<\/strong><br \/>(-18 for losing)
|c|âHPrior|gg
|c|âUncleWang|gg
|leave|HPrior
|player|p1