|join|SH1T TITTIES
|join|HPrior
|player|p1|SH1T TITTIES|18
|player|p2|HPrior|4
|gametype|singles
|gen|6
|tier|OU
|rated
|clearpoke
|poke|p1|Gallade, M
|poke|p1|Kyurem-Black
|poke|p1|Empoleon, M
|poke|p1|Landorus-Therian, M
|poke|p1|Azumarill, M
|poke|p1|Rotom-Heat
|poke|p2|Altaria, M
|poke|p2|Keldeo-Resolute
|poke|p2|Landorus-Therian, M
|poke|p2|Jirachi
|poke|p2|Raikou
|poke|p2|Shiftry, M
|rule|Swagger Clause: Swagger is banned
|rule|Baton Pass Clause: Limit one PokÃ©mon knowing Baton Pass
|rule|Sleep Clause Mod: Limit one foe put to sleep
|rule|Species Clause: Limit one of each PokÃ©mon
|rule|OHKO Clause: OHKO moves are banned
|rule|Moody Clause: Moody is banned
|rule|Evasion Moves Clause: Evasion moves are banned
|rule|Endless Battle Clause: Forcing endless battles is banned
|rule|HP Percentage Mod: HP is shown in percentages
|teampreview
|c|âSH1T TITTIES|glhf
|c|âHPrior|u2
|
|start
|switch|p1a: Azumarill|Azumarill, M|383\/383
|switch|p2a: Jirachi|Jirachi|341\/341
|turn|1
|
|move|p2a: Jirachi|Iron Head|p1a: Azumarill
|-damage|p1a: Azumarill|230\/383
|cant|p1a: Azumarill|flinch
|
|turn|2
|
|switch|p2a: Landorus-Therian|Landorus-Therian, M|382\/382
|-ability|p2a: Landorus-Therian|Intimidate|[of] p1a: Azumarill
|-unboost|p1a: Azumarill|atk|1
|switch|p1a: Rotom-Heat|Rotom-Heat|303\/303
|
|turn|3
|
|move|p2a: Landorus-Therian|U-turn|p1a: Rotom-Heat
|-resisted|p1a: Rotom-Heat
|-damage|p1a: Rotom-Heat|276\/303
|
|switch|p2a: Keldeo-Resolute|Keldeo-Resolute|324\/324
|move|p1a: Rotom-Heat|Will-O-Wisp|p2a: Keldeo-Resolute
|-status|p2a: Keldeo-Resolute|brn
|
|-heal|p1a: Rotom-Heat|294\/303|[from] item: Leftovers
|-damage|p2a: Keldeo-Resolute|284\/324 brn|[from] brn
|turn|4
|
|move|p2a: Keldeo-Resolute|Scald|p1a: Rotom-Heat
|-supereffective|p1a: Rotom-Heat
|-damage|p1a: Rotom-Heat|0 fnt
|faint|p1a: Rotom-Heat
|
|-damage|p2a: Keldeo-Resolute|244\/324 brn|[from] brn
|
|switch|p1a: Azumarill|Azumarill, M|230\/383
|turn|5
|
|switch|p2a: Jirachi|Jirachi|341\/341
|move|p1a: Azumarill|Knock Off|p2a: Jirachi
|-supereffective|p2a: Jirachi
|-damage|p2a: Jirachi|0 fnt
|-enditem|p2a: Jirachi|Choice Scarf|[from] move: Knock Off|[of] p1a: Azumarill
|faint|p2a: Jirachi
|
|
|switch|p2a: Raikou|Raikou|321\/321
|-ability|p2a: Raikou|Pressure
|turn|6
|
|switch|p1a: Empoleon|Empoleon, M|371\/371
|move|p2a: Raikou|Hidden Power|p1a: Empoleon
|-resisted|p1a: Empoleon
|-damage|p1a: Empoleon|359\/371
|
|-heal|p1a: Empoleon|371\/371|[from] item: Leftovers
|turn|7
|
|switch|p2a: Keldeo-Resolute|Keldeo-Resolute|244\/324 brn
|switch|p1a: Azumarill|Azumarill, M|230\/383
|
|-damage|p2a: Keldeo-Resolute|204\/324 brn|[from] brn
|turn|8
|
|move|p2a: Keldeo-Resolute|Scald|p1a: Azumarill
|-resisted|p1a: Azumarill
|-damage|p1a: Azumarill|109\/383
|-status|p1a: Azumarill|brn
|move|p1a: Azumarill|Play Rough|p2a: Keldeo-Resolute
|-supereffective|p2a: Keldeo-Resolute
|-damage|p2a: Keldeo-Resolute|0 fnt
|faint|p2a: Keldeo-Resolute
|
|-damage|p1a: Azumarill|62\/383 brn|[from] brn
|
|switch|p2a: Landorus-Therian|Landorus-Therian, M|382\/382
|-ability|p2a: Landorus-Therian|Intimidate|[of] p1a: Azumarill
|-unboost|p1a: Azumarill|atk|1
|turn|9
|
|move|p2a: Landorus-Therian|Stealth Rock|p1a: Azumarill
|-sidestart|p1: SH1T TITTIES|move: Stealth Rock
|move|p1a: Azumarill|Play Rough|p2a: Landorus-Therian
|-damage|p2a: Landorus-Therian|306\/382
|-damage|p1a: Azumarill|0 fnt|[from] item: Rocky Helmet|[of] p2a: Landorus-Therian
|faint|p1a: Azumarill
|
|
|switch|p1a: Kyurem-Black|Kyurem-Black|391\/391
|-damage|p1a: Kyurem-Black|294\/391|[from] Stealth Rock
|-ability|p1a: Kyurem-Black|Teravolt
|turn|10
|
|switch|p2a: Raikou|Raikou|321\/321
|-ability|p2a: Raikou|Pressure
|move|p1a: Kyurem-Black|Ice Beam|p2a: Raikou
|-damage|p2a: Raikou|212\/321
|-damage|p1a: Kyurem-Black|255\/391|[from] item: Life Orb
|
|turn|11
|
|switch|p1a: Landorus-Therian|Landorus-Therian, M|319\/319
|-damage|p1a: Landorus-Therian|280\/319|[from] Stealth Rock
|-ability|p1a: Landorus-Therian|Intimidate|[of] p2a: Raikou
|-unboost|p2a: Raikou|atk|1
|move|p2a: Raikou|Extrasensory|p1a: Landorus-Therian
|-damage|p1a: Landorus-Therian|174\/319
|
|turn|12
|
|switch|p2a: Landorus-Therian|Landorus-Therian, M|306\/382
|-ability|p2a: Landorus-Therian|Intimidate|[of] p1a: Landorus-Therian
|-unboost|p1a: Landorus-Therian|atk|1
|move|p1a: Landorus-Therian|U-turn|p2a: Landorus-Therian
|-resisted|p2a: Landorus-Therian
|-damage|p2a: Landorus-Therian|282\/382
|-damage|p1a: Landorus-Therian|121\/319|[from] item: Rocky Helmet|[of] p2a: Landorus-Therian
|
|switch|p1a: Kyurem-Black|Kyurem-Black|255\/391
|-damage|p1a: Kyurem-Black|158\/391|[from] Stealth Rock
|-ability|p1a: Kyurem-Black|Teravolt
|
|turn|13
|
|switch|p2a: Raikou|Raikou|212\/321
|-ability|p2a: Raikou|Pressure
|move|p1a: Kyurem-Black|Outrage|p2a: Raikou
|-damage|p2a: Raikou|0 fnt
|-damage|p1a: Kyurem-Black|119\/391|[from] item: Life Orb
|faint|p2a: Raikou
|
|
|switch|p2a: Altaria|Altaria, M|307\/307
|turn|14
|
|detailschange|p2a: Altaria|Altaria-Mega, M
|message|Altaria has Mega Evolved into Mega Altaria!
|move|p1a: Kyurem-Black|Outrage|p2a: Altaria
|-immune|p2a: Altaria|[msg]
|move|p2a: Altaria|Dragon Dance|p2a: Altaria
|-boost|p2a: Altaria|atk|1
|-boost|p2a: Altaria|spe|1
|
|turn|15
|
|switch|p1a: Empoleon|Empoleon, M|371\/371
|-damage|p1a: Empoleon|348\/371|[from] Stealth Rock
|move|p2a: Altaria|Dragon Dance|p2a: Altaria
|-boost|p2a: Altaria|atk|1
|-boost|p2a: Altaria|spe|1
|
|-heal|p1a: Empoleon|371\/371|[from] item: Leftovers
|turn|16
|
|move|p2a: Altaria|Earthquake|p1a: Empoleon
|-supereffective|p1a: Empoleon
|-damage|p1a: Empoleon|0 fnt
|faint|p1a: Empoleon
|
|c|âSH1T TITTIES|gg
|-message|SH1T TITTIES forfeited.
|
|win|HPrior
|raw|Ladder updating...
|c|âHPrior|gg
|raw|SH1T TITTIES's rating: 1484 &rarr; <strong>1462<\/strong><br \/>(-22 for losing)
|raw|HPrior's rating: 1441 &rarr; <strong>1463<\/strong><br \/>(+22 for winning)
|leave|SH1T TITTIES
|player|p1