|join|ssjjynx
|join|team siren
|player|p1|ssjjynx|169
|player|p2|team siren|102
|gametype|singles
|gen|6
|tier|OU (suspect test)
|rated
|clearpoke
|poke|p1|Charizard, F
|poke|p1|Kyurem-Black
|poke|p1|Skarmory, M
|poke|p1|Garchomp, M
|poke|p1|Excadrill, F
|poke|p1|Heatran, M
|poke|p2|Slowbro, F, shiny
|poke|p2|Thundurus-Therian, M, shiny
|poke|p2|Diggersby, M, shiny
|poke|p2|Chansey, F, shiny
|poke|p2|Keldeo-Resolute, shiny
|poke|p2|Skarmory, F, shiny
|rule|Swagger Clause: Swagger is banned
|rule|Baton Pass Clause: Limit one PokÃ©mon knowing Baton Pass
|rule|Sleep Clause Mod: Limit one foe put to sleep
|rule|Species Clause: Limit one of each PokÃ©mon
|rule|OHKO Clause: OHKO moves are banned
|rule|Moody Clause: Moody is banned
|rule|Evasion Moves Clause: Evasion moves are banned
|rule|Endless Battle Clause: Forcing endless battles is banned
|rule|HP Percentage Mod: HP is shown in percentages
|teampreview
|
|start
|switch|p1a: Garchomp|Garchomp, M|357\/357
|switch|p2a: Meet Your Maker|Keldeo-Resolute, shiny|324\/324
|turn|1
|join|quebomhyoga
|
|move|p2a: Meet Your Maker|Hidden Power|p1a: Garchomp
|-supereffective|p1a: Garchomp
|-enditem|p1a: Garchomp|Focus Sash
|-damage|p1a: Garchomp|1\/357
|move|p1a: Garchomp|Stealth Rock|p2a: Meet Your Maker
|-sidestart|p2: team siren|move: Stealth Rock
|
|turn|2
|c| quebomhyoga|le sasherino
|
|switch|p2a: Metal Chicken|Skarmory, F, shiny|334\/334
|-damage|p2a: Metal Chicken|293\/334|[from] Stealth Rock
|switch|p1a: Kyurem-Black|Kyurem-Black|391\/391
|-ability|p1a: Kyurem-Black|Teravolt
|
|-heal|p2a: Metal Chicken|313\/334|[from] item: Leftovers
|turn|3
|c|âteam siren|ne
|
|move|p1a: Kyurem-Black|Fusion Bolt|p2a: Metal Chicken
|-supereffective|p2a: Metal Chicken
|-damage|p2a: Metal Chicken|153\/334
|move|p2a: Metal Chicken|Defog|p1a: Kyurem-Black
|-unboost|p1a: Kyurem-Black|evasion|1
|-sideend|p2: team siren|Stealth Rock|[from] move: Defog|[of] p2a: Metal Chicken
|
|-heal|p2a: Metal Chicken|173\/334|[from] item: Leftovers
|turn|4
|
|move|p1a: Kyurem-Black|Fusion Bolt|p2a: Metal Chicken
|-supereffective|p2a: Metal Chicken
|-damage|p2a: Metal Chicken|5\/334
|move|p2a: Metal Chicken|Roost|p2a: Metal Chicken
|-heal|p2a: Metal Chicken|172\/334
|
|-heal|p2a: Metal Chicken|192\/334|[from] item: Leftovers
|turn|5
|
|move|p1a: Kyurem-Black|Fusion Bolt|p2a: Metal Chicken
|-supereffective|p2a: Metal Chicken
|-damage|p2a: Metal Chicken|26\/334
|move|p2a: Metal Chicken|Roost|p2a: Metal Chicken
|-heal|p2a: Metal Chicken|193\/334
|
|-heal|p2a: Metal Chicken|213\/334|[from] item: Leftovers
|turn|6
|
|move|p1a: Kyurem-Black|Fusion Bolt|p2a: Metal Chicken
|-supereffective|p2a: Metal Chicken
|-damage|p2a: Metal Chicken|51\/334
|move|p2a: Metal Chicken|Roost|p2a: Metal Chicken
|-heal|p2a: Metal Chicken|218\/334
|
|-heal|p2a: Metal Chicken|238\/334|[from] item: Leftovers
|turn|7
|
|move|p1a: Kyurem-Black|Fusion Bolt|p2a: Metal Chicken
|-crit|p2a: Metal Chicken
|-supereffective|p2a: Metal Chicken
|-damage|p2a: Metal Chicken|0 fnt
|faint|p2a: Metal Chicken
|
|c| quebomhyoga|+1 eu termino
|c|âteam siren|ok
|
|switch|p2a: Hyoga|Slowbro, F, shiny|394\/394
|turn|8
|
|detailschange|p2a: Hyoga|Slowbro-Mega, F, shiny
|-mega|p2a: Hyoga|Slowbro|Slowbronite
|move|p1a: Kyurem-Black|Fusion Bolt|p2a: Hyoga
|-supereffective|p2a: Hyoga
|-damage|p2a: Hyoga|258\/394
|move|p2a: Hyoga|Toxic|p1a: Kyurem-Black
|-status|p1a: Kyurem-Black|tox
|
|-damage|p1a: Kyurem-Black|367\/391 tox|[from] psn
|turn|9
|c| quebomhyoga|lol
|c| quebomhyoga|esse mon
|c| quebomhyoga|tanka pra krl
|c|âteam siren|right
|
|move|p1a: Kyurem-Black|Fusion Bolt|p2a: Hyoga
|-supereffective|p2a: Hyoga
|-damage|p2a: Hyoga|128\/394
|move|p2a: Hyoga|Slack Off|p2a: Hyoga
|-heal|p2a: Hyoga|325\/394
|
|-damage|p1a: Kyurem-Black|319\/391 tox|[from] psn
|turn|10
|
|switch|p1a: Charizard|Charizard, F|323\/323
|move|p2a: Hyoga|Scald|p1a: Charizard
|-supereffective|p1a: Charizard
|-damage|p1a: Charizard|65\/323
|
|turn|11
|
|switch|p2a: Hyoga's Mom|Chansey, F, shiny|642\/642
|detailschange|p1a: Charizard|Charizard-Mega-X, F
|-mega|p1a: Charizard|Charizard|Charizardite X
|move|p1a: Charizard|Roost|p1a: Charizard
|-heal|p1a: Charizard|227\/323
|
|turn|12
|
|switch|p1a: Skarmory|Skarmory, M|333\/333
|move|p2a: Hyoga's Mom|Thunder Wave|p1a: Skarmory
|-status|p1a: Skarmory|par
|
|turn|13
|
|switch|p2a: Hyoga|Slowbro-Mega, F, shiny|325\/394
|move|p1a: Skarmory|Taunt|p2a: Hyoga
|-start|p2a: Hyoga|move: Taunt
|
|turn|14
|
|switch|p1a: Charizard|Charizard-Mega-X, F|227\/323
|move|p2a: Hyoga|Flamethrower|p1a: Charizard
|-resisted|p1a: Charizard
|-damage|p1a: Charizard|202\/323
|
|turn|15
|
|move|p1a: Charizard|Dragon Claw|p2a: Hyoga
|-damage|p2a: Hyoga|234\/394
|move|p2a: Hyoga|Scald|p1a: Charizard
|-damage|p1a: Charizard|58\/323
|
|turn|16
|
|move|p1a: Charizard|Roost|p1a: Charizard
|-heal|p1a: Charizard|220\/323
|move|p2a: Hyoga|Scald|p1a: Charizard
|-damage|p1a: Charizard|88\/323
|
|-end|p2a: Hyoga|move: Taunt
|turn|17
|
|move|p1a: Charizard|Roost|p1a: Charizard
|-heal|p1a: Charizard|250\/323
|move|p2a: Hyoga|Scald|p1a: Charizard
|-damage|p1a: Charizard|126\/323
|
|turn|18
|
|move|p1a: Charizard|Roost|p1a: Charizard
|-heal|p1a: Charizard|288\/323
|move|p2a: Hyoga|Toxic|p1a: Charizard
|-status|p1a: Charizard|tox
|
|-damage|p1a: Charizard|268\/323 tox|[from] psn
|turn|19
|
|move|p1a: Charizard|Dragon Dance|p1a: Charizard
|-boost|p1a: Charizard|atk|1
|-boost|p1a: Charizard|spe|1
|move|p2a: Hyoga|Slack Off|p2a: Hyoga
|-heal|p2a: Hyoga|394\/394
|
|-damage|p1a: Charizard|228\/323 tox|[from] psn
|turn|20
|
|move|p1a: Charizard|Dragon Claw|p2a: Hyoga
|-damage|p2a: Hyoga|271\/394
|move|p2a: Hyoga|Scald|p1a: Charizard
|-damage|p1a: Charizard|87\/323 tox
|
|-damage|p1a: Charizard|27\/323 tox|[from] psn
|turn|21
|
|move|p1a: Charizard|Dragon Claw|p2a: Hyoga
|-damage|p2a: Hyoga|141\/394
|move|p2a: Hyoga|Slack Off|p2a: Hyoga
|-heal|p2a: Hyoga|338\/394
|
|-damage|p1a: Charizard|0 fnt|[from] psn
|faint|p1a: Charizard
|
|switch|p1a: Heatran|Heatran, M|337\/337
|-item|p1a: Heatran|Air Balloon
|turn|22
|
|move|p1a: Heatran|Will-O-Wisp|p2a: Hyoga
|-status|p2a: Hyoga|brn
|move|p2a: Hyoga|Scald|p1a: Heatran
|-supereffective|p1a: Heatran
|-damage|p1a: Heatran|101\/337
|-enditem|p1a: Heatran|Air Balloon
|
|-damage|p2a: Hyoga|289\/394 brn|[from] brn
|turn|23
|
|move|p1a: Heatran|Earth Power|p2a: Hyoga
|-damage|p2a: Hyoga|175\/394 brn
|move|p2a: Hyoga|Slack Off|p2a: Hyoga
|-heal|p2a: Hyoga|372\/394 brn
|
|-damage|p2a: Hyoga|323\/394 brn|[from] brn
|turn|24
|
|move|p1a: Heatran|Earth Power|p2a: Hyoga
|-damage|p2a: Hyoga|197\/394 brn
|move|p2a: Hyoga|Scald|p1a: Heatran
|-crit|p1a: Heatran
|-supereffective|p1a: Heatran
|-damage|p1a: Heatran|0 fnt
|faint|p1a: Heatran
|
|-damage|p2a: Hyoga|148\/394 brn|[from] brn
|
|switch|p1a: Excadrill|Excadrill, F|361\/361
|-ability|p1a: Excadrill|Mold Breaker
|turn|25
|
|move|p1a: Excadrill|Earthquake|p2a: Hyoga
|-damage|p2a: Hyoga|39\/394 brn
|-damage|p1a: Excadrill|325\/361|[from] item: Life Orb
|move|p2a: Hyoga|Slack Off|p2a: Hyoga
|-heal|p2a: Hyoga|236\/394 brn
|
|-damage|p2a: Hyoga|187\/394 brn|[from] brn
|turn|26
|-message|ssjjynx forfeited.
|leave|ssjjynx
|
|win|team siren
|raw|Ladder updating...
|player|p1
|raw|ssjjynx's rating: 1384 &rarr; <strong>1367<\/strong><br \/>(-17 for losing)
|raw|team siren's rating: 1445 &rarr; <strong>1461<\/strong><br \/>(+16 for winning)