|join|ArchPhantom
|join|In Your Window
|player|p1|ArchPhantom|274
|player|p2|In Your Window|102
|gametype|singles
|gen|6
|tier|ORAS OU
|rated
|rule|Sleep Clause Mod: Limit one foe put to sleep
|rule|Species Clause: Limit one of each PokÃ©mon
|rule|OHKO Clause: OHKO moves are banned
|rule|Moody Clause: Moody is banned
|rule|Evasion Moves Clause: Evasion moves are banned
|rule|Endless Battle Clause: Forcing endless battles is banned
|rule|HP Percentage Mod: HP is shown in percentages
|clearpoke
|poke|p1|Sylveon, F
|poke|p1|Salamence, M
|poke|p1|Slowbro, F
|poke|p1|Landorus-Therian, M
|poke|p1|Latias, F
|poke|p1|Bisharp, M
|poke|p2|Sableye, M
|poke|p2|Landorus-Therian, M
|poke|p2|Ferrothorn, M
|poke|p2|Latios, M
|poke|p2|Azumarill, M
|poke|p2|Magnezone
|rule|Swagger Clause: Swagger is banned
|rule|Baton Pass Clause: Limit one PokÃ©mon knowing Baton Pass
|teampreview
|
|start
|switch|p1a: Salamence|Salamence, M|331\/331
|switch|p2a: Ferrothorn|Ferrothorn, M|351\/351
|-ability|p1a: Salamence|Intimidate|[of] p2a: Ferrothorn
|-unboost|p2a: Ferrothorn|atk|1
|turn|1
|
|detailschange|p1a: Salamence|Salamence-Mega, M
|message|Salamence has Mega Evolved into Mega Salamence!
|move|p1a: Salamence|Fire Blast|p2a: Ferrothorn
|-supereffective|p2a: Ferrothorn
|-damage|p2a: Ferrothorn|0 fnt
|faint|p2a: Ferrothorn
|
|
|switch|p2a: Azumarill|Azumarill, M|403\/403
|turn|2
|
|move|p1a: Salamence|Hyper Voice|p2a: Azumarill
|-damage|p2a: Azumarill|160\/403
|move|p2a: Azumarill|Play Rough|p1a: Salamence
|-supereffective|p1a: Salamence
|-damage|p1a: Salamence|0 fnt
|faint|p1a: Salamence
|
|
|switch|p1a: Sylveon|Sylveon, F|354\/354
|turn|3
|
|move|p1a: Sylveon|Hyper Voice|p2a: Azumarill
|-damage|p2a: Azumarill|0 fnt
|faint|p2a: Azumarill
|
|
|switch|p2a: Magnezone|Magnezone|321\/321
|turn|4
|
|switch|p1a: Slowbro|Slowbro, F|393\/393
|move|p2a: Magnezone|Volt Switch|p1a: Slowbro
|-supereffective|p1a: Slowbro
|-damage|p1a: Slowbro|0 fnt
|faint|p1a: Slowbro
|
|switch|p2a: Sableye|Sableye, M|303\/303
|
|
|switch|p1a: Sylveon|Sylveon, F|354\/354
|turn|5
|
|switch|p2a: Magnezone|Magnezone|321\/321
|move|p1a: Sylveon|Hidden Power|p2a: Magnezone
|-supereffective|p2a: Magnezone
|-damage|p2a: Magnezone|0 fnt
|faint|p2a: Magnezone
|
|c|âArchPhantom|gg
|
|switch|p2a: Landorus-Therian|Landorus-Therian, M|323\/323
|-ability|p2a: Landorus-Therian|Intimidate|[of] p1a: Sylveon
|-unboost|p1a: Sylveon|atk|1
|turn|6
|
|switch|p1a: Landorus-Therian|Landorus-Therian, M|381\/381
|-ability|p1a: Landorus-Therian|Intimidate|[of] p2a: Landorus-Therian
|-unboost|p2a: Landorus-Therian|atk|1
|move|p2a: Landorus-Therian|U-turn|p1a: Landorus-Therian
|-resisted|p1a: Landorus-Therian
|-damage|p1a: Landorus-Therian|357\/381
|
|switch|p2a: Sableye|Sableye, M|303\/303
|
|-heal|p1a: Landorus-Therian|380\/381|[from] item: Leftovers
|turn|7
|
|switch|p2a: Landorus-Therian|Landorus-Therian, M|323\/323
|-ability|p2a: Landorus-Therian|Intimidate|[of] p1a: Landorus-Therian
|-unboost|p1a: Landorus-Therian|atk|1
|move|p1a: Landorus-Therian|U-turn|p2a: Landorus-Therian
|-resisted|p2a: Landorus-Therian
|-damage|p2a: Landorus-Therian|294\/323
|
|switch|p1a: Latias|Latias, F|301\/301
|
|turn|8
|
|move|p2a: Landorus-Therian|U-turn|p1a: Latias
|-supereffective|p1a: Latias
|-damage|p1a: Latias|101\/301
|
|switch|p2a: Sableye|Sableye, M|303\/303
|move|p1a: Latias|Draco Meteor|p2a: Sableye
|-damage|p2a: Sableye|1\/303
|-unboost|p1a: Latias|spa|2
|-damage|p1a: Latias|71\/301|[from] item: Life Orb
|
|turn|9
|
|switch|p1a: Sylveon|Sylveon, F|354\/354
|detailschange|p2a: Sableye|Sableye-Mega, M
|message|Sableye has Mega Evolved into Mega Sableye!
|move|p2a: Sableye|Recover|p2a: Sableye
|-heal|p2a: Sableye|153\/303
|
|turn|10
|
|move|p1a: Sylveon|Hyper Voice|p2a: Sableye
|-supereffective|p2a: Sableye
|-damage|p2a: Sableye|0 fnt
|faint|p2a: Sableye
|
|
|switch|p2a: Landorus-Therian|Landorus-Therian, M|294\/323
|-ability|p2a: Landorus-Therian|Intimidate|[of] p1a: Sylveon
|-unboost|p1a: Sylveon|atk|1
|turn|11
|
|switch|p1a: Latias|Latias, F|71\/301
|move|p2a: Landorus-Therian|Earthquake|p1a: Latias
|-immune|p1a: Latias|[msg]
|
|turn|12
|-message|In Your Window forfeited.
|
|win|ArchPhantom
|raw|Ladder updating...
|leave|In Your Window
|player|p2
|raw|ArchPhantom's rating: 1485 &rarr; <strong>1506<\/strong><br \/>(+21 for winning)
|raw|In Your Window's rating: 1511 &rarr; <strong>1489<\/strong><br \/>(-22 for losing)