|join|In Your Window
|join|TheKingKarp
|player|p1|In Your Window|102
|player|p2|TheKingKarp|146
|gametype|singles
|gen|6
|tier|ORAS OU
|rated
|rule|Sleep Clause Mod: Limit one foe put to sleep
|rule|Species Clause: Limit one of each PokÃ©mon
|rule|OHKO Clause: OHKO moves are banned
|rule|Moody Clause: Moody is banned
|rule|Evasion Moves Clause: Evasion moves are banned
|rule|Endless Battle Clause: Forcing endless battles is banned
|rule|HP Percentage Mod: HP is shown in percentages
|clearpoke
|poke|p1|Sableye, M
|poke|p1|Landorus-Therian, M
|poke|p1|Ferrothorn, M
|poke|p1|Latios, M
|poke|p1|Azumarill, M
|poke|p1|Magnezone
|poke|p2|Altaria, M
|poke|p2|Talonflame, M
|poke|p2|Conkeldurr, F
|poke|p2|Excadrill, F
|poke|p2|Rotom-Wash
|poke|p2|Clefable, M
|rule|Swagger Clause: Swagger is banned
|rule|Baton Pass Clause: Limit one PokÃ©mon knowing Baton Pass
|teampreview
|
|start
|switch|p1a: Sableye|Sableye, M|304\/304
|switch|p2a: Washington|Rotom-Wash|303\/303
|turn|1
|c|âTheKingKarp|i checked my window
|
|detailschange|p1a: Sableye|Sableye-Mega, M
|message|Sableye has Mega Evolved into Mega Sableye!
|move|p1a: Sableye|Calm Mind|p1a: Sableye
|-boost|p1a: Sableye|spa|1
|-boost|p1a: Sableye|spd|1
|move|p2a: Washington|Volt Switch|p1a: Sableye
|-damage|p1a: Sableye|264\/304
|
|switch|p2a: god|Clefable, M|394\/394
|
|turn|2
|
|switch|p1a: Magnezone|Magnezone|321\/321
|move|p2a: god|Moonblast|p1a: Magnezone
|-resisted|p1a: Magnezone
|-damage|p1a: Magnezone|265\/321
|
|turn|3
|
|switch|p2a: claws 4 hans|Excadrill, F|362\/362
|-ability|p2a: claws 4 hans|Mold Breaker
|-item|p2a: claws 4 hans|Air Balloon
|move|p1a: Magnezone|Flash Cannon|p2a: claws 4 hans
|-resisted|p2a: claws 4 hans
|-damage|p2a: claws 4 hans|190\/362
|-enditem|p2a: claws 4 hans|Air Balloon
|
|turn|4
|
|switch|p1a: Landorus-Therian|Landorus-Therian, M|323\/323
|-ability|p1a: Landorus-Therian|Intimidate|[of] p2a: claws 4 hans
|-unboost|p2a: claws 4 hans|atk|1
|move|p2a: claws 4 hans|Iron Head|p1a: Landorus-Therian
|-damage|p1a: Landorus-Therian|200\/323
|
|turn|5
|
|switch|p2a: Washington|Rotom-Wash|303\/303
|move|p1a: Landorus-Therian|U-turn|p2a: Washington
|-damage|p2a: Washington|236\/303
|
|switch|p1a: Latios|Latios, M|309\/309
|
|-heal|p2a: Washington|254\/303|[from] item: Leftovers
|turn|6
|
|switch|p2a: god|Clefable, M|394\/394
|move|p1a: Latios|Psyshock|p2a: god
|-damage|p2a: god|221\/394
|-damage|p1a: Latios|279\/309|[from] item: Life Orb
|
|-heal|p2a: god|245\/394|[from] item: Leftovers
|turn|7
|
|switch|p1a: Azumarill|Azumarill, M|403\/403
|move|p2a: god|Wish|p2a: god
|
|-heal|p2a: god|269\/394|[from] item: Leftovers
|turn|8
|
|move|p2a: god|Stealth Rock|p1a: Azumarill
|-sidestart|p1: In Your Window|move: Stealth Rock
|move|p1a: Azumarill|Play Rough|p2a: god
|-damage|p2a: god|0 fnt
|faint|p2a: god
|
|
|switch|p2a: claws 4 hans|Excadrill, F|190\/362
|-ability|p2a: claws 4 hans|Mold Breaker
|turn|9
|
|switch|p1a: Ferrothorn|Ferrothorn, M|351\/351
|-damage|p1a: Ferrothorn|330\/351|[from] Stealth Rock
|move|p2a: claws 4 hans|Earthquake|p1a: Ferrothorn
|-damage|p1a: Ferrothorn|195\/351
|
|-heal|p1a: Ferrothorn|216\/351|[from] item: Leftovers
|turn|10
|
|switch|p2a: Burd|Talonflame, M|327\/327
|move|p1a: Ferrothorn|Stealth Rock|p2a: Burd
|-sidestart|p2: TheKingKarp|move: Stealth Rock
|
|-heal|p1a: Ferrothorn|237\/351|[from] item: Leftovers
|turn|11
|
|move|p2a: Burd|Flare Blitz|p1a: Ferrothorn
|-supereffective|p1a: Ferrothorn
|-damage|p1a: Ferrothorn|0 fnt
|-damage|p2a: Burd|287\/327|[from] ability: Iron Barbs|[of] p1a: Ferrothorn
|-damage|p2a: Burd|209\/327|[from] recoil|[of] p1a: Ferrothorn
|faint|p1a: Ferrothorn
|
|
|switch|p1a: Azumarill|Azumarill, M|403\/403
|-damage|p1a: Azumarill|353\/403|[from] Stealth Rock
|turn|12
|
|switch|p2a: Gutsy|Conkeldurr, F|351\/351
|-damage|p2a: Gutsy|330\/351|[from] Stealth Rock
|move|p1a: Azumarill|Aqua Jet|p2a: Gutsy
|-damage|p2a: Gutsy|195\/351
|
|turn|13
|
|switch|p1a: Sableye|Sableye-Mega, M|264\/304
|-damage|p1a: Sableye|226\/304|[from] Stealth Rock
|move|p2a: Gutsy|Knock Off|p1a: Sableye
|-damage|p1a: Sableye|158\/304
|
|turn|14
|
|switch|p2a: Fluff|Altaria, M|353\/353
|-damage|p2a: Fluff|265\/353|[from] Stealth Rock
|move|p1a: Sableye|Recover|p1a: Sableye
|-heal|p1a: Sableye|304\/304
|
|turn|15
|
|switch|p1a: Magnezone|Magnezone|265\/321
|-damage|p1a: Magnezone|245\/321|[from] Stealth Rock
|detailschange|p2a: Fluff|Altaria-Mega, M
|message|Altaria has Mega Evolved into Mega Altaria!
|move|p2a: Fluff|Substitute|p2a: Fluff
|-start|p2a: Fluff|Substitute
|-damage|p2a: Fluff|177\/353
|
|turn|16
|
|switch|p1a: Landorus-Therian|Landorus-Therian, M|200\/323
|-damage|p1a: Landorus-Therian|160\/323|[from] Stealth Rock
|-activate|p2a: Fluff|Substitute|ability: Intimidate|[of] p1a: Landorus-Therian
|move|p2a: Fluff|Roost|p2a: Fluff
|-heal|p2a: Fluff|353\/353
|
|turn|17
|
|move|p1a: Landorus-Therian|Earthquake|p2a: Fluff
|-end|p2a: Fluff|Substitute
|move|p2a: Fluff|Dragon Dance|p2a: Fluff
|-boost|p2a: Fluff|atk|1
|-boost|p2a: Fluff|spe|1
|
|turn|18
|
|move|p1a: Landorus-Therian|Earthquake|p2a: Fluff
|-damage|p2a: Fluff|206\/353
|move|p2a: Fluff|Frustration|p1a: Landorus-Therian
|-damage|p1a: Landorus-Therian|0 fnt
|faint|p1a: Landorus-Therian
|
|
|switch|p1a: Azumarill|Azumarill, M|353\/403
|-damage|p1a: Azumarill|303\/403|[from] Stealth Rock
|turn|19
|
|switch|p2a: Gutsy|Conkeldurr, F|195\/351
|-damage|p2a: Gutsy|174\/351|[from] Stealth Rock
|move|p1a: Azumarill|Play Rough|p2a: Gutsy
|-supereffective|p2a: Gutsy
|-damage|p2a: Gutsy|0 fnt
|faint|p2a: Gutsy
|
|
|switch|p2a: claws 4 hans|Excadrill, F|190\/362
|-damage|p2a: claws 4 hans|179\/362|[from] Stealth Rock
|-ability|p2a: claws 4 hans|Mold Breaker
|turn|20
|
|switch|p1a: Sableye|Sableye-Mega, M|304\/304
|-damage|p1a: Sableye|266\/304|[from] Stealth Rock
|move|p2a: claws 4 hans|Rapid Spin|p1a: Sableye
|-immune|p1a: Sableye|[msg]
|
|turn|21
|
|switch|p2a: Fluff|Altaria-Mega, M|206\/353
|-damage|p2a: Fluff|162\/353|[from] Stealth Rock
|move|p1a: Sableye|Will-O-Wisp|p2a: Fluff
|-status|p2a: Fluff|brn
|
|-damage|p2a: Fluff|118\/353 brn|[from] brn
|turn|22
|
|switch|p1a: Magnezone|Magnezone|245\/321
|-damage|p1a: Magnezone|225\/321|[from] Stealth Rock
|move|p2a: Fluff|Roost|p2a: Fluff
|-heal|p2a: Fluff|295\/353 brn
|
|-damage|p2a: Fluff|251\/353 brn|[from] brn
|turn|23
|
|switch|p1a: Latios|Latios, M|279\/309
|-damage|p1a: Latios|241\/309|[from] Stealth Rock
|move|p2a: Fluff|Frustration|p1a: Latios
|-supereffective|p1a: Latios
|-damage|p1a: Latios|23\/309
|
|-damage|p2a: Fluff|207\/353 brn|[from] brn
|turn|24
|
|move|p1a: Latios|Psyshock|p2a: Fluff
|-damage|p2a: Fluff|65\/353 brn
|-damage|p1a: Latios|0 fnt|[from] item: Life Orb
|faint|p1a: Latios
|move|p2a: Fluff|Roost|p2a: Fluff
|-heal|p2a: Fluff|242\/353 brn
|
|-damage|p2a: Fluff|198\/353 brn|[from] brn
|
|switch|p1a: Azumarill|Azumarill, M|303\/403
|-damage|p1a: Azumarill|253\/403|[from] Stealth Rock
|turn|25
|
|switch|p2a: claws 4 hans|Excadrill, F|179\/362
|-damage|p2a: claws 4 hans|168\/362|[from] Stealth Rock
|-ability|p2a: claws 4 hans|Mold Breaker
|move|p1a: Azumarill|Play Rough|p2a: claws 4 hans
|-resisted|p2a: claws 4 hans
|-damage|p2a: claws 4 hans|0 fnt
|faint|p2a: claws 4 hans
|
|
|switch|p2a: Washington|Rotom-Wash|254\/303
|-damage|p2a: Washington|217\/303|[from] Stealth Rock
|turn|26
|
|switch|p1a: Sableye|Sableye-Mega, M|266\/304
|-damage|p1a: Sableye|228\/304|[from] Stealth Rock
|move|p2a: Washington|Volt Switch|p1a: Sableye
|-damage|p1a: Sableye|171\/304
|
|switch|p2a: Burd|Talonflame, M|209\/327
|-damage|p2a: Burd|46\/327|[from] Stealth Rock
|
|turn|27
|
|move|p2a: Burd|Roost|p2a: Burd
|-heal|p2a: Burd|210\/327
|move|p1a: Sableye|Recover|p1a: Sableye
|-heal|p1a: Sableye|304\/304
|
|turn|28
|
|move|p2a: Burd|Swords Dance|p2a: Burd
|-boost|p2a: Burd|atk|2
|move|p1a: Sableye|Dark Pulse|p2a: Burd
|-damage|p2a: Burd|92\/327
|
|turn|29
|
|move|p2a: Burd|Roost|p2a: Burd
|-heal|p2a: Burd|256\/327
|move|p1a: Sableye|Dark Pulse|p2a: Burd
|-damage|p2a: Burd|153\/327
|
|turn|30
|
|move|p2a: Burd|Roost|p2a: Burd
|-heal|p2a: Burd|317\/327
|move|p1a: Sableye|Calm Mind|p1a: Sableye
|-boost|p1a: Sableye|spa|1
|-boost|p1a: Sableye|spd|1
|
|turn|31
|
|move|p2a: Burd|Brave Bird|p1a: Sableye
|-damage|p1a: Sableye|0 fnt
|-damage|p2a: Burd|217\/327|[from] recoil|[of] p1a: Sableye
|faint|p1a: Sableye
|
|-message|In Your Window forfeited.
|
|win|TheKingKarp
|raw|Ladder updating...
|leave|In Your Window
|player|p1
|raw|In Your Window's rating: 1436 &rarr; <strong>1411<\/strong><br \/>(-25 for losing)
|raw|TheKingKarp's rating: 1350 &rarr; <strong>1375<\/strong><br \/>(+25 for winning)
|c|âTheKingKarp|lets goooo
|c|âTheKingKarp|gg