|join|areee
|join|In Your Window
|player|p1|areee|170
|player|p2|In Your Window|102
|gametype|singles
|gen|6
|tier|ORAS OU
|rated
|rule|Sleep Clause Mod: Limit one foe put to sleep
|rule|Species Clause: Limit one of each PokÃ©mon
|rule|OHKO Clause: OHKO moves are banned
|rule|Moody Clause: Moody is banned
|rule|Evasion Moves Clause: Evasion moves are banned
|rule|Endless Battle Clause: Forcing endless battles is banned
|rule|HP Percentage Mod: HP is shown in percentages
|clearpoke
|poke|p1|Ferrothorn, F
|poke|p1|Gothitelle, F
|poke|p1|Sableye, M
|poke|p1|Toxicroak, F
|poke|p1|Slowbro, M
|poke|p1|Audino, M
|poke|p2|Starmie
|poke|p2|Beedrill, M
|poke|p2|Landorus-Therian, M
|poke|p2|Magnezone
|poke|p2|Weavile, M
|poke|p2|Breloom, F
|rule|Swagger Clause: Swagger is banned
|rule|Baton Pass Clause: Limit one PokÃ©mon knowing Baton Pass
|teampreview
|
|start
|switch|p1a: Sableye|Sableye, M|302\/302
|switch|p2a: Starmie|Starmie|324\/324
|turn|1
|
|detailschange|p1a: Sableye|Sableye-Mega, M
|message|Sableye has Mega Evolved into Mega Sableye!
|move|p2a: Starmie|Reflect Type|p1a: Sableye
|-start|p2a: Starmie|typechange|[from] move: Reflect Type|[of] p1a: Sableye
|move|p1a: Sableye|Shadow Ball|p2a: Starmie
|-damage|p2a: Starmie|224\/324
|
|-heal|p2a: Starmie|244\/324|[from] item: Leftovers
|turn|2
|
|switch|p1a: Audino|Audino, M|409\/409
|move|p2a: Starmie|Scald|p1a: Audino
|-damage|p1a: Audino|359\/409
|
|-heal|p2a: Starmie|264\/324|[from] item: Leftovers
|-heal|p1a: Audino|384\/409|[from] item: Leftovers
|turn|3
|
|move|p2a: Starmie|Scald|p1a: Audino
|-damage|p1a: Audino|337\/409
|move|p1a: Audino|Trick Room|p1a: Audino
|-fieldstart|move: Trick Room|[of] p1a: Audino
|
|-heal|p1a: Audino|362\/409|[from] item: Leftovers
|-heal|p2a: Starmie|284\/324|[from] item: Leftovers
|turn|4
|
|switch|p1a: Gothitelle|Gothitelle, F|301\/301
|move|p2a: Starmie|Scald|p1a: Gothitelle
|-damage|p1a: Gothitelle|243\/301
|-status|p1a: Gothitelle|brn
|
|-heal|p2a: Starmie|304\/324|[from] item: Leftovers
|-damage|p1a: Gothitelle|206\/301 brn|[from] brn
|turn|5
|
|move|p1a: Gothitelle|Trick|p2a: Starmie
|-activate|p1a: Gothitelle|move: Trick|[of] p2a: Starmie
|-item|p2a: Starmie|Choice Scarf|[from] move: Trick
|-item|p1a: Gothitelle|Leftovers|[from] move: Trick
|move|p2a: Starmie|Recover|p2a: Starmie
|-heal|p2a: Starmie|324\/324
|
|-heal|p1a: Gothitelle|224\/301 brn|[from] item: Leftovers
|-damage|p1a: Gothitelle|187\/301 brn|[from] brn
|turn|6
|
|move|p1a: Gothitelle|Rest|p1a: Gothitelle
|-status|p1a: Gothitelle|slp
|-heal|p1a: Gothitelle|301\/301 slp|[silent]
|-status|p1a: Gothitelle|slp|[from] move: Rest
|move|p2a: Starmie|Recover|p2a: Starmie
|-fail|p2a: Starmie
|
|turn|7
|
|cant|p1a: Gothitelle|slp
|move|p2a: Starmie|Recover|p2a: Starmie
|-fail|p2a: Starmie
|
|-fieldend|move: Trick Room
|turn|8
|
|move|p2a: Starmie|Recover|p2a: Starmie
|-fail|p2a: Starmie
|cant|p1a: Gothitelle|slp
|
|turn|9
|
|move|p2a: Starmie|Recover|p2a: Starmie
|-fail|p2a: Starmie
|-curestatus|p1a: Gothitelle|slp
|move|p1a: Gothitelle|Thunderbolt|p2a: Starmie
|-damage|p2a: Starmie|216\/324
|
|turn|10
|
|move|p2a: Starmie|Recover|p2a: Starmie
|-heal|p2a: Starmie|324\/324
|move|p1a: Gothitelle|Thunderbolt|p2a: Starmie
|-damage|p2a: Starmie|220\/324
|
|turn|11
|
|move|p2a: Starmie|Recover|p2a: Starmie
|-heal|p2a: Starmie|324\/324
|move|p1a: Gothitelle|Thunderbolt|p2a: Starmie
|-damage|p2a: Starmie|218\/324
|
|turn|12
|
|move|p2a: Starmie|Recover|p2a: Starmie
|-heal|p2a: Starmie|324\/324
|move|p1a: Gothitelle|Thunderbolt|p2a: Starmie
|-damage|p2a: Starmie|219\/324
|
|turn|13
|
|move|p2a: Starmie|Recover|p2a: Starmie
|-heal|p2a: Starmie|324\/324
|move|p1a: Gothitelle|Thunderbolt|p2a: Starmie
|-damage|p2a: Starmie|209\/324
|
|turn|14
|
|move|p2a: Starmie|Recover|p2a: Starmie
|-heal|p2a: Starmie|324\/324
|move|p1a: Gothitelle|Thunderbolt|p2a: Starmie
|-damage|p2a: Starmie|212\/324
|
|turn|15
|
|move|p2a: Starmie|Recover|p2a: Starmie
|-heal|p2a: Starmie|324\/324
|move|p1a: Gothitelle|Thunderbolt|p2a: Starmie
|-damage|p2a: Starmie|225\/324
|
|turn|16
|
|move|p2a: Starmie|Recover|p2a: Starmie
|-heal|p2a: Starmie|324\/324
|move|p1a: Gothitelle|Thunderbolt|p2a: Starmie
|-damage|p2a: Starmie|215\/324
|
|turn|17
|
|move|p2a: Starmie|Recover|p2a: Starmie
|-heal|p2a: Starmie|324\/324
|move|p1a: Gothitelle|Thunderbolt|p2a: Starmie
|-damage|p2a: Starmie|217\/324
|-status|p2a: Starmie|par
|
|turn|18
|
|move|p1a: Gothitelle|Thunderbolt|p2a: Starmie
|-damage|p2a: Starmie|115\/324 par
|move|p2a: Starmie|Recover|p2a: Starmie
|-heal|p2a: Starmie|277\/324 par
|
|turn|19
|
|move|p1a: Gothitelle|Thunderbolt|p2a: Starmie
|-damage|p2a: Starmie|162\/324 par
|move|p2a: Starmie|Recover|p2a: Starmie
|-heal|p2a: Starmie|324\/324 par
|
|turn|20
|
|move|p1a: Gothitelle|Thunderbolt|p2a: Starmie
|-damage|p2a: Starmie|224\/324 par
|move|p2a: Starmie|Recover|p2a: Starmie
|-heal|p2a: Starmie|324\/324 par
|
|turn|21
|
|move|p1a: Gothitelle|Thunderbolt|p2a: Starmie
|-damage|p2a: Starmie|222\/324 par
|-activate|p2a: Starmie|move: Struggle
|move|p2a: Starmie|Struggle|p1a: Gothitelle
|-damage|p1a: Gothitelle|276\/301
|-damage|p2a: Starmie|141\/324 par
|
|-heal|p1a: Gothitelle|294\/301|[from] item: Leftovers
|turn|22
|
|move|p1a: Gothitelle|Psychic|p2a: Starmie
|-immune|p2a: Starmie|[msg]
|-activate|p2a: Starmie|move: Struggle
|move|p2a: Starmie|Struggle|p1a: Gothitelle
|-crit|p1a: Gothitelle
|-damage|p1a: Gothitelle|257\/301
|-damage|p2a: Starmie|60\/324 par
|
|-heal|p1a: Gothitelle|275\/301|[from] item: Leftovers
|turn|23
|
|switch|p1a: Toxicroak|Toxicroak, F|369\/369
|-activate|p2a: Starmie|move: Struggle
|move|p2a: Starmie|Struggle|p1a: Toxicroak
|-damage|p1a: Toxicroak|334\/369
|-damage|p2a: Starmie|0 fnt
|faint|p2a: Starmie
|
|
|switch|p2a: Beedrill|Beedrill, M|271\/271
|turn|24
|
|detailschange|p2a: Beedrill|Beedrill-Mega, M
|message|Beedrill has Mega Evolved into Mega Beedrill!
|move|p2a: Beedrill|Protect|p2a: Beedrill
|-singleturn|p2a: Beedrill|Protect
|move|p1a: Toxicroak|Focus Blast|p2a: Beedrill
|-activate|p2a: Beedrill|Protect
|
|turn|25
|
|switch|p1a: Sableye|Sableye-Mega, M|302\/302
|move|p2a: Beedrill|U-turn|p1a: Sableye
|-damage|p1a: Sableye|168\/302
|
|switch|p2a: Magnezone|Magnezone|281\/281
|
|turn|26
|
|switch|p1a: Ferrothorn|Ferrothorn, F|351\/351
|move|p2a: Magnezone|Thunderbolt|p1a: Ferrothorn
|-resisted|p1a: Ferrothorn
|-damage|p1a: Ferrothorn|305\/351
|
|turn|27
|
|switch|p2a: Landorus-Therian|Landorus-Therian, M|357\/357
|-ability|p2a: Landorus-Therian|Intimidate|[of] p1a: Ferrothorn
|-unboost|p1a: Ferrothorn|atk|1
|move|p1a: Ferrothorn|Knock Off|p2a: Landorus-Therian
|-damage|p2a: Landorus-Therian|310\/357
|-enditem|p2a: Landorus-Therian|Leftovers|[from] move: Knock Off|[of] p1a: Ferrothorn
|
|turn|28
|
|switch|p1a: Sableye|Sableye-Mega, M|168\/302
|move|p2a: Landorus-Therian|U-turn|p1a: Sableye
|-damage|p1a: Sableye|120\/302
|
|switch|p2a: Breloom|Breloom, F|261\/261
|
|turn|29
|
|move|p2a: Breloom|Bullet Seed|p1a: Sableye
|-damage|p1a: Sableye|75\/302
|-damage|p1a: Sableye|35\/302
|-hitcount|p1a: Sableye|2
|move|p1a: Sableye|Recover|p1a: Sableye
|-heal|p1a: Sableye|186\/302
|
|turn|30
|
|switch|p2a: Magnezone|Magnezone|281\/281
|move|p1a: Sableye|Recover|p1a: Sableye
|-heal|p1a: Sableye|302\/302
|
|turn|31
|
|move|p2a: Magnezone|Thunderbolt|p1a: Sableye
|-damage|p1a: Sableye|164\/302
|move|p1a: Sableye|Will-O-Wisp|p2a: Magnezone
|-status|p2a: Magnezone|brn
|
|-damage|p2a: Magnezone|246\/281 brn|[from] brn
|turn|32
|
|switch|p1a: Audino|Audino, M|409\/409
|move|p2a: Magnezone|Thunderbolt|p1a: Audino
|-damage|p1a: Audino|273\/409
|
|-heal|p1a: Audino|298\/409|[from] item: Leftovers
|-damage|p2a: Magnezone|211\/281 brn|[from] brn
|turn|33
|
|switch|p2a: Landorus-Therian|Landorus-Therian, M|310\/357
|-ability|p2a: Landorus-Therian|Intimidate|[of] p1a: Audino
|-unboost|p1a: Audino|atk|1
|move|p1a: Audino|Trick Room|p1a: Audino
|-fieldstart|move: Trick Room|[of] p1a: Audino
|
|-heal|p1a: Audino|323\/409|[from] item: Leftovers
|turn|34
|
|switch|p1a: Sableye|Sableye-Mega, M|164\/302
|move|p2a: Landorus-Therian|U-turn|p1a: Sableye
|-damage|p1a: Sableye|117\/302
|
|switch|p2a: Magnezone|Magnezone|211\/281 brn
|
|-damage|p2a: Magnezone|176\/281 brn|[from] brn
|turn|35
|
|move|p1a: Sableye|Recover|p1a: Sableye
|-heal|p1a: Sableye|268\/302
|move|p2a: Magnezone|Thunderbolt|p1a: Sableye
|-crit|p1a: Sableye
|-damage|p1a: Sableye|69\/302
|-status|p1a: Sableye|par
|
|-damage|p2a: Magnezone|141\/281 brn|[from] brn
|turn|36
|
|move|p1a: Sableye|Recover|p1a: Sableye
|-heal|p1a: Sableye|220\/302 par
|move|p2a: Magnezone|Thunderbolt|p1a: Sableye
|-damage|p1a: Sableye|76\/302 par
|
|-damage|p2a: Magnezone|106\/281 brn|[from] brn
|turn|37
|
|switch|p1a: Audino|Audino, M|409\/409
|move|p2a: Magnezone|Thunderbolt|p1a: Audino
|-damage|p1a: Audino|273\/409
|
|-heal|p1a: Audino|298\/409|[from] item: Leftovers
|-damage|p2a: Magnezone|71\/281 brn|[from] brn
|-fieldend|move: Trick Room
|turn|38
|
|switch|p2a: Breloom|Breloom, F|261\/261
|move|p1a: Audino|Trick Room|p1a: Audino
|-fieldstart|move: Trick Room|[of] p1a: Audino
|
|-heal|p1a: Audino|323\/409|[from] item: Leftovers
|turn|39
|
|switch|p1a: Gothitelle|Gothitelle, F|275\/301
|switch|p2a: Magnezone|Magnezone|71\/281 brn
|
|-heal|p1a: Gothitelle|293\/301|[from] item: Leftovers
|-damage|p2a: Magnezone|36\/281 brn|[from] brn
|turn|40
|
|move|p1a: Gothitelle|Psychic|p2a: Magnezone
|-resisted|p2a: Magnezone
|-damage|p2a: Magnezone|0 fnt
|faint|p2a: Magnezone
|
|-heal|p1a: Gothitelle|301\/301|[from] item: Leftovers
|
|switch|p2a: Weavile|Weavile, M|287\/287
|-ability|p2a: Weavile|Pressure
|turn|41
|
|switch|p1a: Toxicroak|Toxicroak, F|334\/369
|move|p2a: Weavile|Knock Off|p1a: Toxicroak
|-resisted|p1a: Toxicroak
|-damage|p1a: Toxicroak|194\/369
|-enditem|p1a: Toxicroak|Choice Specs|[from] move: Knock Off|[of] p2a: Weavile
|-damage|p2a: Weavile|259\/287|[from] item: Life Orb
|
|turn|42
|
|switch|p2a: Landorus-Therian|Landorus-Therian, M|310\/357
|-ability|p2a: Landorus-Therian|Intimidate|[of] p1a: Toxicroak
|-unboost|p1a: Toxicroak|atk|1
|move|p1a: Toxicroak|Sludge Bomb|p2a: Landorus-Therian
|-resisted|p2a: Landorus-Therian
|-damage|p2a: Landorus-Therian|234\/357
|
|-fieldend|move: Trick Room
|turn|43
|
|switch|p1a: Slowbro|Slowbro, M|394\/394
|move|p2a: Landorus-Therian|Earthquake|p1a: Slowbro
|-damage|p1a: Slowbro|283\/394
|
|-heal|p1a: Slowbro|307\/394|[from] item: Leftovers
|turn|44
|
|move|p2a: Landorus-Therian|U-turn|p1a: Slowbro
|-supereffective|p1a: Slowbro
|-damage|p1a: Slowbro|207\/394
|
|switch|p2a: Weavile|Weavile, M|259\/287
|-ability|p2a: Weavile|Pressure
|move|p1a: Slowbro|Scald|p2a: Weavile
|-damage|p2a: Weavile|142\/287
|
|-heal|p1a: Slowbro|231\/394|[from] item: Leftovers
|turn|45
|
|switch|p1a: Toxicroak|Toxicroak, F|194\/369
|move|p2a: Weavile|Knock Off|p1a: Toxicroak
|-resisted|p1a: Toxicroak
|-damage|p1a: Toxicroak|86\/369
|-damage|p2a: Weavile|114\/287|[from] item: Life Orb
|
|turn|46
|
|switch|p2a: Landorus-Therian|Landorus-Therian, M|234\/357
|-ability|p2a: Landorus-Therian|Intimidate|[of] p1a: Toxicroak
|-unboost|p1a: Toxicroak|atk|1
|move|p1a: Toxicroak|Vacuum Wave|p2a: Landorus-Therian
|-resisted|p2a: Landorus-Therian
|-damage|p2a: Landorus-Therian|200\/357
|
|turn|47
|
|switch|p1a: Audino|Audino, M|409\/409
|move|p2a: Landorus-Therian|U-turn|p1a: Audino
|-damage|p1a: Audino|330\/409
|
|switch|p2a: Breloom|Breloom, F|261\/261
|
|-heal|p1a: Audino|355\/409|[from] item: Leftovers
|turn|48
|
|switch|p1a: Gothitelle|Gothitelle, F|301\/301
|move|p2a: Breloom|Spore|p1a: Gothitelle
|-status|p1a: Gothitelle|slp
|
|turn|49
|
|switch|p1a: Toxicroak|Toxicroak, F|86\/369
|move|p2a: Breloom|Bullet Seed|p1a: Toxicroak
|-resisted|p1a: Toxicroak
|-damage|p1a: Toxicroak|41\/369
|-resisted|p1a: Toxicroak
|-damage|p1a: Toxicroak|0 fnt
|-hitcount|p1a: Toxicroak|2
|faint|p1a: Toxicroak
|
|
|switch|p1a: Ferrothorn|Ferrothorn, F|305\/351
|turn|50
|
|switch|p2a: Beedrill|Beedrill-Mega, M|271\/271
|move|p1a: Ferrothorn|Gyro Ball|p2a: Beedrill
|-damage|p2a: Beedrill|0 fnt
|faint|p2a: Beedrill
|
|
|switch|p2a: Weavile|Weavile, M|114\/287
|-ability|p2a: Weavile|Pressure
|turn|51
|c|âareee|finally you do something more than u-turn spam
|
|switch|p1a: Slowbro|Slowbro, M|362\/394
|move|p2a: Weavile|Low Kick|p1a: Slowbro
|-resisted|p1a: Slowbro
|-damage|p1a: Slowbro|324\/394
|-damage|p2a: Weavile|86\/287|[from] item: Life Orb
|
|-heal|p1a: Slowbro|348\/394|[from] item: Leftovers
|turn|52
|
|move|p2a: Weavile|Knock Off|p1a: Slowbro
|-supereffective|p1a: Slowbro
|-damage|p1a: Slowbro|83\/394
|-enditem|p1a: Slowbro|Leftovers|[from] move: Knock Off|[of] p2a: Weavile
|-damage|p2a: Weavile|58\/287|[from] item: Life Orb
|move|p1a: Slowbro|Trick Room|p1a: Slowbro
|-fieldstart|move: Trick Room|[of] p1a: Slowbro
|
|turn|53
|
|switch|p1a: Audino|Audino, M|409\/409
|move|p2a: Weavile|Knock Off|p1a: Audino
|-damage|p1a: Audino|158\/409
|-enditem|p1a: Audino|Leftovers|[from] move: Knock Off|[of] p2a: Weavile
|-damage|p2a: Weavile|30\/287|[from] item: Life Orb
|
|turn|54
|
|move|p2a: Weavile|Ice Shard|p1a: Audino
|-damage|p1a: Audino|64\/409
|-damage|p2a: Weavile|2\/287|[from] item: Life Orb
|move|p1a: Audino|Healing Wish|p1a: Audino
|faint|p1a: Audino
|
|
|switch|p1a: Sableye|Sableye-Mega, M|76\/302 par
|-heal|p1a: Sableye|302\/302|[from] move: Healing Wish
|turn|55
|c|âIn Your Window|gg
|c|âareee|gg
|-message|In Your Window forfeited.
|
|win|areee
|raw|Ladder updating...
|leave|In Your Window
|player|p2
|raw|areee's rating: 1347 &rarr; <strong>1370<\/strong><br \/>(+23 for winning)
|raw|In Your Window's rating: 1408 &rarr; <strong>1385<\/strong><br \/>(-23 for losing)