|join|Storm Zone
|join|in your window
|player|p1|Storm Zone|151
|player|p2|in your window|1
|gametype|singles
|gen|6
|tier|OU
|rated
|clearpoke
|poke|p1|Gengar, M
|poke|p1|Meloetta
|poke|p1|Conkeldurr, M
|poke|p1|Gyarados, M
|poke|p1|Ferrothorn, M
|poke|p1|Landorus, M
|poke|p2|Zapdos
|poke|p2|Lickilicky, M
|poke|p2|Aggron, M
|poke|p2|Celebi
|poke|p2|Doublade, M
|poke|p2|Gyarados, F
|rule|Swagger Clause: Swagger is banned
|rule|Baton Pass Clause: Limit one PokÃ©mon knowing Baton Pass
|rule|Sleep Clause Mod: Limit one foe put to sleep
|rule|Species Clause: Limit one of each PokÃ©mon
|rule|OHKO Clause: OHKO moves are banned
|rule|Moody Clause: Moody is banned
|rule|Evasion Moves Clause: Evasion moves are banned
|rule|Endless Battle Clause: Forcing endless battles is banned
|rule|HP Percentage Mod: HP is shown in percentages
|teampreview
|
|start
|switch|p1a: Enten|Landorus, M|319\/319
|switch|p2a: Zapdos|Zapdos|383\/383
|-ability|p2a: Zapdos|Pressure
|turn|1
|
|move|p1a: Enten|Knock Off|p2a: Zapdos
|-damage|p2a: Zapdos|283\/383
|-enditem|p2a: Zapdos|Leftovers|[from] move: Knock Off|[of] p1a: Enten
|-damage|p1a: Enten|288\/319|[from] item: Life Orb
|move|p2a: Zapdos|Heat Wave|p1a: Enten
|-damage|p1a: Enten|172\/319
|
|turn|2
|
|move|p1a: Enten|Psychic|p2a: Zapdos
|-damage|p2a: Zapdos|105\/383
|move|p2a: Zapdos|Heat Wave|p1a: Enten
|-damage|p1a: Enten|43\/319
|-status|p1a: Enten|brn
|
|-damage|p1a: Enten|4\/319 brn|[from] brn
|turn|3
|
|switch|p2a: Aggron|Aggron, M|343\/343
|move|p1a: Enten|Psychic|p2a: Aggron
|-resisted|p2a: Aggron
|-damage|p2a: Aggron|259\/343
|
|-damage|p1a: Enten|0 fnt|[from] brn
|faint|p1a: Enten
|
|switch|p1a: Predator|Gyarados, M|331\/331
|-ability|p1a: Predator|Intimidate|[of] p2a: Aggron
|-unboost|p2a: Aggron|atk|1
|turn|4
|
|detailschange|p1a: Predator|Gyarados-Mega, M
|message|Gyarados has Mega Evolved into Mega Gyarados!
|-ability|p1a: Predator|Mold Breaker
|detailschange|p2a: Aggron|Aggron-Mega, M
|message|Aggron has Mega Evolved into Mega Aggron!
|move|p1a: Predator|Dragon Dance|p1a: Predator
|-boost|p1a: Predator|atk|1
|-boost|p1a: Predator|spe|1
|move|p2a: Aggron|Stealth Rock|p1a: Predator
|-sidestart|p1: Storm Zone|move: Stealth Rock
|
|turn|5
|
|move|p1a: Predator|Dragon Dance|p1a: Predator
|-boost|p1a: Predator|atk|1
|-boost|p1a: Predator|spe|1
|move|p2a: Aggron|Earthquake|p1a: Predator
|-damage|p1a: Predator|262\/331
|
|turn|6
|
|switch|p2a: Gyarados|Gyarados, F|393\/393
|-ability|p2a: Gyarados|Intimidate|[of] p1a: Predator
|-unboost|p1a: Predator|atk|1
|move|p1a: Predator|Crunch|p2a: Gyarados
|-damage|p2a: Gyarados|159\/393
|
|-heal|p2a: Gyarados|183\/393|[from] item: Leftovers
|turn|7
|
|switch|p2a: Zapdos|Zapdos|105\/383
|-ability|p2a: Zapdos|Pressure
|move|p1a: Predator|Crunch|p2a: Zapdos
|-damage|p2a: Zapdos|0 fnt
|faint|p2a: Zapdos
|
|
|switch|p2a: Gyarados|Gyarados, F|183\/393
|-ability|p2a: Gyarados|Intimidate|[of] p1a: Predator
|-unboost|p1a: Predator|atk|1
|turn|8
|
|move|p1a: Predator|Dragon Dance|p1a: Predator
|-boost|p1a: Predator|atk|1
|-boost|p1a: Predator|spe|1
|move|p2a: Gyarados|Dragon Tail|p1a: Predator
|-damage|p1a: Predator|218\/331
|drag|p1a: Phantom|Gengar, M|262\/262
|-damage|p1a: Phantom|230\/262|[from] Stealth Rock
|
|-heal|p1a: Phantom|246\/262|[from] item: Black Sludge
|-heal|p2a: Gyarados|207\/393|[from] item: Leftovers
|turn|9
|join|Murkrow Jupiter
|c|âStorm Zone|I crunched dos and look at the dmg
|
|move|p1a: Phantom|Sludge Bomb|p2a: Gyarados
|-damage|p2a: Gyarados|92\/393
|move|p2a: Gyarados|Rest|p2a: Gyarados
|-status|p2a: Gyarados|slp
|-heal|p2a: Gyarados|393\/393 slp|[silent]
|-status|p2a: Gyarados|slp|[from] move: Rest
|
|-heal|p1a: Phantom|262\/262|[from] item: Black Sludge
|turn|10
|c|âStorm Zone|phys def.. gyara too
|
|switch|p1a: Tytannial|Ferrothorn, M|352\/352
|-damage|p1a: Tytannial|330\/352|[from] Stealth Rock
|cant|p2a: Gyarados|slp
|move|p2a: Gyarados|Sleep Talk|p2a: Gyarados
|move|p2a: Gyarados|Scald|p1a: Tytannial|[from]Sleep Talk
|-resisted|p1a: Tytannial
|-damage|p1a: Tytannial|303\/352
|-status|p1a: Tytannial|brn
|
|-damage|p1a: Tytannial|259\/352 brn|[from] brn
|turn|11
|
|cant|p2a: Gyarados|slp
|move|p2a: Gyarados|Sleep Talk|p2a: Gyarados
|move|p2a: Gyarados|Dragon Tail|p1a: Tytannial|[from]Sleep Talk
|-resisted|p1a: Tytannial
|-damage|p1a: Tytannial|242\/352 brn
|-damage|p2a: Gyarados|344\/393 slp|[from] ability: Iron Barbs|[of] p1a: Tytannial
|-damage|p2a: Gyarados|279\/393 slp|[from] item: Rocky Helmet|[of] p1a: Tytannial
|drag|p1a: Predator|Gyarados-Mega, M|218\/331
|-damage|p1a: Predator|177\/331|[from] Stealth Rock
|-ability|p1a: Predator|Mold Breaker
|
|-heal|p2a: Gyarados|303\/393 slp|[from] item: Leftovers
|turn|12
|
|move|p1a: Predator|Substitute|p1a: Predator
|-start|p1a: Predator|Substitute
|-damage|p1a: Predator|95\/331
|-curestatus|p2a: Gyarados|slp
|move|p2a: Gyarados|Dragon Tail|p1a: Predator
|-activate|p1a: Predator|Substitute|[damage]
|
|-heal|p2a: Gyarados|327\/393|[from] item: Leftovers
|turn|13
|
|move|p1a: Predator|Dragon Dance|p1a: Predator
|-boost|p1a: Predator|atk|1
|-boost|p1a: Predator|spe|1
|move|p2a: Gyarados|Dragon Tail|p1a: Predator
|-crit|p1a: Predator
|-end|p1a: Predator|Substitute
|
|-heal|p2a: Gyarados|351\/393|[from] item: Leftovers
|turn|14
|
|move|p1a: Predator|Substitute|p1a: Predator
|-start|p1a: Predator|Substitute
|-damage|p1a: Predator|13\/331
|move|p2a: Gyarados|Dragon Tail|p1a: Predator
|-activate|p1a: Predator|Substitute|[damage]
|
|-heal|p2a: Gyarados|375\/393|[from] item: Leftovers
|turn|15
|
|move|p1a: Predator|Crunch|p2a: Gyarados
|-damage|p2a: Gyarados|114\/393
|-unboost|p2a: Gyarados|def|1
|move|p2a: Gyarados|Dragon Tail|p1a: Predator
|-end|p1a: Predator|Substitute
|
|-heal|p2a: Gyarados|138\/393|[from] item: Leftovers
|turn|16
|
|switch|p2a: Aggron|Aggron-Mega, M|259\/343
|move|p1a: Predator|Crunch|p2a: Aggron
|-damage|p2a: Aggron|157\/343
|
|turn|17
|
|move|p1a: Predator|Waterfall|p2a: Aggron
|-damage|p2a: Aggron|63\/343
|cant|p2a: Aggron|flinch
|
|turn|18
|
|move|p1a: Predator|Crunch|p2a: Aggron
|-damage|p2a: Aggron|0 fnt
|faint|p2a: Aggron
|
|
|switch|p2a: Doublade|Doublade, M|321\/321
|turn|19
|
|move|p1a: Predator|Crunch|p2a: Doublade
|-crit|p2a: Doublade
|-supereffective|p2a: Doublade
|-damage|p2a: Doublade|21\/321
|move|p2a: Doublade|Sacred Sword|p1a: Predator
|-supereffective|p1a: Predator
|-damage|p1a: Predator|0 fnt
|faint|p1a: Predator
|
|
|switch|p1a: Phantom|Gengar, M|262\/262
|-damage|p1a: Phantom|230\/262|[from] Stealth Rock
|turn|20
|
|switch|p2a: Lickilicky|Lickilicky, M|423\/423
|move|p1a: Phantom|Substitute|p1a: Phantom
|-start|p1a: Phantom|Substitute
|-damage|p1a: Phantom|165\/262
|
|-heal|p1a: Phantom|181\/262|[from] item: Black Sludge
|turn|21
|
|move|p1a: Phantom|Sludge Bomb|p2a: Lickilicky
|-crit|p2a: Lickilicky
|-damage|p2a: Lickilicky|243\/423
|move|p2a: Lickilicky|Knock Off|p1a: Phantom
|-supereffective|p1a: Phantom
|-end|p1a: Phantom|Substitute
|
|-heal|p1a: Phantom|197\/262|[from] item: Black Sludge
|-heal|p2a: Lickilicky|269\/423|[from] item: Leftovers
|turn|22
|
|switch|p1a: Heihachi|Conkeldurr, M|383\/383
|-damage|p1a: Heihachi|360\/383|[from] Stealth Rock
|move|p2a: Lickilicky|Wish|p2a: Lickilicky
|
|-heal|p2a: Lickilicky|295\/423|[from] item: Leftovers
|turn|23
|
|switch|p2a: Gyarados|Gyarados, F|138\/393
|-ability|p2a: Gyarados|Intimidate|[of] p1a: Heihachi
|-unboost|p1a: Heihachi|atk|1
|move|p1a: Heihachi|Knock Off|p2a: Gyarados
|-damage|p2a: Gyarados|50\/393
|-enditem|p2a: Gyarados|Leftovers|[from] move: Knock Off|[of] p1a: Heihachi
|
|-heal|p2a: Gyarados|261\/393|[from] move: Wish|[wisher] Lickilicky
|turn|24
|
|switch|p1a: Phantom|Gengar, M|197\/262
|-damage|p1a: Phantom|165\/262|[from] Stealth Rock
|move|p2a: Gyarados|Dragon Tail|p1a: Phantom
|-damage|p1a: Phantom|91\/262
|drag|p1a: Tytannial|Ferrothorn, M|242\/352 brn
|-damage|p1a: Tytannial|220\/352 brn|[from] Stealth Rock
|
|-damage|p1a: Tytannial|176\/352 brn|[from] brn
|turn|25
|
|switch|p2a: Doublade|Doublade, M|21\/321
|move|p1a: Tytannial|Stealth Rock|p2a: Doublade
|-sidestart|p2: in your window|move: Stealth Rock
|
|-damage|p1a: Tytannial|132\/352 brn|[from] brn
|turn|26
|
|move|p2a: Doublade|Rest|p2a: Doublade
|-status|p2a: Doublade|slp
|-heal|p2a: Doublade|321\/321 slp|[silent]
|-status|p2a: Doublade|slp|[from] move: Rest
|move|p1a: Tytannial|Leech Seed|p2a: Doublade
|-start|p2a: Doublade|move: Leech Seed
|
|-damage|p2a: Doublade|281\/321 slp|[from] Leech Seed|[of] p1a: Tytannial
|-heal|p1a: Tytannial|172\/352 brn|[silent]
|-damage|p1a: Tytannial|128\/352 brn|[from] brn
|turn|27
|
|switch|p2a: Lickilicky|Lickilicky, M|295\/423
|-damage|p2a: Lickilicky|243\/423|[from] Stealth Rock
|move|p1a: Tytannial|Leech Seed|p2a: Lickilicky
|-start|p2a: Lickilicky|move: Leech Seed
|
|-heal|p2a: Lickilicky|269\/423|[from] item: Leftovers
|-damage|p2a: Lickilicky|217\/423|[from] Leech Seed|[of] p1a: Tytannial
|-heal|p1a: Tytannial|180\/352 brn|[silent]
|-damage|p1a: Tytannial|136\/352 brn|[from] brn
|turn|28
|
|switch|p1a: Phantom|Gengar, M|91\/262
|-damage|p1a: Phantom|59\/262|[from] Stealth Rock
|move|p2a: Lickilicky|Wish|p2a: Lickilicky
|
|-heal|p1a: Phantom|75\/262|[from] item: Black Sludge
|-heal|p2a: Lickilicky|243\/423|[from] item: Leftovers
|-damage|p2a: Lickilicky|191\/423|[from] Leech Seed|[of] p1a: Phantom
|-heal|p1a: Phantom|127\/262|[silent]
|turn|29
|
|move|p2a: Lickilicky|Protect|p2a: Lickilicky
|-singleturn|p2a: Lickilicky|Protect
|move|p1a: Phantom|Substitute|p1a: Phantom
|-start|p1a: Phantom|Substitute
|-damage|p1a: Phantom|62\/262
|
|-heal|p2a: Lickilicky|402\/423|[from] move: Wish|[wisher] Lickilicky
|-heal|p1a: Phantom|78\/262|[from] item: Black Sludge
|-heal|p2a: Lickilicky|423\/423|[from] item: Leftovers
|-damage|p2a: Lickilicky|371\/423|[from] Leech Seed|[of] p1a: Phantom
|-heal|p1a: Phantom|130\/262|[silent]
|turn|30
|
|move|p1a: Phantom|Sludge Bomb|p2a: Lickilicky
|-damage|p2a: Lickilicky|262\/423
|move|p2a: Lickilicky|Knock Off|p1a: Phantom
|-supereffective|p1a: Phantom
|-end|p1a: Phantom|Substitute
|
|-heal|p1a: Phantom|146\/262|[from] item: Black Sludge
|-heal|p2a: Lickilicky|288\/423|[from] item: Leftovers
|-damage|p2a: Lickilicky|236\/423|[from] Leech Seed|[of] p1a: Phantom
|-heal|p1a: Phantom|198\/262|[silent]
|turn|31
|
|move|p1a: Phantom|Substitute|p1a: Phantom
|-start|p1a: Phantom|Substitute
|-damage|p1a: Phantom|133\/262
|move|p2a: Lickilicky|Knock Off|p1a: Phantom
|-supereffective|p1a: Phantom
|-end|p1a: Phantom|Substitute
|
|-heal|p1a: Phantom|149\/262|[from] item: Black Sludge
|-heal|p2a: Lickilicky|262\/423|[from] item: Leftovers
|-damage|p2a: Lickilicky|210\/423|[from] Leech Seed|[of] p1a: Phantom
|-heal|p1a: Phantom|201\/262|[silent]
|turn|32
|
|move|p1a: Phantom|Substitute|p1a: Phantom
|-start|p1a: Phantom|Substitute
|-damage|p1a: Phantom|136\/262
|move|p2a: Lickilicky|Wish|p2a: Lickilicky
|
|-heal|p1a: Phantom|152\/262|[from] item: Black Sludge
|-heal|p2a: Lickilicky|236\/423|[from] item: Leftovers
|-damage|p2a: Lickilicky|184\/423|[from] Leech Seed|[of] p1a: Phantom
|-heal|p1a: Phantom|204\/262|[silent]
|turn|33
|
|switch|p2a: Gyarados|Gyarados, F|261\/393
|-damage|p2a: Gyarados|163\/393|[from] Stealth Rock
|-activate|p1a: Phantom|Substitute|ability: Intimidate|[of] p2a: Gyarados
|move|p1a: Phantom|Sludge Bomb|p2a: Gyarados
|-damage|p2a: Gyarados|40\/393
|-status|p2a: Gyarados|psn
|
|-heal|p2a: Gyarados|251\/393 psn|[from] move: Wish|[wisher] Lickilicky
|-heal|p1a: Phantom|220\/262|[from] item: Black Sludge
|-damage|p2a: Gyarados|202\/393 psn|[from] psn
|turn|34
|
|move|p1a: Phantom|Taunt|p2a: Gyarados
|-start|p2a: Gyarados|move: Taunt
|cant|p2a: Gyarados|move: Taunt|Rest
|
|-heal|p1a: Phantom|236\/262|[from] item: Black Sludge
|-damage|p2a: Gyarados|153\/393 psn|[from] psn
|turn|35
|
|switch|p2a: Celebi|Celebi|401\/401
|-damage|p2a: Celebi|351\/401|[from] Stealth Rock
|move|p1a: Phantom|Sludge Bomb|p2a: Celebi
|-supereffective|p2a: Celebi
|-damage|p2a: Celebi|55\/401
|
|-heal|p1a: Phantom|252\/262|[from] item: Black Sludge
|-heal|p2a: Celebi|80\/401|[from] item: Leftovers
|turn|36
|-message|in your window forfeited.
|
|win|Storm Zone
|raw|Ladder updating...
|leave|in your window
|player|p2
|raw|Storm Zone's rating: 1536 &rarr; <strong>1551<\/strong><br \/>(+15 for winning)
|raw|in your window's rating: 1461 &rarr; <strong>1445<\/strong><br \/>(-16 for losing)