|join|bearghost
|join|In Your Window
|player|p1|bearghost|280
|player|p2|In Your Window|265
|gametype|singles
|gen|6
|tier|OU
|rated
|clearpoke
|poke|p1|Magnezone
|poke|p1|Pinsir, F, shiny
|poke|p1|Landorus-Therian, M
|poke|p1|Chansey, F
|poke|p1|Clefable, F
|poke|p1|Venomoth, F
|poke|p2|Scizor, M
|poke|p2|Landorus-Therian, M
|poke|p2|Latias, F
|poke|p2|Greninja, M
|poke|p2|Talonflame, M
|poke|p2|Mew
|rule|Swagger Clause: Swagger is banned
|rule|Baton Pass Clause: Limit one PokÃ©mon knowing Baton Pass
|rule|Sleep Clause Mod: Limit one foe put to sleep
|rule|Species Clause: Limit one of each PokÃ©mon
|rule|OHKO Clause: OHKO moves are banned
|rule|Moody Clause: Moody is banned
|rule|Evasion Moves Clause: Evasion moves are banned
|rule|Endless Battle Clause: Forcing endless battles is banned
|rule|HP Percentage Mod: HP is shown in percentages
|teampreview
|c|âbearghost|gl hf 
|c|âIn Your Window|u2
|
|start
|switch|p1a: 1 move|Landorus-Therian, M|382\/382
|switch|p2a: Landorus-Therian|Landorus-Therian, M|365\/365
|-ability|p2a: Landorus-Therian|Intimidate|[of] p1a: 1 move
|-unboost|p1a: 1 move|atk|1
|-ability|p1a: 1 move|Intimidate|[of] p2a: Landorus-Therian
|-unboost|p2a: Landorus-Therian|atk|1
|turn|1
|
|move|p2a: Landorus-Therian|Stealth Rock|p1a: 1 move
|-sidestart|p1: bearghost|move: Stealth Rock
|move|p1a: 1 move|Stealth Rock|p2a: Landorus-Therian
|-sidestart|p2: In Your Window|move: Stealth Rock
|
|turn|2
|
|move|p2a: Landorus-Therian|Rock Slide|p1a: 1 move
|-damage|p1a: 1 move|338\/382
|cant|p1a: 1 move|flinch
|
|-heal|p1a: 1 move|361\/382|[from] item: Leftovers
|turn|3
|
|move|p2a: Landorus-Therian|Rock Slide|p1a: 1 move
|-damage|p1a: 1 move|318\/382
|move|p1a: 1 move|U-turn|p2a: Landorus-Therian
|-resisted|p2a: Landorus-Therian
|-damage|p2a: Landorus-Therian|346\/365
|
|switch|p1a: triple aids|Clefable, F|394\/394
|
|-heal|p2a: Landorus-Therian|365\/365|[from] item: Leftovers
|turn|4
|
|move|p2a: Landorus-Therian|U-turn|p1a: triple aids
|-resisted|p1a: triple aids
|-damage|p1a: triple aids|371\/394
|
|switch|p2a: Scizor|Scizor, M|343\/343
|-damage|p2a: Scizor|301\/343|[from] Stealth Rock
|move|p1a: triple aids|Cosmic Power|p1a: triple aids
|-boost|p1a: triple aids|def|1
|-boost|p1a: triple aids|spd|1
|
|-heal|p1a: triple aids|394\/394|[from] item: Leftovers
|turn|5
|
|switch|p1a: danger zone|Magnezone|282\/282
|-damage|p1a: danger zone|265\/282|[from] Stealth Rock
|detailschange|p2a: Scizor|Scizor-Mega, M
|message|Scizor has Mega Evolved into Mega Scizor!
|move|p2a: Scizor|Bullet Punch|p1a: danger zone
|-resisted|p1a: danger zone
|-damage|p1a: danger zone|240\/282
|
|turn|6
|
|move|p1a: danger zone|Hidden Power|p2a: Scizor
|-supereffective|p2a: Scizor
|-damage|p2a: Scizor|61\/343
|move|p2a: Scizor|U-turn|p1a: danger zone
|-resisted|p1a: danger zone
|-damage|p1a: danger zone|179\/282
|
|switch|p2a: Latias|Latias, F|319\/319
|-damage|p2a: Latias|280\/319|[from] Stealth Rock
|
|turn|7
|
|switch|p1a: triple aids|Clefable, F|394\/394
|switch|p2a: Mew|Mew|404\/404
|-damage|p2a: Mew|354\/404|[from] Stealth Rock
|
|-heal|p2a: Mew|379\/404|[from] item: Leftovers
|turn|8
|
|move|p2a: Mew|Taunt|p1a: triple aids
|-start|p1a: triple aids|move: Taunt
|cant|p1a: triple aids|move: Taunt|Cosmic Power
|
|-heal|p2a: Mew|404\/404|[from] item: Leftovers
|turn|9
|
|move|p2a: Mew|Knock Off|p1a: triple aids
|-resisted|p1a: triple aids
|-damage|p1a: triple aids|359\/394
|-enditem|p1a: triple aids|Leftovers|[from] move: Knock Off|[of] p2a: Mew
|move|p1a: triple aids|Moonblast|p2a: Mew
|-damage|p2a: Mew|304\/404
|-unboost|p2a: Mew|spa|1
|
|-heal|p2a: Mew|329\/404|[from] item: Leftovers
|turn|10
|
|move|p2a: Mew|Will-O-Wisp|p1a: triple aids
|-status|p1a: triple aids|brn
|move|p1a: triple aids|Moonblast|p2a: Mew
|-damage|p2a: Mew|215\/404
|
|-heal|p2a: Mew|240\/404|[from] item: Leftovers
|-end|p1a: triple aids|move: Taunt
|turn|11
|
|move|p2a: Mew|Taunt|p1a: triple aids
|-start|p1a: triple aids|move: Taunt
|move|p1a: triple aids|Moonblast|p2a: Mew
|-damage|p2a: Mew|140\/404
|
|-heal|p2a: Mew|165\/404|[from] item: Leftovers
|turn|12
|
|move|p2a: Mew|Roost|p2a: Mew
|-heal|p2a: Mew|367\/404
|move|p1a: triple aids|Moonblast|p2a: Mew
|-damage|p2a: Mew|258\/404
|
|-heal|p2a: Mew|283\/404|[from] item: Leftovers
|turn|13
|
|switch|p2a: Landorus-Therian|Landorus-Therian, M|365\/365
|-damage|p2a: Landorus-Therian|320\/365|[from] Stealth Rock
|-ability|p2a: Landorus-Therian|Intimidate|[of] p1a: triple aids
|-unboost|p1a: triple aids|atk|1
|switch|p1a: D!ck Pinch|Pinsir, F, shiny|272\/272
|-damage|p1a: D!ck Pinch|204\/272|[from] Stealth Rock
|
|-heal|p2a: Landorus-Therian|342\/365|[from] item: Leftovers
|turn|14
|
|switch|p1a: triple aids|Clefable, F|359\/394 brn
|move|p2a: Landorus-Therian|Rock Slide|p1a: triple aids
|-damage|p1a: triple aids|291\/394 brn
|
|-heal|p2a: Landorus-Therian|364\/365|[from] item: Leftovers
|turn|15
|
|move|p2a: Landorus-Therian|Earthquake|p1a: triple aids
|-damage|p1a: triple aids|141\/394 brn
|move|p1a: triple aids|Cosmic Power|p1a: triple aids
|-boost|p1a: triple aids|def|1
|-boost|p1a: triple aids|spd|1
|
|-heal|p2a: Landorus-Therian|365\/365|[from] item: Leftovers
|turn|16
|
|move|p2a: Landorus-Therian|U-turn|p1a: triple aids
|-resisted|p1a: triple aids
|-damage|p1a: triple aids|118\/394 brn
|
|switch|p2a: Scizor|Scizor-Mega, M|61\/343
|-damage|p2a: Scizor|19\/343|[from] Stealth Rock
|move|p1a: triple aids|Soft-Boiled|p1a: triple aids
|-heal|p1a: triple aids|315\/394 brn
|
|turn|17
|
|move|p2a: Scizor|Roost|p2a: Scizor
|-heal|p2a: Scizor|191\/343
|move|p1a: triple aids|Stored Power|p2a: Scizor
|-resisted|p2a: Scizor
|-damage|p2a: Scizor|171\/343
|
|turn|18
|
|move|p2a: Scizor|Bullet Punch|p1a: triple aids
|-supereffective|p1a: triple aids
|-damage|p1a: triple aids|187\/394 brn
|move|p1a: triple aids|Cosmic Power|p1a: triple aids
|-boost|p1a: triple aids|def|1
|-boost|p1a: triple aids|spd|1
|
|turn|19
|
|move|p2a: Scizor|U-turn|p1a: triple aids
|-resisted|p1a: triple aids
|-damage|p1a: triple aids|154\/394 brn
|
|switch|p2a: Mew|Mew|283\/404
|-damage|p2a: Mew|233\/404|[from] Stealth Rock
|move|p1a: triple aids|Soft-Boiled|p1a: triple aids
|-heal|p1a: triple aids|351\/394 brn
|
|-heal|p2a: Mew|258\/404|[from] item: Leftovers
|turn|20
|
|switch|p1a: D!ck Pinch|Pinsir, F, shiny|204\/272
|-damage|p1a: D!ck Pinch|136\/272|[from] Stealth Rock
|move|p2a: Mew|Taunt|p1a: D!ck Pinch
|-start|p1a: D!ck Pinch|move: Taunt
|
|-heal|p2a: Mew|283\/404|[from] item: Leftovers
|turn|21
|
|detailschange|p1a: D!ck Pinch|Pinsir-Mega, F, shiny
|message|Pinsir has Mega Evolved into Mega Pinsir!
|move|p1a: D!ck Pinch|Return|p2a: Mew
|-damage|p2a: Mew|55\/404
|move|p2a: Mew|Will-O-Wisp|p1a: D!ck Pinch
|-status|p1a: D!ck Pinch|brn
|
|-heal|p2a: Mew|80\/404|[from] item: Leftovers
|-damage|p1a: D!ck Pinch|102\/272 brn|[from] brn
|turn|22
|
|switch|p2a: Landorus-Therian|Landorus-Therian, M|365\/365
|-damage|p2a: Landorus-Therian|320\/365|[from] Stealth Rock
|-ability|p2a: Landorus-Therian|Intimidate|[of] p1a: D!ck Pinch
|-unboost|p1a: D!ck Pinch|atk|1
|move|p1a: D!ck Pinch|Return|p2a: Landorus-Therian
|-damage|p2a: Landorus-Therian|254\/365
|
|-heal|p2a: Landorus-Therian|276\/365|[from] item: Leftovers
|-damage|p1a: D!ck Pinch|68\/272 brn|[from] brn
|turn|23
|
|switch|p1a: 1 move|Landorus-Therian, M|318\/382
|-damage|p1a: 1 move|271\/382|[from] Stealth Rock
|-ability|p1a: 1 move|Intimidate|[of] p2a: Landorus-Therian
|-unboost|p2a: Landorus-Therian|atk|1
|switch|p2a: Latias|Latias, F|280\/319
|-damage|p2a: Latias|241\/319|[from] Stealth Rock
|
|-heal|p1a: 1 move|294\/382|[from] item: Leftovers
|turn|24
|
|switch|p1a: Aids|Chansey, F|641\/641
|-damage|p1a: Aids|561\/641|[from] Stealth Rock
|move|p2a: Latias|Defog|p1a: Aids
|-unboost|p1a: Aids|evasion|1
|-sideend|p1: bearghost|Stealth Rock|[from] move: Defog|[of] p1a: Aids
|-sideend|p2: In Your Window|Stealth Rock|[from] move: Defog|[of] p2a: Latias
|
|turn|25
|
|switch|p2a: Scizor|Scizor-Mega, M|171\/343
|move|p1a: Aids|Heal Bell|p1a: Aids
|-cureteam|p1a: Aids|[from] move: HealBell
|
|turn|26
|
|switch|p1a: danger zone|Magnezone|179\/282
|move|p2a: Scizor|Knock Off|p1a: danger zone
|-damage|p1a: danger zone|68\/282
|-enditem|p1a: danger zone|Choice Scarf|[from] move: Knock Off|[of] p2a: Scizor
|
|turn|27
|
|move|p1a: danger zone|Hidden Power|p2a: Scizor
|-supereffective|p2a: Scizor
|-damage|p2a: Scizor|0 fnt
|faint|p2a: Scizor
|
|
|switch|p2a: Landorus-Therian|Landorus-Therian, M|276\/365
|-ability|p2a: Landorus-Therian|Intimidate|[of] p1a: danger zone
|-unboost|p1a: danger zone|atk|1
|turn|28
|
|switch|p1a: D!ck Pinch|Pinsir-Mega, F, shiny|68\/272
|move|p2a: Landorus-Therian|Stealth Rock|p1a: D!ck Pinch
|-sidestart|p1: bearghost|move: Stealth Rock
|
|-heal|p2a: Landorus-Therian|298\/365|[from] item: Leftovers
|turn|29
|
|move|p1a: D!ck Pinch|Return|p2a: Landorus-Therian
|-damage|p2a: Landorus-Therian|76\/365
|move|p2a: Landorus-Therian|Rock Slide|p1a: D!ck Pinch
|-supereffective|p1a: D!ck Pinch
|-damage|p1a: D!ck Pinch|0 fnt
|faint|p1a: D!ck Pinch
|
|-heal|p2a: Landorus-Therian|98\/365|[from] item: Leftovers
|
|switch|p1a: 1 move|Landorus-Therian, M|294\/382
|-damage|p1a: 1 move|247\/382|[from] Stealth Rock
|-ability|p1a: 1 move|Intimidate|[of] p2a: Landorus-Therian
|-unboost|p2a: Landorus-Therian|atk|1
|turn|30
|
|move|p2a: Landorus-Therian|U-turn|p1a: 1 move
|-resisted|p1a: 1 move
|-damage|p1a: 1 move|228\/382
|
|switch|p2a: Greninja|Greninja, M|285\/285
|move|p1a: 1 move|Stealth Rock|p2a: Greninja
|-sidestart|p2: In Your Window|move: Stealth Rock
|
|-heal|p1a: 1 move|251\/382|[from] item: Leftovers
|turn|31
|
|switch|p2a: Latias|Latias, F|241\/319
|-damage|p2a: Latias|202\/319|[from] Stealth Rock
|switch|p1a: Aids|Chansey, F|561\/641
|-damage|p1a: Aids|481\/641|[from] Stealth Rock
|
|turn|32
|
|move|p2a: Latias|Defog|p1a: Aids
|-unboost|p1a: Aids|evasion|1
|-sideend|p1: bearghost|Stealth Rock|[from] move: Defog|[of] p1a: Aids
|-sideend|p2: In Your Window|Stealth Rock|[from] move: Defog|[of] p2a: Latias
|move|p1a: Aids|Seismic Toss|p2a: Latias
|-damage|p2a: Latias|102\/319
|
|turn|33
|
|switch|p2a: Landorus-Therian|Landorus-Therian, M|98\/365
|-ability|p2a: Landorus-Therian|Intimidate|[of] p1a: Aids
|-unboost|p1a: Aids|atk|1
|move|p1a: Aids|Seismic Toss|p2a: Landorus-Therian
|-damage|p2a: Landorus-Therian|0 fnt
|faint|p2a: Landorus-Therian
|
|
|switch|p2a: Mew|Mew|80\/404
|turn|34
|
|move|p2a: Mew|Roost|p2a: Mew
|-heal|p2a: Mew|282\/404
|move|p1a: Aids|Seismic Toss|p2a: Mew
|-damage|p2a: Mew|182\/404
|
|-heal|p2a: Mew|207\/404|[from] item: Leftovers
|turn|35
|
|switch|p1a: ATV|Venomoth, F|282\/282
|move|p2a: Mew|Taunt|p1a: ATV
|-start|p1a: ATV|move: Taunt
|
|-heal|p2a: Mew|232\/404|[from] item: Leftovers
|turn|36
|
|switch|p2a: Talonflame|Talonflame, M|319\/319
|move|p1a: ATV|Bug Buzz|p2a: Talonflame
|-crit|p2a: Talonflame
|-resisted|p2a: Talonflame
|-damage|p2a: Talonflame|171\/319
|
|turn|37
|
|switch|p1a: 1 move|Landorus-Therian, M|251\/382
|-ability|p1a: 1 move|Intimidate|[of] p2a: Talonflame
|-unboost|p2a: Talonflame|atk|1
|move|p2a: Talonflame|Flare Blitz|p1a: 1 move
|-damage|p1a: 1 move|172\/382
|-damage|p2a: Talonflame|145\/319|[from] recoil|[of] p1a: 1 move
|
|-heal|p1a: 1 move|195\/382|[from] item: Leftovers
|turn|38
|
|move|p2a: Talonflame|Swords Dance|p2a: Talonflame
|-boost|p2a: Talonflame|atk|2
|move|p1a: 1 move|Stealth Rock|p2a: Talonflame
|-sidestart|p2: In Your Window|move: Stealth Rock
|
|-heal|p1a: 1 move|218\/382|[from] item: Leftovers
|turn|39
|
|move|p2a: Talonflame|Brave Bird|p1a: 1 move
|-damage|p1a: 1 move|0 fnt
|-damage|p2a: Talonflame|73\/319|[from] recoil|[of] p1a: 1 move
|faint|p1a: 1 move
|
|
|switch|p1a: Aids|Chansey, F|481\/641
|turn|40
|
|move|p2a: Talonflame|Roost|p2a: Talonflame
|-heal|p2a: Talonflame|233\/319
|move|p1a: Aids|Soft-Boiled|p1a: Aids
|-heal|p1a: Aids|641\/641
|
|turn|41
|
|move|p2a: Talonflame|Swords Dance|p2a: Talonflame
|-boost|p2a: Talonflame|atk|2
|move|p1a: Aids|Seismic Toss|p2a: Talonflame
|-damage|p2a: Talonflame|133\/319
|
|turn|42
|
|move|p2a: Talonflame|Roost|p2a: Talonflame
|-heal|p2a: Talonflame|293\/319
|move|p1a: Aids|Seismic Toss|p2a: Talonflame
|-damage|p2a: Talonflame|193\/319
|
|turn|43
|
|move|p2a: Talonflame|Brave Bird|p1a: Aids
|-damage|p1a: Aids|28\/641
|-damage|p2a: Talonflame|0 fnt|[from] recoil|[of] p1a: Aids
|faint|p2a: Talonflame
|move|p1a: Aids|Seismic Toss|p2: Talonflame|[notarget]
|-notarget
|
|
|switch|p2a: Mew|Mew|232\/404
|-damage|p2a: Mew|182\/404|[from] Stealth Rock
|turn|44
|
|move|p2a: Mew|Knock Off|p1a: Aids
|-damage|p1a: Aids|0 fnt
|-enditem|p1a: Aids|Eviolite|[from] move: Knock Off|[of] p2a: Mew
|faint|p1a: Aids
|
|-heal|p2a: Mew|207\/404|[from] item: Leftovers
|
|switch|p1a: ATV|Venomoth, F|282\/282
|turn|45
|
|move|p1a: ATV|Quiver Dance|p1a: ATV
|-boost|p1a: ATV|spa|1
|-boost|p1a: ATV|spd|1
|-boost|p1a: ATV|spe|1
|move|p2a: Mew|Taunt|p1a: ATV
|-start|p1a: ATV|move: Taunt
|
|-heal|p2a: Mew|232\/404|[from] item: Leftovers
|turn|46
|
|move|p1a: ATV|Bug Buzz|p2a: Mew
|-supereffective|p2a: Mew
|-damage|p2a: Mew|0 fnt
|faint|p2a: Mew
|
|-message|In Your Window forfeited.
|
|win|bearghost
|raw|Ladder updating...
|leave|In Your Window
|player|p2
|raw|bearghost's rating: 1485 &rarr; <strong>1508<\/strong><br \/>(+23 for winning)
|raw|In Your Window's rating: 1542 &rarr; <strong>1519<\/strong><br \/>(-23 for losing)