|join|In Your Window
|join|ChristCrusher
|player|p1|In Your Window|266
|player|p2|ChristCrusher|294
|gametype|singles
|gen|6
|tier|OU
|rated
|clearpoke
|poke|p1|Politoed, M
|poke|p1|Kingdra, M
|poke|p1|Seismitoad, F
|poke|p1|Tornadus-Therian, M
|poke|p1|Heracross, M
|poke|p1|Jirachi
|poke|p2|Ferrothorn, M
|poke|p2|Sigilyph, M, shiny
|poke|p2|Jolteon, M
|poke|p2|Gengar, M, shiny
|poke|p2|Feraligatr, M, shiny
|poke|p2|Haxorus, M, shiny
|rule|Swagger Clause: Swagger is banned
|rule|Baton Pass Clause: Limit one PokÃ©mon knowing Baton Pass
|rule|Sleep Clause Mod: Limit one foe put to sleep
|rule|Species Clause: Limit one of each PokÃ©mon
|rule|OHKO Clause: OHKO moves are banned
|rule|Moody Clause: Moody is banned
|rule|Evasion Moves Clause: Evasion moves are banned
|rule|Endless Battle Clause: Forcing endless battles is banned
|rule|HP Percentage Mod: HP is shown in percentages
|teampreview
|
|start
|switch|p1a: Tornadus-Therian|Tornadus-Therian, M|331\/331
|switch|p2a: Punky â¥ Heart|Jolteon, M|272\/272
|turn|1
|
|move|p2a: Punky â¥ Heart|Thunderbolt|p1a: Tornadus-Therian
|-supereffective|p1a: Tornadus-Therian
|-damage|p1a: Tornadus-Therian|85\/331
|move|p1a: Tornadus-Therian|Knock Off|p2a: Punky â¥ Heart
|-damage|p2a: Punky â¥ Heart|169\/272
|-enditem|p2a: Punky â¥ Heart|Zap Plate|[from] move: Knock Off|[of] p1a: Tornadus-Therian
|
|turn|2
|
|switch|p2a: LAST CROSS|Sigilyph, M, shiny|285\/285
|switch|p1a: Seismitoad|Seismitoad, F|409\/409
|
|turn|3
|c|âChristCrusher|very good
|
|move|p2a: LAST CROSS|Energy Ball|p1a: Seismitoad
|-supereffective|p1a: Seismitoad
|-damage|p1a: Seismitoad|0 fnt
|faint|p1a: Seismitoad
|
|
|switch|p1a: Tornadus-Therian|Tornadus-Therian, M|195\/331
|turn|4
|
|switch|p2a: Gekkouka|Ferrothorn, M|352\/352
|move|p1a: Tornadus-Therian|Knock Off|p2a: Gekkouka
|-damage|p2a: Gekkouka|309\/352
|-damage|p1a: Tornadus-Therian|154\/331|[from] ability: Iron Barbs|[of] p2a: Gekkouka
|-damage|p1a: Tornadus-Therian|99\/331|[from] item: Rocky Helmet|[of] p2a: Gekkouka
|-enditem|p2a: Gekkouka|Rocky Helmet|[from] move: Knock Off|[of] p1a: Tornadus-Therian
|
|turn|5
|
|switch|p1a: Heracross|Heracross, M|301\/301
|switch|p2a: Punky â¥ Heart|Jolteon, M|169\/272
|
|turn|6
|
|detailschange|p1a: Heracross|Heracross-Mega, M
|message|Heracross has Mega Evolved into Mega Heracross!
|move|p2a: Punky â¥ Heart|Volt Switch|p1a: Heracross
|-damage|p1a: Heracross|196\/301
|
|switch|p2a: Gekkouka|Ferrothorn, M|309\/352
|move|p1a: Heracross|Pin Missile|p2a: Gekkouka
|-damage|p2a: Gekkouka|276\/352
|-damage|p2a: Gekkouka|237\/352
|-damage|p2a: Gekkouka|200\/352
|-damage|p2a: Gekkouka|163\/352
|-damage|p2a: Gekkouka|127\/352
|-hitcount|p2a: Gekkouka|5
|
|turn|7
|
|move|p1a: Heracross|Pin Missile|p2a: Gekkouka
|-damage|p2a: Gekkouka|90\/352
|-damage|p2a: Gekkouka|53\/352
|-damage|p2a: Gekkouka|17\/352
|-damage|p2a: Gekkouka|0 fnt
|-hitcount|p2a: Gekkouka|4
|faint|p2a: Gekkouka
|
|
|switch|p2a: LAST CROSS|Sigilyph, M, shiny|285\/285
|turn|8
|
|switch|p1a: Jirachi|Jirachi|404\/404
|move|p2a: LAST CROSS|Psychic|p1a: Jirachi
|-resisted|p1a: Jirachi
|-damage|p1a: Jirachi|377\/404
|
|-heal|p1a: Jirachi|402\/404|[from] item: Leftovers
|turn|9
|
|switch|p2a: Punky â¥ Heart|Jolteon, M|169\/272
|move|p1a: Jirachi|Thunder|p2a: Punky â¥ Heart
|-heal|p2a: Punky â¥ Heart|237\/272|[from] ability: Volt Absorb|[of] p1a: Jirachi
|
|-heal|p1a: Jirachi|404\/404|[from] item: Leftovers
|turn|10
|
|switch|p1a: Politoed|Politoed, M|364\/364
|-weather|RainDance
|move|p2a: Punky â¥ Heart|Shadow Ball|p1a: Politoed
|-damage|p1a: Politoed|275\/364
|
|-weather|RainDance|[upkeep]
|turn|11
|
|switch|p1a: Jirachi|Jirachi|404\/404
|move|p2a: Punky â¥ Heart|Thunderbolt|p1a: Jirachi
|-damage|p1a: Jirachi|287\/404
|
|-weather|RainDance|[upkeep]
|-heal|p1a: Jirachi|312\/404|[from] item: Leftovers
|turn|12
|
|move|p2a: Punky â¥ Heart|Shadow Ball|p1a: Jirachi
|-supereffective|p1a: Jirachi
|-damage|p1a: Jirachi|188\/404
|move|p1a: Jirachi|Wish|p1a: Jirachi
|
|-weather|RainDance|[upkeep]
|-heal|p1a: Jirachi|213\/404|[from] item: Leftovers
|turn|13
|
|switch|p1a: Kingdra|Kingdra, M|298\/298
|move|p2a: Punky â¥ Heart|Thunderbolt|p1a: Kingdra
|-damage|p1a: Kingdra|150\/298
|
|-weather|RainDance|[upkeep]
|-heal|p1a: Kingdra|298\/298|[from] move: Wish|[wisher] Jirachi
|turn|14
|
|move|p1a: Kingdra|Scald|p2a: Punky â¥ Heart
|-damage|p2a: Punky â¥ Heart|0 fnt
|faint|p2a: Punky â¥ Heart
|
|-weather|RainDance|[upkeep]
|
|switch|p2a: Mr. Heaven|Haxorus, M, shiny|302\/302
|-ability|p2a: Mr. Heaven|Mold Breaker
|turn|15
|
|switch|p1a: Jirachi|Jirachi|213\/404
|move|p2a: Mr. Heaven|Outrage|p1a: Jirachi
|-resisted|p1a: Jirachi
|-damage|p1a: Jirachi|78\/404
|
|-weather|RainDance|[upkeep]
|-heal|p1a: Jirachi|103\/404|[from] item: Leftovers
|turn|16
|
|move|p1a: Jirachi|Protect|p1a: Jirachi
|-singleturn|p1a: Jirachi|Protect
|move|p2a: Mr. Heaven|Outrage|p1a: Jirachi
|-activate|p1a: Jirachi|Protect
|
|-weather|RainDance|[upkeep]
|-heal|p1a: Jirachi|128\/404|[from] item: Leftovers
|turn|17
|c|âChristCrusher|thaks
|c|âChristCrusher|thanks
|c|âChristCrusher|*
|
|move|p1a: Jirachi|Protect|p1a: Jirachi
|-singleturn|p1a: Jirachi|Protect
|move|p2a: Mr. Heaven|Dragon Dance|p2a: Mr. Heaven
|-boost|p2a: Mr. Heaven|atk|1
|-boost|p2a: Mr. Heaven|spe|1
|
|-weather|none
|-heal|p1a: Jirachi|153\/404|[from] item: Leftovers
|turn|18
|
|move|p2a: Mr. Heaven|Dragon Dance|p2a: Mr. Heaven
|-boost|p2a: Mr. Heaven|atk|1
|-boost|p2a: Mr. Heaven|spe|1
|move|p1a: Jirachi|Thunder|p2a: Mr. Heaven
|-resisted|p2a: Mr. Heaven
|-damage|p2a: Mr. Heaven|248\/302
|
|-heal|p1a: Jirachi|178\/404|[from] item: Leftovers
|turn|19
|-message|In Your Window forfeited.
|
|win|ChristCrusher
|raw|Ladder updating...
|leave|In Your Window
|player|p1
|raw|In Your Window's rating: 1488 &rarr; <strong>1471<\/strong><br \/>(-17 for losing)
|raw|ChristCrusher's rating: 1529 &rarr; <strong>1547<\/strong><br \/>(+18 for winning)