|join|PKMN Trainer JW
|join|In Your Window
|player|p1|PKMN Trainer JW|240
|player|p2|In Your Window|274
|gametype|singles
|gen|6
|tier|OU
|rated
|clearpoke
|poke|p1|Umbreon, M, shiny
|poke|p1|Gengar, M
|poke|p1|Infernape, M
|poke|p1|Garchomp, M
|poke|p1|Blastoise, M
|poke|p1|Mawile, F
|poke|p2|Manectric, M
|poke|p2|Landorus-Therian, M
|poke|p2|Azumarill, F
|poke|p2|Latios, M
|poke|p2|Bisharp, M
|poke|p2|Terrakion
|rule|Swagger Clause: Swagger is banned
|rule|Baton Pass Clause: Limit one PokÃ©mon knowing Baton Pass
|rule|Sleep Clause Mod: Limit one foe put to sleep
|rule|Species Clause: Limit one of each PokÃ©mon
|rule|OHKO Clause: OHKO moves are banned
|rule|Moody Clause: Moody is banned
|rule|Evasion Moves Clause: Evasion moves are banned
|rule|Endless Battle Clause: Forcing endless battles is banned
|rule|HP Percentage Mod: HP is reported as percentages
|teampreview
|
|start
|switch|p1a: Wallturtle|Blastoise, M|361\/361
|switch|p2a: Terrakion|Terrakion|323\/323
|turn|1
|
|switch|p2a: Manectric|Manectric, M|281\/281
|move|p1a: Wallturtle|Scald|p2a: Manectric
|-damage|p2a: Manectric|160\/281
|
|turn|2
|
|switch|p1a: Black Sabbath|Umbreon, M, shiny|393\/393
|detailschange|p2a: Manectric|Manectric-Mega, M
|message|Manectric has Mega Evolved into Mega Manectric!
|-ability|p2a: Manectric|Intimidate|[of] p1a: Black Sabbath
|-unboost|p1a: Black Sabbath|atk|1
|move|p2a: Manectric|Volt Switch|p1a: Black Sabbath
|-damage|p1a: Black Sabbath|314\/393
|
|switch|p2a: Azumarill|Azumarill, F|401\/401
|
|-heal|p1a: Black Sabbath|338\/393|[from] item: Leftovers
|turn|3
|
|switch|p1a: Wallturtle|Blastoise, M|361\/361
|move|p2a: Azumarill|Play Rough|p1a: Wallturtle
|-damage|p1a: Wallturtle|220\/361
|-damage|p2a: Azumarill|335\/401|[from] item: Rocky Helmet|[of] p1a: Wallturtle
|
|turn|4
|
|switch|p2a: Bisharp|Bisharp, M|287\/287
|move|p1a: Wallturtle|Scald|p2a: Bisharp
|-damage|p2a: Bisharp|182\/287
|
|turn|5
|
|move|p2a: Bisharp|Knock Off|p1a: Wallturtle
|-damage|p1a: Wallturtle|51\/361
|-damage|p2a: Bisharp|135\/287|[from] item: Rocky Helmet|[of] p1a: Wallturtle
|-enditem|p1a: Wallturtle|Rocky Helmet|[from] move: Knock Off|[of] p2a: Bisharp
|-damage|p2a: Bisharp|107\/287|[from] item: Life Orb
|move|p1a: Wallturtle|Scald|p2a: Bisharp
|-damage|p2a: Bisharp|0 fnt
|faint|p2a: Bisharp
|
|
|switch|p2a: Manectric|Manectric-Mega, M|160\/281
|-ability|p2a: Manectric|Intimidate|[of] p1a: Wallturtle
|-unboost|p1a: Wallturtle|atk|1
|turn|6
|
|move|p2a: Manectric|Volt Switch|p1a: Wallturtle
|-supereffective|p1a: Wallturtle
|-damage|p1a: Wallturtle|0 fnt
|faint|p1a: Wallturtle
|
|switch|p2a: Terrakion|Terrakion|323\/323
|
|
|switch|p1a: Nape|Infernape, M|293\/293
|turn|7
|
|move|p2a: Terrakion|Stealth Rock|p1a: Nape
|-sidestart|p1: PKMN Trainer JW|move: Stealth Rock
|move|p1a: Nape|Close Combat|p2a: Terrakion
|-supereffective|p2a: Terrakion
|-enditem|p2a: Terrakion|Focus Sash
|-damage|p2a: Terrakion|1\/323
|-unboost|p1a: Nape|def|1
|-unboost|p1a: Nape|spd|1
|
|turn|8
|
|switch|p2a: Landorus-Therian|Landorus-Therian, M|319\/319
|-ability|p2a: Landorus-Therian|Intimidate|[of] p1a: Nape
|-unboost|p1a: Nape|atk|1
|move|p1a: Nape|Close Combat|p2a: Landorus-Therian
|-resisted|p2a: Landorus-Therian
|-damage|p2a: Landorus-Therian|252\/319
|-unboost|p1a: Nape|def|1
|-unboost|p1a: Nape|spd|1
|
|turn|9
|
|move|p2a: Landorus-Therian|Knock Off|p1a: Nape
|-resisted|p1a: Nape
|-damage|p1a: Nape|101\/293
|-enditem|p1a: Nape|Focus Sash|[from] move: Knock Off|[of] p2a: Landorus-Therian
|move|p1a: Nape|Stealth Rock|p2a: Landorus-Therian
|-sidestart|p2: In Your Window|move: Stealth Rock
|
|turn|10
|
|switch|p1a: Iron Maiden|Mawile, F|303\/303
|-damage|p1a: Iron Maiden|285\/303|[from] Stealth Rock
|-ability|p1a: Iron Maiden|Intimidate|[of] p2a: Landorus-Therian
|-unboost|p2a: Landorus-Therian|atk|1
|move|p2a: Landorus-Therian|Knock Off|p1a: Iron Maiden
|-resisted|p1a: Iron Maiden
|-damage|p1a: Iron Maiden|252\/303
|
|turn|11
|
|switch|p2a: Terrakion|Terrakion|1\/323
|-damage|p2a: Terrakion|0 fnt|[from] Stealth Rock
|faint|p2a: Terrakion
|detailschange|p1a: Iron Maiden|Mawile-Mega, F
|message|Mawile has Mega Evolved into Mega Mawile!
|move|p1a: Iron Maiden|Substitute|p1a: Iron Maiden
|-start|p1a: Iron Maiden|Substitute
|-damage|p1a: Iron Maiden|177\/303
|
|-message|In Your Window forfeited.
|
|win|PKMN Trainer JW
|raw|Ladder updating...
|leave|In Your Window
|player|p2
|raw|PKMN Trainer JW's rating: 1787 &rarr; <strong>1797<\/strong><br \/>(+10 for winning)
|raw|In Your Window's rating: 1596 &rarr; <strong>1586<\/strong><br \/>(-10 for losing)
|leave|PKMN Trainer JW
|player|p1
|join|PKMN Trainer JW