|join|In Your Window
|join|Cerealman
|player|p1|In Your Window|2
|player|p2|Cerealman|254
|gametype|singles
|gen|6
|tier|OU
|rated
|clearpoke
|poke|p1|Heracross, M
|poke|p1|Gyarados, M
|poke|p1|Latias, F
|poke|p1|Ferrothorn, F
|poke|p1|Landorus-Therian, M
|poke|p1|Heatran, M
|poke|p2|Zygarde, shiny
|poke|p2|Azumarill, F
|poke|p2|Alakazam, M
|poke|p2|Venusaur, M
|poke|p2|Zapdos
|poke|p2|Excadrill, M
|rule|Swagger Clause: Swagger is banned
|rule|Baton Pass Clause: Limit one PokÃ©mon knowing Baton Pass
|rule|Sleep Clause Mod: Limit one foe put to sleep
|rule|Species Clause: Limit one of each PokÃ©mon
|rule|OHKO Clause: OHKO moves are banned
|rule|Moody Clause: Moody is banned
|rule|Evasion Moves Clause: Evasion moves are banned
|rule|Endless Battle Clause: Forcing endless battles is banned
|rule|HP Percentage Mod: HP is shown in percentages
|teampreview
|
|start
|switch|p1a: Heracross|Heracross, M|301\/301
|switch|p2a: Venusaur|Venusaur, M|364\/364
|turn|1
|
|detailschange|p1a: Heracross|Heracross-Mega, M
|message|Heracross has Mega Evolved into Mega Heracross!
|detailschange|p2a: Venusaur|Venusaur-Mega, M
|message|Venusaur has Mega Evolved into Mega Venusaur!
|move|p1a: Heracross|Swords Dance|p1a: Heracross
|-boost|p1a: Heracross|atk|2
|move|p2a: Venusaur|Hidden Power|p1a: Heracross
|-supereffective|p1a: Heracross
|-damage|p1a: Heracross|165\/301
|
|turn|2
|
|move|p1a: Heracross|Pin Missile|p2a: Venusaur
|-damage|p2a: Venusaur|268\/364
|-damage|p2a: Venusaur|162\/364
|-damage|p2a: Venusaur|66\/364
|-damage|p2a: Venusaur|0 fnt
|-hitcount|p2a: Venusaur|4
|faint|p2a: Venusaur
|
|
|switch|p2a: Excadrill|Excadrill, M|362\/362
|-ability|p2a: Excadrill|Mold Breaker
|turn|3
|
|switch|p1a: Landorus-Therian|Landorus-Therian, M|365\/365
|-ability|p1a: Landorus-Therian|Intimidate|[of] p2a: Excadrill
|-unboost|p2a: Excadrill|atk|1
|move|p2a: Excadrill|Iron Head|p1a: Landorus-Therian
|-damage|p1a: Landorus-Therian|287\/365
|
|-heal|p1a: Landorus-Therian|309\/365|[from] item: Leftovers
|turn|4
|
|switch|p2a: Zapdos|Zapdos|384\/384
|-ability|p2a: Zapdos|Pressure
|move|p1a: Landorus-Therian|Stealth Rock|p2a: Zapdos
|-sidestart|p2: Cerealman|move: Stealth Rock
|
|-heal|p1a: Landorus-Therian|331\/365|[from] item: Leftovers
|turn|5
|
|move|p1a: Landorus-Therian|Stone Edge|p2a: Zapdos
|-supereffective|p2a: Zapdos
|-damage|p2a: Zapdos|130\/384
|move|p2a: Zapdos|Defog|p1a: Landorus-Therian
|-unboost|p1a: Landorus-Therian|evasion|1
|-sideend|p2: Cerealman|Stealth Rock|[from] move: Defog|[of] p2a: Zapdos
|
|-heal|p1a: Landorus-Therian|353\/365|[from] item: Leftovers
|-heal|p2a: Zapdos|154\/384|[from] item: Leftovers
|turn|6
|
|switch|p2a: Zygarde|Zygarde, shiny|358\/358
|-ability|p2a: Zygarde|Aura Break
|move|p1a: Landorus-Therian|Stone Edge|p2a: Zygarde|[miss]
|-miss|p1a: Landorus-Therian|p2a: Zygarde
|
|-heal|p1a: Landorus-Therian|365\/365|[from] item: Leftovers
|turn|7
|
|move|p2a: Zygarde|Dragon Dance|p2a: Zygarde
|-boost|p2a: Zygarde|atk|1
|-boost|p2a: Zygarde|spe|1
|move|p1a: Landorus-Therian|U-turn|p2a: Zygarde
|-damage|p2a: Zygarde|291\/358
|
|switch|p1a: Ferrothorn|Ferrothorn, F|352\/352
|
|turn|8
|
|move|p2a: Zygarde|Earthquake|p1a: Ferrothorn
|-damage|p1a: Ferrothorn|186\/352
|move|p1a: Ferrothorn|Leech Seed|p2a: Zygarde
|-start|p2a: Zygarde|move: Leech Seed
|
|-heal|p1a: Ferrothorn|208\/352|[from] item: Leftovers
|-damage|p2a: Zygarde|247\/358|[from] Leech Seed|[of] p1a: Ferrothorn
|-heal|p1a: Ferrothorn|252\/352|[silent]
|turn|9
|
|switch|p2a: Zapdos|Zapdos|154\/384
|-ability|p2a: Zapdos|Pressure
|move|p1a: Ferrothorn|Power Whip|p2a: Zapdos
|-resisted|p2a: Zapdos
|-damage|p2a: Zapdos|73\/384
|
|-heal|p2a: Zapdos|97\/384|[from] item: Leftovers
|-heal|p1a: Ferrothorn|274\/352|[from] item: Leftovers
|turn|10
|
|switch|p1a: Heatran|Heatran, M|323\/323
|move|p2a: Zapdos|Roost|p2a: Zapdos
|-heal|p2a: Zapdos|289\/384
|
|-heal|p2a: Zapdos|313\/384|[from] item: Leftovers
|turn|11
|
|switch|p1a: Landorus-Therian|Landorus-Therian, M|365\/365
|-ability|p1a: Landorus-Therian|Intimidate|[of] p2a: Zapdos
|-unboost|p2a: Zapdos|atk|1
|switch|p2a: Azumarill|Azumarill, F|404\/404
|
|turn|12
|
|move|p1a: Landorus-Therian|U-turn|p2a: Azumarill
|-resisted|p2a: Azumarill
|-damage|p2a: Azumarill|359\/404
|
|switch|p1a: Gyarados|Gyarados, M|353\/353
|-ability|p1a: Gyarados|Intimidate|[of] p2a: Azumarill
|-unboost|p2a: Azumarill|atk|1
|move|p2a: Azumarill|Knock Off|p1a: Gyarados
|-crit|p1a: Gyarados
|-damage|p1a: Gyarados|102\/353
|-enditem|p1a: Gyarados|Leftovers|[from] move: Knock Off|[of] p2a: Azumarill
|
|turn|13
|
|switch|p1a: Ferrothorn|Ferrothorn, F|274\/352
|move|p2a: Azumarill|Play Rough|p1a: Ferrothorn
|-resisted|p1a: Ferrothorn
|-damage|p1a: Ferrothorn|222\/352
|-damage|p2a: Azumarill|309\/404|[from] ability: Iron Barbs|[of] p1a: Ferrothorn
|
|-heal|p1a: Ferrothorn|244\/352|[from] item: Leftovers
|turn|14
|
|switch|p2a: Zapdos|Zapdos|313\/384
|-ability|p2a: Zapdos|Pressure
|move|p1a: Ferrothorn|Leech Seed|p2a: Zapdos
|-start|p2a: Zapdos|move: Leech Seed
|
|-heal|p2a: Zapdos|337\/384|[from] item: Leftovers
|-heal|p1a: Ferrothorn|266\/352|[from] item: Leftovers
|-damage|p2a: Zapdos|289\/384|[from] Leech Seed|[of] p1a: Ferrothorn
|-heal|p1a: Ferrothorn|314\/352|[silent]
|turn|15
|
|switch|p1a: Heatran|Heatran, M|323\/323
|move|p2a: Zapdos|Heat Wave|p1a: Heatran
|-start|p1a: Heatran|ability: Flash Fire
|
|-heal|p2a: Zapdos|313\/384|[from] item: Leftovers
|-damage|p2a: Zapdos|265\/384|[from] Leech Seed|[of] p1a: Heatran
|turn|16
|
|switch|p2a: Azumarill|Azumarill, F|309\/404
|move|p1a: Heatran|Fire Blast|p2a: Azumarill|[miss]
|-miss|p1a: Heatran|p2a: Azumarill
|
|turn|17
|
|switch|p1a: Ferrothorn|Ferrothorn, F|314\/352
|move|p2a: Azumarill|Knock Off|p1a: Ferrothorn
|-damage|p1a: Ferrothorn|201\/352
|-damage|p2a: Azumarill|259\/404|[from] ability: Iron Barbs|[of] p1a: Ferrothorn
|-enditem|p1a: Ferrothorn|Leftovers|[from] move: Knock Off|[of] p2a: Azumarill
|
|turn|18
|
|switch|p2a: Alakazam|Alakazam, M|252\/252
|move|p1a: Ferrothorn|Leech Seed|p2a: Alakazam
|-start|p2a: Alakazam|move: Leech Seed
|
|turn|19
|
|move|p1a: Ferrothorn|Protect|p1a: Ferrothorn
|-singleturn|p1a: Ferrothorn|Protect
|move|p2a: Alakazam|Focus Blast|p1a: Ferrothorn
|-activate|p1a: Ferrothorn|Protect
|
|turn|20
|
|move|p2a: Alakazam|Focus Blast|p1a: Ferrothorn
|-supereffective|p1a: Ferrothorn
|-damage|p1a: Ferrothorn|0 fnt
|faint|p1a: Ferrothorn
|
|
|switch|p1a: Heatran|Heatran, M|323\/323
|turn|21
|
|switch|p2a: Azumarill|Azumarill, F|259\/404
|move|p1a: Heatran|Fire Blast|p2a: Azumarill|[miss]
|-miss|p1a: Heatran|p2a: Azumarill
|
|turn|22
|
|switch|p1a: Gyarados|Gyarados, M|102\/353
|-ability|p1a: Gyarados|Intimidate|[of] p2a: Azumarill
|-unboost|p2a: Azumarill|atk|1
|move|p2a: Azumarill|Waterfall|p1a: Gyarados
|-resisted|p1a: Gyarados
|-damage|p1a: Gyarados|30\/353
|
|turn|23
|c|âIn Your Window|85% my ass
|
|switch|p1a: Landorus-Therian|Landorus-Therian, M|365\/365
|-ability|p1a: Landorus-Therian|Intimidate|[of] p2a: Azumarill
|-unboost|p2a: Azumarill|atk|1
|move|p2a: Azumarill|Aqua Jet|p1a: Landorus-Therian
|-crit|p1a: Landorus-Therian
|-supereffective|p1a: Landorus-Therian
|-damage|p1a: Landorus-Therian|159\/365
|
|-heal|p1a: Landorus-Therian|181\/365|[from] item: Leftovers
|turn|24
|
|move|p2a: Azumarill|Aqua Jet|p1a: Landorus-Therian
|-supereffective|p1a: Landorus-Therian
|-damage|p1a: Landorus-Therian|109\/365
|move|p1a: Landorus-Therian|U-turn|p2a: Azumarill
|-resisted|p2a: Azumarill
|-damage|p2a: Azumarill|215\/404
|
|switch|p1a: Gyarados|Gyarados, M|30\/353
|-ability|p1a: Gyarados|Intimidate|[of] p2a: Azumarill
|-unboost|p2a: Azumarill|atk|1
|
|turn|25
|
|switch|p2a: Zapdos|Zapdos|265\/384
|-ability|p2a: Zapdos|Pressure
|move|p1a: Gyarados|Bounce|p2a: Zapdos|[still]
|-prepare|p1a: Gyarados|Bounce|p2a: Zapdos
|
|-heal|p2a: Zapdos|289\/384|[from] item: Leftovers
|turn|26
|
|move|p1a: Gyarados|Bounce|p2a: Zapdos
|-resisted|p2a: Zapdos
|-damage|p2a: Zapdos|205\/384
|move|p2a: Zapdos|Roost|p2a: Zapdos
|-heal|p2a: Zapdos|384\/384
|
|turn|27
|
|switch|p1a: Landorus-Therian|Landorus-Therian, M|109\/365
|-ability|p1a: Landorus-Therian|Intimidate|[of] p2a: Zapdos
|-unboost|p2a: Zapdos|atk|1
|move|p2a: Zapdos|Thunderbolt|p1a: Landorus-Therian
|-immune|p1a: Landorus-Therian|[msg]
|
|-heal|p1a: Landorus-Therian|131\/365|[from] item: Leftovers
|turn|28
|
|move|p1a: Landorus-Therian|Stone Edge|p2a: Zapdos
|-supereffective|p2a: Zapdos
|-damage|p2a: Zapdos|144\/384
|move|p2a: Zapdos|Thunderbolt|p1a: Landorus-Therian
|-immune|p1a: Landorus-Therian|[msg]
|
|-heal|p1a: Landorus-Therian|153\/365|[from] item: Leftovers
|-heal|p2a: Zapdos|168\/384|[from] item: Leftovers
|turn|29
|
|move|p1a: Landorus-Therian|Earthquake|p2a: Zapdos
|-immune|p2a: Zapdos|[msg]
|move|p2a: Zapdos|Heat Wave|p1a: Landorus-Therian
|-damage|p1a: Landorus-Therian|0 fnt
|faint|p1a: Landorus-Therian
|
|-heal|p2a: Zapdos|192\/384|[from] item: Leftovers
|
|switch|p1a: Heracross|Heracross-Mega, M|165\/301
|turn|30
|
|move|p1a: Heracross|Rock Blast|p2a: Zapdos
|-supereffective|p2a: Zapdos
|-damage|p2a: Zapdos|102\/384
|-supereffective|p2a: Zapdos
|-damage|p2a: Zapdos|16\/384
|-supereffective|p2a: Zapdos
|-damage|p2a: Zapdos|0 fnt
|-hitcount|p2a: Zapdos|3
|faint|p2a: Zapdos
|
|
|switch|p2a: Alakazam|Alakazam, M|252\/252
|turn|31
|
|switch|p1a: Heatran|Heatran, M|323\/323
|move|p2a: Alakazam|Psychic|p1a: Heatran
|-resisted|p1a: Heatran
|-damage|p1a: Heatran|251\/323
|
|turn|32
|
|switch|p2a: Azumarill|Azumarill, F|215\/404
|move|p1a: Heatran|Fire Blast|p2a: Azumarill
|-resisted|p2a: Azumarill
|-damage|p2a: Azumarill|131\/404
|
|turn|33
|
|switch|p1a: Gyarados|Gyarados, M|30\/353
|-ability|p1a: Gyarados|Intimidate|[of] p2a: Azumarill
|-unboost|p2a: Azumarill|atk|1
|move|p2a: Azumarill|Waterfall|p1a: Gyarados
|-resisted|p1a: Gyarados
|-damage|p1a: Gyarados|0 fnt
|faint|p1a: Gyarados
|
|
|switch|p1a: Heracross|Heracross-Mega, M|165\/301
|turn|34
|
|move|p2a: Azumarill|Aqua Jet|p1a: Heracross
|-damage|p1a: Heracross|116\/301
|move|p1a: Heracross|Pin Missile|p2a: Azumarill
|-resisted|p2a: Azumarill
|-damage|p2a: Azumarill|96\/404
|-resisted|p2a: Azumarill
|-damage|p2a: Azumarill|62\/404
|-resisted|p2a: Azumarill
|-damage|p2a: Azumarill|25\/404
|-resisted|p2a: Azumarill
|-damage|p2a: Azumarill|0 fnt
|-hitcount|p2a: Azumarill|4
|faint|p2a: Azumarill
|
|
|switch|p2a: Alakazam|Alakazam, M|252\/252
|turn|35
|
|switch|p1a: Latias|Latias, F|319\/319
|move|p2a: Alakazam|Psychic|p1a: Latias
|-resisted|p1a: Latias
|-damage|p1a: Latias|256\/319
|
|turn|36
|
|move|p2a: Alakazam|Shadow Ball|p1a: Latias
|-supereffective|p1a: Latias
|-damage|p1a: Latias|94\/319
|move|p1a: Latias|Draco Meteor|p2a: Alakazam
|-enditem|p2a: Alakazam|Focus Sash
|-damage|p2a: Alakazam|1\/252
|-unboost|p1a: Latias|spa|2
|-damage|p1a: Latias|63\/319|[from] item: Life Orb
|
|turn|37
|
|switch|p1a: Heatran|Heatran, M|251\/323
|move|p2a: Alakazam|Shadow Ball|p1a: Heatran
|-crit|p1a: Heatran
|-damage|p1a: Heatran|100\/323
|
|turn|38
|
|move|p1a: Heatran|Earth Power|p2a: Alakazam
|-damage|p2a: Alakazam|0 fnt
|faint|p2a: Alakazam
|
|
|switch|p2a: Excadrill|Excadrill, M|362\/362
|-ability|p2a: Excadrill|Mold Breaker
|turn|39
|
|move|p2a: Excadrill|Earthquake|p1a: Heatran
|-supereffective|p1a: Heatran
|-damage|p1a: Heatran|0 fnt
|faint|p1a: Heatran
|
|
|switch|p1a: Heracross|Heracross-Mega, M|116\/301
|turn|40
|
|move|p2a: Excadrill|Earthquake|p1a: Heracross
|-resisted|p1a: Heracross
|-damage|p1a: Heracross|37\/301
|move|p1a: Heracross|Close Combat|p2a: Excadrill
|-supereffective|p2a: Excadrill
|-damage|p2a: Excadrill|0 fnt
|-unboost|p1a: Heracross|def|1
|-unboost|p1a: Heracross|spd|1
|faint|p2a: Excadrill
|
|
|switch|p2a: Zygarde|Zygarde, shiny|247\/358
|-ability|p2a: Zygarde|Aura Break
|turn|41
|
|move|p2a: Zygarde|Extreme Speed|p1a: Heracross
|-crit|p1a: Heracross
|-damage|p1a: Heracross|0 fnt
|faint|p1a: Heracross
|
|
|switch|p1a: Latias|Latias, F|63\/319
|turn|42
|
|move|p2a: Zygarde|Extreme Speed|p1a: Latias
|-damage|p1a: Latias|0 fnt
|faint|p1a: Latias
|
|win|Cerealman
|raw|Ladder updating...
|raw|In Your Window's rating: 1556 &rarr; <strong>1534<\/strong><br \/>(-22 for losing)
|raw|Cerealman's rating: 1506 &rarr; <strong>1529<\/strong><br \/>(+23 for winning)
|leave|In Your Window
|player|p1