|join|In Your Window
|join|ThE0_testing
|player|p1|In Your Window|2
|player|p2|ThE0_testing|265
|gametype|singles
|gen|6
|tier|OU
|rated
|clearpoke
|poke|p1|Metagross
|poke|p1|Keldeo
|poke|p1|Thundurus, M
|poke|p1|Landorus-Therian, M
|poke|p1|Bisharp, F
|poke|p1|Garchomp, F
|poke|p2|Weavile, F
|poke|p2|Clefable, F
|poke|p2|Thundurus-Therian, M
|poke|p2|Scizor, M
|poke|p2|Salamence, F
|poke|p2|Lopunny, F
|rule|Swagger Clause: Swagger is banned
|rule|Baton Pass Clause: Limit one PokÃ©mon knowing Baton Pass
|rule|Sleep Clause Mod: Limit one foe put to sleep
|rule|Species Clause: Limit one of each PokÃ©mon
|rule|OHKO Clause: OHKO moves are banned
|rule|Moody Clause: Moody is banned
|rule|Evasion Moves Clause: Evasion moves are banned
|rule|Endless Battle Clause: Forcing endless battles is banned
|rule|HP Percentage Mod: HP is shown in percentages
|teampreview
|
|start
|switch|p1a: Metagross|Metagross|301\/301
|switch|p2a: Lopunny|Lopunny, F|271\/271
|turn|1
|
|detailschange|p2a: Lopunny|Lopunny-Mega, F
|message|Lopunny has Mega Evolved into Mega Lopunny!
|detailschange|p1a: Metagross|Metagross-Mega
|message|Metagross has Mega Evolved into Mega Metagross!
|move|p2a: Lopunny|Fake Out|p1a: Metagross
|-resisted|p1a: Metagross
|-damage|p1a: Metagross|274\/301
|cant|p1a: Metagross|flinch
|
|turn|2
|
|switch|p2a: Salamence|Salamence, F|393\/393
|-ability|p2a: Salamence|Intimidate|[of] p1a: Metagross
|-unboost|p1a: Metagross|atk|1
|move|p1a: Metagross|Zen Headbutt|p2a: Salamence
|-damage|p2a: Salamence|288\/393
|
|-heal|p2a: Salamence|312\/393|[from] item: Leftovers
|turn|3
|
|switch|p1a: Landorus-Therian|Landorus-Therian, M|319\/319
|-ability|p1a: Landorus-Therian|Intimidate|[of] p2a: Salamence
|-unboost|p2a: Salamence|atk|1
|move|p2a: Salamence|Fire Blast|p1a: Landorus-Therian
|-crit|p1a: Landorus-Therian
|-damage|p1a: Landorus-Therian|142\/319
|
|-heal|p2a: Salamence|336\/393|[from] item: Leftovers
|turn|4
|
|move|p1a: Landorus-Therian|U-turn|p2a: Salamence
|-crit|p2a: Salamence
|-resisted|p2a: Salamence
|-damage|p2a: Salamence|279\/393
|
|switch|p1a: Garchomp|Garchomp, F|358\/358
|move|p2a: Salamence|Fire Blast|p1a: Garchomp
|-resisted|p1a: Garchomp
|-damage|p1a: Garchomp|305\/358
|
|-heal|p2a: Salamence|303\/393|[from] item: Leftovers
|turn|5
|
|switch|p2a: Weavile|Weavile, F|287\/287
|-ability|p2a: Weavile|Pressure
|move|p1a: Garchomp|Stealth Rock|p2a: Weavile
|-sidestart|p2: ThE0_testing|move: Stealth Rock
|
|turn|6
|
|switch|p1a: Keldeo|Keldeo|323\/323
|move|p2a: Weavile|Knock Off|p1a: Keldeo
|-resisted|p1a: Keldeo
|-damage|p1a: Keldeo|200\/323
|-boost|p1a: Keldeo|atk|1|[from] ability: Justified
|-enditem|p1a: Keldeo|Leftovers|[from] move: Knock Off|[of] p2a: Weavile
|-damage|p2a: Weavile|259\/287|[from] item: Life Orb
|
|turn|7
|
|switch|p2a: Clefable|Clefable, F|394\/394
|move|p1a: Keldeo|Substitute|p1a: Keldeo
|-start|p1a: Keldeo|Substitute
|-damage|p1a: Keldeo|120\/323
|
|turn|8
|
|move|p1a: Keldeo|Scald|p2a: Clefable
|-damage|p2a: Clefable|279\/394
|move|p2a: Clefable|Stealth Rock|p1a: Keldeo
|-sidestart|p1: In Your Window|move: Stealth Rock
|
|-heal|p2a: Clefable|303\/394|[from] item: Leftovers
|turn|9
|
|move|p1a: Keldeo|Scald|p2a: Clefable
|-damage|p2a: Clefable|185\/394
|move|p2a: Clefable|Moonblast|p1a: Keldeo
|-supereffective|p1a: Keldeo
|-end|p1a: Keldeo|Substitute
|
|-heal|p2a: Clefable|209\/394|[from] item: Leftovers
|turn|10
|
|move|p1a: Keldeo|Scald|p2a: Clefable
|-damage|p2a: Clefable|95\/394
|move|p2a: Clefable|Soft-Boiled|p2a: Clefable
|-heal|p2a: Clefable|292\/394
|
|-heal|p2a: Clefable|316\/394|[from] item: Leftovers
|turn|11
|
|switch|p1a: Metagross|Metagross-Mega|274\/301
|-damage|p1a: Metagross|256\/301|[from] Stealth Rock
|move|p2a: Clefable|Moonblast|p1a: Metagross
|-resisted|p1a: Metagross
|-damage|p1a: Metagross|210\/301
|-unboost|p1a: Metagross|spa|1
|
|-heal|p2a: Clefable|340\/394|[from] item: Leftovers
|turn|12
|
|switch|p2a: Scizor|Scizor, M|291\/291
|-damage|p2a: Scizor|255\/291|[from] Stealth Rock
|move|p1a: Metagross|Meteor Mash|p2a: Scizor
|-crit|p2a: Scizor
|-resisted|p2a: Scizor
|-damage|p2a: Scizor|72\/291
|-boost|p1a: Metagross|atk|1
|
|turn|13
|
|move|p2a: Scizor|Bullet Punch|p1a: Metagross
|-resisted|p1a: Metagross
|-damage|p1a: Metagross|149\/301
|move|p1a: Metagross|Ice Punch|p2a: Scizor
|-crit|p2a: Scizor
|-resisted|p2a: Scizor
|-damage|p2a: Scizor|0 fnt
|faint|p2a: Scizor
|
|
|switch|p2a: Thundurus-Therian|Thundurus-Therian, M|299\/299
|-damage|p2a: Thundurus-Therian|225\/299|[from] Stealth Rock
|turn|14
|
|switch|p1a: Garchomp|Garchomp, F|305\/358
|-damage|p1a: Garchomp|283\/358|[from] Stealth Rock
|move|p2a: Thundurus-Therian|Volt Switch|p1a: Garchomp
|-immune|p1a: Garchomp|[msg]
|
|turn|15
|
|switch|p2a: Clefable|Clefable, F|340\/394
|move|p1a: Garchomp|Earthquake|p2a: Clefable
|-damage|p2a: Clefable|105\/394
|
|-heal|p2a: Clefable|129\/394|[from] item: Leftovers
|turn|16
|
|switch|p2a: Thundurus-Therian|Thundurus-Therian, M|225\/299
|-damage|p2a: Thundurus-Therian|151\/299|[from] Stealth Rock
|move|p1a: Garchomp|Outrage|p2a: Thundurus-Therian
|-damage|p2a: Thundurus-Therian|0 fnt
|faint|p2a: Thundurus-Therian
|
|
|switch|p2a: Clefable|Clefable, F|129\/394
|turn|17
|
|move|p1a: Garchomp|Outrage|p2a: Clefable
|-immune|p2a: Clefable|[msg]
|move|p2a: Clefable|Soft-Boiled|p2a: Clefable
|-heal|p2a: Clefable|326\/394
|
|-heal|p2a: Clefable|350\/394|[from] item: Leftovers
|turn|18
|
|switch|p1a: Metagross|Metagross-Mega|149\/301
|-damage|p1a: Metagross|131\/301|[from] Stealth Rock
|move|p2a: Clefable|Moonblast|p1a: Metagross
|-resisted|p1a: Metagross
|-damage|p1a: Metagross|86\/301
|
|-heal|p2a: Clefable|374\/394|[from] item: Leftovers
|turn|19
|
|switch|p2a: Salamence|Salamence, F|303\/393
|-damage|p2a: Salamence|205\/393|[from] Stealth Rock
|-ability|p2a: Salamence|Intimidate|[of] p1a: Metagross
|-unboost|p1a: Metagross|atk|1
|move|p1a: Metagross|Meteor Mash|p2a: Salamence
|-damage|p2a: Salamence|66\/393
|
|-heal|p2a: Salamence|90\/393|[from] item: Leftovers
|turn|20
|
|move|p1a: Metagross|Ice Punch|p2a: Salamence
|-supereffective|p2a: Salamence
|-damage|p2a: Salamence|0 fnt
|faint|p2a: Salamence
|
|
|switch|p2a: Lopunny|Lopunny-Mega, F|271\/271
|-damage|p2a: Lopunny|255\/271|[from] Stealth Rock
|turn|21
|
|switch|p1a: Landorus-Therian|Landorus-Therian, M|142\/319
|-damage|p1a: Landorus-Therian|103\/319|[from] Stealth Rock
|-ability|p1a: Landorus-Therian|Intimidate|[of] p2a: Lopunny
|-unboost|p2a: Lopunny|atk|1
|move|p2a: Lopunny|High Jump Kick|p1a: Landorus-Therian
|-resisted|p1a: Landorus-Therian
|-damage|p1a: Landorus-Therian|14\/319
|
|turn|22
|
|switch|p2a: Clefable|Clefable, F|374\/394
|move|p1a: Landorus-Therian|Earthquake|p2a: Clefable
|-damage|p2a: Clefable|143\/394
|
|-heal|p2a: Clefable|167\/394|[from] item: Leftovers
|turn|23
|
|move|p1a: Landorus-Therian|Earthquake|p2a: Clefable
|-damage|p2a: Clefable|0 fnt
|faint|p2a: Clefable
|
|
|switch|p2a: Lopunny|Lopunny-Mega, F|255\/271
|-damage|p2a: Lopunny|239\/271|[from] Stealth Rock
|turn|24
|
|move|p2a: Lopunny|Fake Out|p1a: Landorus-Therian
|-damage|p1a: Landorus-Therian|0 fnt
|faint|p1a: Landorus-Therian
|
|
|switch|p1a: Thundurus|Thundurus, M|299\/299
|-damage|p1a: Thundurus|225\/299|[from] Stealth Rock
|turn|25
|
|move|p1a: Thundurus|Thunder Wave|p2a: Lopunny
|-status|p2a: Lopunny|par
|move|p2a: Lopunny|Ice Punch|p1a: Thundurus
|-supereffective|p1a: Thundurus
|-damage|p1a: Thundurus|0 fnt
|faint|p1a: Thundurus
|
|
|switch|p1a: Garchomp|Garchomp, F|283\/358
|-damage|p1a: Garchomp|261\/358|[from] Stealth Rock
|turn|26
|
|move|p1a: Garchomp|Outrage|p2a: Lopunny
|-damage|p2a: Lopunny|0 fnt
|faint|p2a: Lopunny
|
|
|switch|p2a: Weavile|Weavile, F|259\/287
|-damage|p2a: Weavile|188\/287|[from] Stealth Rock
|-ability|p2a: Weavile|Pressure
|turn|27
|
|move|p2a: Weavile|Ice Shard|p1a: Garchomp
|-supereffective|p1a: Garchomp
|-damage|p1a: Garchomp|0 fnt
|-damage|p2a: Weavile|160\/287|[from] item: Life Orb
|faint|p1a: Garchomp
|
|
|switch|p1a: Keldeo|Keldeo|120\/323
|-damage|p1a: Keldeo|100\/323|[from] Stealth Rock
|turn|28
|
|move|p2a: Weavile|Icicle Crash|p1a: Keldeo
|-resisted|p1a: Keldeo
|-damage|p1a: Keldeo|0 fnt
|-damage|p2a: Weavile|132\/287|[from] item: Life Orb
|faint|p1a: Keldeo
|
|
|switch|p1a: Bisharp|Bisharp, F|271\/271
|-damage|p1a: Bisharp|255\/271|[from] Stealth Rock
|turn|29
|
|move|p1a: Bisharp|Sucker Punch|p2a: Weavile
|-resisted|p2a: Weavile
|-damage|p2a: Weavile|31\/287
|move|p2a: Weavile|Low Kick|p1a: Bisharp
|-crit|p1a: Bisharp
|-supereffective|p1a: Bisharp
|-damage|p1a: Bisharp|0 fnt
|-damage|p2a: Weavile|3\/287|[from] item: Life Orb
|faint|p1a: Bisharp
|
|
|switch|p1a: Metagross|Metagross-Mega|86\/301
|-damage|p1a: Metagross|68\/301|[from] Stealth Rock
|turn|30
|
|move|p2a: Weavile|Knock Off|p1a: Metagross
|-crit|p1a: Metagross
|-supereffective|p1a: Metagross
|-damage|p1a: Metagross|0 fnt
|-damage|p2a: Weavile|0 fnt|[from] item: Life Orb
|faint|p1a: Metagross
|faint|p2a: Weavile
|
|win|ThE0_testing
|raw|Ladder updating...
|leave|In Your Window
|player|p1
|c|âThE0_testing|lol
|raw|In Your Window's rating: 1495 &rarr; <strong>1472<\/strong><br \/>(-23 for losing)
|raw|ThE0_testing's rating: 1443 &rarr; <strong>1466<\/strong><br \/>(+23 for winning)
|leave|ThE0_testing
|player|p2
|join|ThE0_testing