|join|SoarOnceMore
|join|In Your Window
|player|p1|SoarOnceMore|290
|player|p2|In Your Window|221
|gametype|singles
|gen|6
|tier|OU
|rated
|clearpoke
|poke|p1|Noivern, M
|poke|p1|Gastrodon, M
|poke|p1|Gliscor, M
|poke|p1|Sableye, M
|poke|p1|Scizor, M
|poke|p1|Talonflame, M
|poke|p2|Gardevoir, M
|poke|p2|Keldeo-Resolute
|poke|p2|Gengar, M
|poke|p2|Ferrothorn, F
|poke|p2|Mandibuzz, F
|poke|p2|Garchomp, F
|rule|Swagger Clause: Swagger is banned
|rule|Baton Pass Clause: Limit 3 pokemon knowing Baton Pass
|rule|Sleep Clause Mod: Limit one foe put to sleep
|rule|Species Clause: Limit one of each Pokemon
|rule|OHKO Clause: OHKO moves are banned
|rule|Moody Clause: Moody is banned
|rule|Evasion Moves Clause: Evasion moves are banned
|rule|Endless Battle Clause: Forcing endless battles is banned
|rule|HP Percentage Mod: HP is reported as percentages
|teampreview
|
|start
|switch|p1a: Gliscor|Gliscor, M|304\/304
|switch|p2a: Gardevoir|Gardevoir, M|277\/277
|-ability|p2a: Gardevoir|Poison Heal|[from] ability: Trace|[of] p1a: Gliscor
|turn|1
|
|switch|p1a: Gastrodon|Gastrodon, M|416\/416
|detailschange|p2a: Gardevoir|Gardevoir-Mega, M
|message|Gardevoir has Mega Evolved into Mega Gardevoir!
|move|p2a: Gardevoir|Taunt|p1a: Gastrodon
|-start|p1a: Gastrodon|move: Taunt
|
|turn|2
|
|move|p2a: Gardevoir|Hyper Voice|p1a: Gastrodon
|-damage|p1a: Gastrodon|199\/416
|move|p1a: Gastrodon|Scald|p2a: Gardevoir
|-damage|p2a: Gardevoir|213\/277
|-status|p2a: Gardevoir|brn
|
|-heal|p1a: Gastrodon|225\/416|[from] item: Leftovers
|-damage|p2a: Gardevoir|179\/277 brn|[from] brn
|turn|3
|
|switch|p2a: Ferrothorn|Ferrothorn, F|352\/352
|switch|p1a: Scizor|Scizor, M|339\/339
|
|turn|4
|
|detailschange|p1a: Scizor|Scizor-Mega, M
|message|Scizor has Mega Evolved into Mega Scizor!
|move|p1a: Scizor|Swords Dance|p1a: Scizor
|-boost|p1a: Scizor|atk|2
|move|p2a: Ferrothorn|Leech Seed|p1a: Scizor
|-start|p1a: Scizor|move: Leech Seed
|
|-damage|p1a: Scizor|297\/339|[from] Leech Seed|[of] p2a: Ferrothorn
|turn|5
|
|move|p1a: Scizor|Superpower|p2a: Ferrothorn
|-supereffective|p2a: Ferrothorn
|-damage|p2a: Ferrothorn|0 fnt
|-damage|p1a: Scizor|255\/339|[from] ability: Iron Barbs|[of] p2a: Ferrothorn
|-unboost|p1a: Scizor|atk|1
|-unboost|p1a: Scizor|def|1
|faint|p2a: Ferrothorn
|
|
|switch|p2a: Keldeo-Resolute|Keldeo-Resolute|323\/323
|turn|6
|
|switch|p1a: Noivern|Noivern, M|313\/313
|move|p2a: Keldeo-Resolute|Secret Sword|p1a: Noivern
|-resisted|p1a: Noivern
|-damage|p1a: Noivern|184\/313
|
|turn|7
|
|switch|p2a: Mandibuzz|Mandibuzz, F|405\/405
|move|p1a: Noivern|Hurricane|p2a: Mandibuzz
|-damage|p2a: Mandibuzz|159\/405
|-start|p2a: Mandibuzz|confusion
|
|turn|8
|
|move|p1a: Noivern|Hurricane|p2a: Mandibuzz
|-damage|p2a: Mandibuzz|0 fnt
|faint|p2a: Mandibuzz
|
|
|switch|p2a: Garchomp|Garchomp, F|358\/358
|turn|9
|
|switch|p1a: Scizor|Scizor-Mega, M|255\/339
|move|p2a: Garchomp|Dragon Claw|p1a: Scizor
|-resisted|p1a: Scizor
|-damage|p1a: Scizor|201\/339
|
|turn|10
|
|switch|p2a: Keldeo-Resolute|Keldeo-Resolute|323\/323
|switch|p1a: Noivern|Noivern, M|184\/313
|
|turn|11
|
|switch|p2a: Gardevoir|Gardevoir-Mega, M|179\/277 brn
|move|p1a: Noivern|U-turn|p2a: Gardevoir
|-damage|p2a: Gardevoir|128\/277 brn
|
|switch|p1a: Talonflame|Talonflame, M|345\/345
|
|-damage|p2a: Gardevoir|94\/277 brn|[from] brn
|turn|12
|
|move|p1a: Talonflame|Brave Bird|p2a: Gardevoir
|-damage|p2a: Gardevoir|0 fnt
|-damage|p1a: Talonflame|314\/345|[from] recoil|[of] p2a: Gardevoir
|faint|p2a: Gardevoir
|
|
|switch|p2a: Garchomp|Garchomp, F|358\/358
|turn|13
|
|switch|p1a: Sableye|Sableye, M|304\/304
|move|p2a: Garchomp|Stone Edge|p1a: Sableye|[miss]
|-miss|p2a: Garchomp|p1a: Sableye
|
|turn|14
|-message|In Your Window forfeited.
|
|win|SoarOnceMore
|raw|Ladder updating...
|leave|In Your Window
|player|p2
|raw|SoarOnceMore's rating: 1502 &rarr; <strong>1526<\/strong><br \/>(+24 for winning)
|raw|In Your Window's rating: 1564 &rarr; <strong>1540<\/strong><br \/>(-24 for losing)