|join|In Your Window
|join|trillyntruly
|player|p1|In Your Window|2
|player|p2|trillyntruly|34
|gametype|singles
|gen|6
|tier|OU
|rated
|clearpoke
|poke|p1|Landorus-Therian, M
|poke|p1|Latias, F
|poke|p1|Gardevoir, M
|poke|p1|Ferrothorn, F
|poke|p1|Hawlucha, F
|poke|p1|Rotom-Wash
|poke|p2|Heracross, M
|poke|p2|Smeargle, M
|poke|p2|Thundurus, M
|poke|p2|Landorus, M
|poke|p2|Azumarill, M
|poke|p2|Tyranitar, F
|rule|Swagger Clause: Swagger is banned
|rule|Baton Pass Clause: Limit one PokÃ©mon knowing Baton Pass
|rule|Sleep Clause Mod: Limit one foe put to sleep
|rule|Species Clause: Limit one of each PokÃ©mon
|rule|OHKO Clause: OHKO moves are banned
|rule|Moody Clause: Moody is banned
|rule|Evasion Moves Clause: Evasion moves are banned
|rule|Endless Battle Clause: Forcing endless battles is banned
|rule|HP Percentage Mod: HP is shown in percentages
|teampreview
|
|start
|switch|p1a: Hawlucha|Hawlucha, F|327\/327
|switch|p2a: Smeargle|Smeargle, M|314\/314
|turn|1
|
|move|p1a: Hawlucha|Substitute|p1a: Hawlucha
|-start|p1a: Hawlucha|Substitute
|-damage|p1a: Hawlucha|246\/327
|move|p2a: Smeargle|Dark Void|p1a: Hawlucha
|-miss|p2a: Smeargle|p1a: Hawlucha
|
|turn|2
|
|move|p1a: Hawlucha|Swords Dance|p1a: Hawlucha
|-boost|p1a: Hawlucha|atk|2
|move|p2a: Smeargle|Sticky Web|p1a: Hawlucha
|-sidestart|p1: In Your Window|move: Sticky Web
|
|turn|3
|
|move|p1a: Hawlucha|Acrobatics|p2a: Smeargle
|-enditem|p2a: Smeargle|Focus Sash
|-damage|p2a: Smeargle|1\/314
|move|p2a: Smeargle|Stealth Rock|p1a: Hawlucha
|-sidestart|p1: In Your Window|move: Stealth Rock
|
|turn|4
|
|move|p1a: Hawlucha|Acrobatics|p2a: Smeargle
|-crit|p2a: Smeargle
|-damage|p2a: Smeargle|0 fnt
|faint|p2a: Smeargle
|
|
|switch|p2a: Azumarill|Azumarill, M|364\/364
|turn|5
|
|move|p2a: Azumarill|Aqua Jet|p1a: Hawlucha
|-crit|p1a: Hawlucha
|-end|p1a: Hawlucha|Substitute
|move|p1a: Hawlucha|Swords Dance|p1a: Hawlucha
|-boost|p1a: Hawlucha|atk|2
|
|turn|6
|
|move|p2a: Azumarill|Aqua Jet|p1a: Hawlucha
|-damage|p1a: Hawlucha|132\/327
|-enditem|p1a: Hawlucha|Sitrus Berry|[eat]
|-heal|p1a: Hawlucha|213\/327|[from] item: Sitrus Berry
|move|p1a: Hawlucha|Substitute|p1a: Hawlucha
|-start|p1a: Hawlucha|Substitute
|-damage|p1a: Hawlucha|132\/327
|
|turn|7
|
|move|p2a: Azumarill|Aqua Jet|p1a: Hawlucha
|-end|p1a: Hawlucha|Substitute
|move|p1a: Hawlucha|Acrobatics|p2a: Azumarill
|-damage|p2a: Azumarill|0 fnt
|faint|p2a: Azumarill
|
|
|switch|p2a: Tyranitar|Tyranitar, F|341\/341
|-weather|Sandstorm
|turn|8
|
|move|p1a: Hawlucha|High Jump Kick|p2a: Tyranitar
|-supereffective|p2a: Tyranitar
|-damage|p2a: Tyranitar|0 fnt
|faint|p2a: Tyranitar
|
|-weather|Sandstorm|[upkeep]
|-damage|p1a: Hawlucha|112\/327|[from] sandstorm
|
|switch|p2a: Thundurus|Thundurus, M|299\/299
|turn|9
|
|move|p2a: Thundurus|Thunder Wave|p1a: Hawlucha
|-status|p1a: Hawlucha|par
|cant|p1a: Hawlucha|par
|
|-weather|Sandstorm|[upkeep]
|-damage|p2a: Thundurus|281\/299|[from] sandstorm
|-damage|p1a: Hawlucha|92\/327 par|[from] sandstorm
|-heal|p2a: Thundurus|299\/299|[from] item: Leftovers
|turn|10
|
|switch|p1a: Ferrothorn|Ferrothorn, F|352\/352
|-damage|p1a: Ferrothorn|330\/352|[from] Stealth Rock
|-activate|p1a: Ferrothorn|move: Sticky Web
|-unboost|p1a: Ferrothorn|spe|1
|move|p2a: Thundurus|Thunderbolt|p1a: Ferrothorn
|-resisted|p1a: Ferrothorn
|-damage|p1a: Ferrothorn|277\/352
|-status|p1a: Ferrothorn|par
|
|-weather|Sandstorm|[upkeep]
|-damage|p2a: Thundurus|281\/299|[from] sandstorm
|-heal|p2a: Thundurus|299\/299|[from] item: Leftovers
|-heal|p1a: Ferrothorn|299\/352 par|[from] item: Leftovers
|turn|11
|
|move|p2a: Thundurus|Taunt|p1a: Ferrothorn
|-start|p1a: Ferrothorn|move: Taunt
|cant|p1a: Ferrothorn|par
|
|-weather|Sandstorm|[upkeep]
|-damage|p2a: Thundurus|281\/299|[from] sandstorm
|-heal|p2a: Thundurus|299\/299|[from] item: Leftovers
|-heal|p1a: Ferrothorn|321\/352 par|[from] item: Leftovers
|turn|12
|
|switch|p2a: Landorus|Landorus, M|319\/319
|move|p1a: Ferrothorn|Gyro Ball|p2a: Landorus
|-crit|p2a: Landorus
|-damage|p2a: Landorus|67\/319
|
|-weather|none
|-heal|p1a: Ferrothorn|343\/352 par|[from] item: Leftovers
|turn|13
|
|move|p2a: Landorus|Earth Power|p1a: Ferrothorn
|-damage|p1a: Ferrothorn|179\/352 par
|move|p1a: Ferrothorn|Gyro Ball|p2a: Landorus
|-crit|p2a: Landorus
|-damage|p2a: Landorus|0 fnt
|faint|p2a: Landorus
|
|-heal|p1a: Ferrothorn|201\/352 par|[from] item: Leftovers
|-end|p1a: Ferrothorn|move: Taunt
|
|switch|p2a: Heracross|Heracross, M|311\/311
|turn|14
|
|switch|p1a: Hawlucha|Hawlucha, F|92\/327 par
|-damage|p1a: Hawlucha|52\/327 par|[from] Stealth Rock
|detailschange|p2a: Heracross|Heracross-Mega, M
|message|Heracross has Mega Evolved into Mega Heracross!
|move|p2a: Heracross|Swords Dance|p2a: Heracross
|-boost|p2a: Heracross|atk|2
|
|turn|15
|
|switch|p2a: Thundurus|Thundurus, M|299\/299
|move|p1a: Hawlucha|Acrobatics|p2a: Thundurus
|-resisted|p2a: Thundurus
|-damage|p2a: Thundurus|186\/299
|
|-heal|p2a: Thundurus|204\/299|[from] item: Leftovers
|turn|16
|
|move|p2a: Thundurus|Thunderbolt|p1a: Hawlucha
|-supereffective|p1a: Hawlucha
|-damage|p1a: Hawlucha|0 fnt
|faint|p1a: Hawlucha
|
|-heal|p2a: Thundurus|222\/299|[from] item: Leftovers
|
|switch|p1a: Latias|Latias, F|319\/319
|-damage|p1a: Latias|280\/319|[from] Stealth Rock
|turn|17
|
|move|p2a: Thundurus|Thunder Wave|p1a: Latias
|-status|p1a: Latias|par
|cant|p1a: Latias|par
|
|-heal|p2a: Thundurus|240\/299|[from] item: Leftovers
|turn|18
|
|move|p2a: Thundurus|Hidden Power|p1a: Latias
|-supereffective|p1a: Latias
|-damage|p1a: Latias|178\/319 par
|move|p1a: Latias|Draco Meteor|p2a: Thundurus
|-damage|p2a: Thundurus|0 fnt
|-unboost|p1a: Latias|spa|2
|-damage|p1a: Latias|147\/319 par|[from] item: Life Orb
|faint|p2a: Thundurus
|
|
|switch|p2a: Heracross|Heracross-Mega, M|311\/311
|turn|19
|
|move|p2a: Heracross|Swords Dance|p2a: Heracross
|-boost|p2a: Heracross|atk|2
|cant|p1a: Latias|par
|
|turn|20
|
|move|p2a: Heracross|Pin Missile|p1a: Latias
|-supereffective|p1a: Latias
|-damage|p1a: Latias|0 fnt
|-hitcount|p1a: Latias|1
|faint|p1a: Latias
|
|
|switch|p1a: Gardevoir|Gardevoir, M|277\/277
|-activate|p1a: Gardevoir|move: Sticky Web
|-unboost|p1a: Gardevoir|spe|1
|-damage|p1a: Gardevoir|243\/277|[from] Stealth Rock
|-ability|p1a: Gardevoir|Skill Link|[from] ability: Trace|[of] p2a: Heracross
|turn|21
|
|switch|p1a: Landorus-Therian|Landorus-Therian, M|365\/365
|-damage|p1a: Landorus-Therian|320\/365|[from] Stealth Rock
|-ability|p1a: Landorus-Therian|Intimidate|[of] p2a: Heracross
|-unboost|p2a: Heracross|atk|1
|move|p2a: Heracross|Pin Missile|p1a: Landorus-Therian
|-resisted|p1a: Landorus-Therian
|-damage|p1a: Landorus-Therian|282\/365
|-resisted|p1a: Landorus-Therian
|-damage|p1a: Landorus-Therian|240\/365
|-resisted|p1a: Landorus-Therian
|-damage|p1a: Landorus-Therian|198\/365
|-resisted|p1a: Landorus-Therian
|-damage|p1a: Landorus-Therian|162\/365
|-resisted|p1a: Landorus-Therian
|-damage|p1a: Landorus-Therian|127\/365
|-hitcount|p1a: Landorus-Therian|5
|
|-heal|p1a: Landorus-Therian|149\/365|[from] item: Leftovers
|turn|22
|
|switch|p1a: Ferrothorn|Ferrothorn, F|201\/352 par
|-damage|p1a: Ferrothorn|179\/352 par|[from] Stealth Rock
|-activate|p1a: Ferrothorn|move: Sticky Web
|-unboost|p1a: Ferrothorn|spe|1
|move|p2a: Heracross|Pin Missile|p1a: Ferrothorn
|-damage|p1a: Ferrothorn|109\/352 par
|-damage|p1a: Ferrothorn|39\/352 par
|-damage|p1a: Ferrothorn|0 fnt
|-hitcount|p1a: Ferrothorn|3
|faint|p1a: Ferrothorn
|
|
|switch|p1a: Landorus-Therian|Landorus-Therian, M|149\/365
|-damage|p1a: Landorus-Therian|104\/365|[from] Stealth Rock
|-ability|p1a: Landorus-Therian|Intimidate|[of] p2a: Heracross
|-unboost|p2a: Heracross|atk|1
|turn|23
|
|move|p1a: Landorus-Therian|U-turn|p2a: Heracross
|-resisted|p2a: Heracross
|-damage|p2a: Heracross|275\/311
|
|switch|p1a: Rotom-Wash|Rotom-Wash|303\/303
|-damage|p1a: Rotom-Wash|266\/303|[from] Stealth Rock
|move|p2a: Heracross|Swords Dance|p2a: Heracross
|-boost|p2a: Heracross|atk|2
|
|turn|24
|
|move|p2a: Heracross|Pin Missile|p1a: Rotom-Wash
|-damage|p1a: Rotom-Wash|181\/303
|-damage|p1a: Rotom-Wash|85\/303
|-damage|p1a: Rotom-Wash|3\/303
|-damage|p1a: Rotom-Wash|0 fnt
|-hitcount|p1a: Rotom-Wash|4
|faint|p1a: Rotom-Wash
|
|-message|In Your Window forfeited.
|
|win|trillyntruly
|raw|Ladder updating...
|leave|In Your Window
|player|p1
|raw|In Your Window's rating: 1551 &rarr; <strong>1530<\/strong><br \/>(-21 for losing)
|raw|trillyntruly's rating: 1530 &rarr; <strong>1551<\/strong><br \/>(+21 for winning)