|join|live lavish
|join|In Your Window
|player|p1|live lavish|169
|player|p2|In Your Window|221
|gametype|singles
|gen|6
|tier|OU
|rated
|clearpoke
|poke|p1|Sylveon, F, shiny
|poke|p1|Ferrothorn, M
|poke|p1|Greninja, M
|poke|p1|Mawile, F
|poke|p1|Conkeldurr, M
|poke|p1|Rotom-Wash, shiny
|poke|p2|Gardevoir, F
|poke|p2|Bisharp, F, shiny
|poke|p2|Keldeo-Resolute
|poke|p2|Deoxys-Defense
|poke|p2|Landorus-Therian, M
|poke|p2|Thundurus, M
|rule|Swagger Clause: Swagger is banned
|rule|Baton Pass Clause: Limit three PokÃ©mon knowing Baton Pass
|rule|Sleep Clause Mod: Limit one foe put to sleep
|rule|Species Clause: Limit one of each PokÃ©mon
|rule|OHKO Clause: OHKO moves are banned
|rule|Moody Clause: Moody is banned
|rule|Evasion Moves Clause: Evasion moves are banned
|rule|Endless Battle Clause: Forcing endless battles is banned
|rule|HP Percentage Mod: HP is reported as percentages
|teampreview
|
|start
|switch|p1a: Rotom-Wash|Rotom-Wash, shiny|241\/241
|switch|p2a: Gamagoori|Deoxys-Defense|292\/292
|-ability|p2a: Gamagoori|Pressure
|turn|1
|
|move|p1a: Rotom-Wash|Trick|p2a: Gamagoori
|-activate|p1a: Rotom-Wash|move: Trick|[of] p2a: Gamagoori
|-item|p2a: Gamagoori|Choice Scarf|[from] move: Trick
|-item|p1a: Rotom-Wash|Mental Herb|[from] move: Trick
|move|p2a: Gamagoori|Stealth Rock|p1a: Rotom-Wash
|-sidestart|p1: live lavish|move: Stealth Rock
|
|turn|2
|
|switch|p2a: Ragyo|Gardevoir, F|277\/277
|-ability|p2a: Ragyo|Levitate|[from] ability: Trace|[of] p1a: Rotom-Wash
|move|p1a: Rotom-Wash|Volt Switch|p2a: Ragyo
|-damage|p2a: Ragyo|180\/277
|
|switch|p1a: Sylveon|Sylveon, F, shiny|394\/394
|-damage|p1a: Sylveon|345\/394|[from] Stealth Rock
|
|-heal|p1a: Sylveon|369\/394|[from] item: Leftovers
|turn|3
|
|detailschange|p2a: Ragyo|Gardevoir-Mega, F
|message|Gardevoir has Mega Evolved into Mega Gardevoir!
|move|p2a: Ragyo|Hyper Voice|p1a: Sylveon
|-damage|p1a: Sylveon|155\/394
|move|p1a: Sylveon|Hyper Voice|p2a: Ragyo
|-damage|p2a: Ragyo|14\/277
|
|-heal|p1a: Sylveon|179\/394|[from] item: Leftovers
|turn|4
|
|move|p2a: Ragyo|Hyper Voice|p1a: Sylveon
|-damage|p1a: Sylveon|0 fnt
|faint|p1a: Sylveon
|
|
|switch|p1a: Rotom-Wash|Rotom-Wash, shiny|241\/241
|-damage|p1a: Rotom-Wash|211\/241|[from] Stealth Rock
|turn|5
|
|move|p2a: Ragyo|Hyper Voice|p1a: Rotom-Wash
|-damage|p1a: Rotom-Wash|0 fnt
|faint|p1a: Rotom-Wash
|
|chat|live lavish|ok
|
|switch|p1a: Ferrothorn|Ferrothorn, M|352\/352
|-damage|p1a: Ferrothorn|330\/352|[from] Stealth Rock
|turn|6
|
|move|p2a: Ragyo|Hidden Power|p1a: Ferrothorn
|-supereffective|p1a: Ferrothorn
|-damage|p1a: Ferrothorn|10\/352
|move|p1a: Ferrothorn|Stealth Rock|p2a: Ragyo
|-sidestart|p2: In Your Window|move: Stealth Rock
|
|-heal|p1a: Ferrothorn|32\/352|[from] item: Leftovers
|turn|7
|
|move|p2a: Ragyo|Hidden Power|p1a: Ferrothorn
|-supereffective|p1a: Ferrothorn
|-damage|p1a: Ferrothorn|0 fnt
|faint|p1a: Ferrothorn
|
|
|switch|p1a: Conkeldurr|Conkeldurr, M|414\/414
|-damage|p1a: Conkeldurr|389\/414|[from] Stealth Rock
|turn|8
|
|switch|p2a: Tsumugu|Landorus-Therian, M|319\/319
|-damage|p2a: Tsumugu|280\/319|[from] Stealth Rock
|-ability|p2a: Tsumugu|Intimidate|[of] p1a: Conkeldurr
|-unboost|p1a: Conkeldurr|atk|1
|move|p1a: Conkeldurr|Mach Punch|p2a: Tsumugu
|-resisted|p2a: Tsumugu
|-damage|p2a: Tsumugu|242\/319
|
|-heal|p1a: Conkeldurr|414\/414|[from] item: Leftovers
|turn|9
|
|move|p2a: Tsumugu|U-turn|p1a: Conkeldurr
|-resisted|p1a: Conkeldurr
|-damage|p1a: Conkeldurr|369\/414
|
|switch|p2a: Gamagoori|Deoxys-Defense|292\/292
|-damage|p2a: Gamagoori|256\/292|[from] Stealth Rock
|-ability|p2a: Gamagoori|Pressure
|move|p1a: Conkeldurr|Fire Punch|p2a: Gamagoori
|-damage|p2a: Gamagoori|199\/292
|
|-heal|p1a: Conkeldurr|394\/414|[from] item: Leftovers
|turn|10
|
|move|p2a: Gamagoori|Spikes|p1a: Conkeldurr
|-sidestart|p1: live lavish|Spikes
|move|p1a: Conkeldurr|Bulk Up|p1a: Conkeldurr
|-boost|p1a: Conkeldurr|atk|1
|-boost|p1a: Conkeldurr|def|1
|
|-heal|p1a: Conkeldurr|414\/414|[from] item: Leftovers
|turn|11
|
|switch|p2a: Tsumugu|Landorus-Therian, M|242\/319
|-damage|p2a: Tsumugu|203\/319|[from] Stealth Rock
|-ability|p2a: Tsumugu|Intimidate|[of] p1a: Conkeldurr
|-unboost|p1a: Conkeldurr|atk|1
|move|p1a: Conkeldurr|Bulk Up|p1a: Conkeldurr
|-boost|p1a: Conkeldurr|atk|1
|-boost|p1a: Conkeldurr|def|1
|
|turn|12
|
|move|p2a: Tsumugu|Earthquake|p1a: Conkeldurr
|-damage|p1a: Conkeldurr|317\/414
|move|p1a: Conkeldurr|Drain Punch|p2a: Tsumugu
|-resisted|p2a: Tsumugu
|-damage|p2a: Tsumugu|100\/319
|-heal|p1a: Conkeldurr|369\/414|[from] drain|[of] p2a: Tsumugu
|
|-heal|p1a: Conkeldurr|394\/414|[from] item: Leftovers
|turn|13
|
|move|p2a: Tsumugu|Earthquake|p1a: Conkeldurr
|-damage|p1a: Conkeldurr|292\/414
|move|p1a: Conkeldurr|Drain Punch|p2a: Tsumugu
|-resisted|p2a: Tsumugu
|-damage|p2a: Tsumugu|0 fnt
|-heal|p1a: Conkeldurr|342\/414|[from] drain|[of] p2a: Tsumugu
|faint|p2a: Tsumugu
|
|-heal|p1a: Conkeldurr|367\/414|[from] item: Leftovers
|
|switch|p2a: Isshin|Thundurus, M|299\/299
|-damage|p2a: Isshin|225\/299|[from] Stealth Rock
|turn|14
|
|move|p2a: Isshin|Nasty Plot|p2a: Isshin
|-boost|p2a: Isshin|spa|2
|move|p1a: Conkeldurr|Fire Punch|p2a: Isshin
|-crit|p2a: Isshin
|-damage|p2a: Isshin|0 fnt
|faint|p2a: Isshin
|
|-heal|p1a: Conkeldurr|392\/414|[from] item: Leftovers
|
|switch|p2a: Satsuki|Keldeo-Resolute|322\/322
|-damage|p2a: Satsuki|302\/322|[from] Stealth Rock
|turn|15
|
|move|p2a: Satsuki|Hydro Pump|p1a: Conkeldurr
|-damage|p1a: Conkeldurr|5\/414
|move|p1a: Conkeldurr|Drain Punch|p2a: Satsuki
|-crit|p2a: Satsuki
|-damage|p2a: Satsuki|20\/322
|-heal|p1a: Conkeldurr|146\/414|[from] drain|[of] p2a: Satsuki
|
|-heal|p1a: Conkeldurr|171\/414|[from] item: Leftovers
|turn|16
|
|switch|p2a: Ragyo|Gardevoir-Mega, F|14\/277
|-damage|p2a: Ragyo|0 fnt|[from] Stealth Rock
|faint|p2a: Ragyo
|move|p1a: Conkeldurr|Mach Punch|p2: Ragyo|[notarget]
|-notarget
|
|-heal|p1a: Conkeldurr|196\/414|[from] item: Leftovers
|
|switch|p2a: Junketsu|Bisharp, F, shiny|271\/271
|-damage|p2a: Junketsu|255\/271|[from] Stealth Rock
|turn|17
|
|move|p2a: Junketsu|Sucker Punch|p1a: Conkeldurr
|-resisted|p1a: Conkeldurr
|-damage|p1a: Conkeldurr|140\/414
|-damage|p2a: Junketsu|228\/271|[from] item: Life Orb
|move|p1a: Conkeldurr|Mach Punch|p2a: Junketsu
|-supereffective|p2a: Junketsu
|-damage|p2a: Junketsu|0 fnt
|faint|p2a: Junketsu
|
|-heal|p1a: Conkeldurr|165\/414|[from] item: Leftovers
|-message|In Your Window forfeited.
|
|win|live lavish
|raw|Ladder updating...
|leave|In Your Window
|player|p2
|raw|live lavish's rating: 1611 &rarr; <strong>1632<\/strong><br \/>(+21 for winning)
|raw|In Your Window's rating: 1625 &rarr; <strong>1604<\/strong><br \/>(-21 for losing)