|join|Easily Angered
|join|In Your Window
|player|p1|Easily Angered|170
|player|p2|In Your Window|265
|gametype|singles
|gen|6
|tier|OU
|rated
|clearpoke
|poke|p1|Charizard, M
|poke|p1|Latias, F
|poke|p1|Ninetales, F
|poke|p1|Donphan, M
|poke|p1|Venusaur, M
|poke|p1|Terrakion
|poke|p2|Tangrowth, F
|poke|p2|Heatran, F
|poke|p2|Latios, M
|poke|p2|Manectric, M
|poke|p2|Landorus-Therian, M
|poke|p2|Gengar, M
|rule|Swagger Clause: Swagger is banned
|rule|Baton Pass Clause: Limit one PokÃ©mon knowing Baton Pass
|rule|Sleep Clause Mod: Limit one foe put to sleep
|rule|Species Clause: Limit one of each PokÃ©mon
|rule|OHKO Clause: OHKO moves are banned
|rule|Moody Clause: Moody is banned
|rule|Evasion Moves Clause: Evasion moves are banned
|rule|Endless Battle Clause: Forcing endless battles is banned
|rule|HP Percentage Mod: HP is shown in percentages
|teampreview
|
|start
|switch|p1a: Donphan|Donphan, M|384\/384
|switch|p2a: Manectric|Manectric, M|281\/281
|turn|1
|
|switch|p2a: Landorus-Therian|Landorus-Therian, M|325\/325
|-ability|p2a: Landorus-Therian|Intimidate|[of] p1a: Donphan
|-unboost|p1a: Donphan|atk|1
|move|p1a: Donphan|Stealth Rock|p2a: Landorus-Therian
|-sidestart|p2: In Your Window|move: Stealth Rock
|
|turn|2
|
|move|p1a: Donphan|Ice Shard|p2a: Landorus-Therian
|-supereffective|p2a: Landorus-Therian
|-damage|p2a: Landorus-Therian|201\/325
|move|p2a: Landorus-Therian|U-turn|p1a: Donphan
|-damage|p1a: Donphan|316\/384
|
|switch|p2a: Gengar|Gengar, M|261\/261
|-damage|p2a: Gengar|229\/261|[from] Stealth Rock
|
|-heal|p1a: Donphan|340\/384|[from] item: Leftovers
|turn|3
|
|switch|p1a: Ninetales|Ninetales, F|301\/301
|-weather|SunnyDay
|move|p2a: Gengar|Shadow Ball|p1a: Ninetales
|-damage|p1a: Ninetales|167\/301
|-unboost|p1a: Ninetales|spd|1
|-damage|p2a: Gengar|203\/261|[from] item: Life Orb
|
|-weather|SunnyDay|[upkeep]
|turn|4
|
|switch|p1a: Terrakion|Terrakion|323\/323
|move|p2a: Gengar|Sludge Wave|p1a: Terrakion
|-resisted|p1a: Terrakion
|-damage|p1a: Terrakion|202\/323
|-damage|p2a: Gengar|177\/261|[from] item: Life Orb
|
|-weather|SunnyDay|[upkeep]
|turn|5
|
|switch|p2a: Tangrowth|Tangrowth, F|404\/404
|-damage|p2a: Tangrowth|354\/404|[from] Stealth Rock
|move|p1a: Terrakion|Rock Slide|p2a: Tangrowth
|-damage|p2a: Tangrowth|266\/404
|
|-weather|SunnyDay|[upkeep]
|-heal|p2a: Tangrowth|291\/404|[from] item: Leftovers
|turn|6
|
|switch|p1a: Venusaur|Venusaur, M|363\/363
|move|p2a: Tangrowth|Sleep Powder|p1a: Venusaur
|-fail|p1a: Venusaur
|
|-weather|SunnyDay|[upkeep]
|-heal|p2a: Tangrowth|316\/404|[from] item: Leftovers
|turn|7
|
|switch|p2a: Heatran|Heatran, F|385\/385
|-damage|p2a: Heatran|337\/385|[from] Stealth Rock
|move|p1a: Venusaur|Sludge Bomb|p2a: Heatran
|-immune|p2a: Heatran|[msg]
|
|-weather|SunnyDay|[upkeep]
|-heal|p2a: Heatran|361\/385|[from] item: Leftovers
|turn|8
|
|switch|p1a: Ninetales|Ninetales, F|167\/301
|move|p2a: Heatran|Stealth Rock|p1a: Ninetales
|-sidestart|p1: Easily Angered|move: Stealth Rock
|
|-weather|SunnyDay|[upkeep]
|-heal|p2a: Heatran|385\/385|[from] item: Leftovers
|turn|9
|
|move|p2a: Heatran|Toxic|p1a: Ninetales
|-status|p1a: Ninetales|tox
|move|p1a: Ninetales|Roar|p2a: Heatran
|drag|p2a: Gengar|Gengar, M|177\/261
|-damage|p2a: Gengar|145\/261|[from] Stealth Rock
|
|-weather|SunnyDay|[upkeep]
|-damage|p1a: Ninetales|149\/301 tox|[from] psn
|turn|10
|
|move|p2a: Gengar|Sludge Wave|p1a: Ninetales
|-damage|p1a: Ninetales|0 fnt
|-damage|p2a: Gengar|119\/261|[from] item: Life Orb
|faint|p1a: Ninetales
|
|-weather|none
|
|switch|p1a: Terrakion|Terrakion|202\/323
|-damage|p1a: Terrakion|182\/323|[from] Stealth Rock
|turn|11
|
|switch|p2a: Tangrowth|Tangrowth, F|404\/404
|-damage|p2a: Tangrowth|354\/404|[from] Stealth Rock
|move|p1a: Terrakion|Rock Slide|p2a: Tangrowth
|-damage|p2a: Tangrowth|266\/404
|
|-heal|p2a: Tangrowth|291\/404|[from] item: Leftovers
|turn|12
|
|switch|p1a: Venusaur|Venusaur, M|363\/363
|-damage|p1a: Venusaur|318\/363|[from] Stealth Rock
|move|p2a: Tangrowth|Hidden Power|p1a: Venusaur
|-supereffective|p1a: Venusaur
|-damage|p1a: Venusaur|214\/363
|
|-heal|p1a: Venusaur|236\/363|[from] item: Black Sludge
|-heal|p2a: Tangrowth|316\/404|[from] item: Leftovers
|turn|13
|
|switch|p1a: Terrakion|Terrakion|182\/323
|-damage|p1a: Terrakion|162\/323|[from] Stealth Rock
|switch|p2a: Heatran|Heatran, F|385\/385
|-damage|p2a: Heatran|337\/385|[from] Stealth Rock
|
|-heal|p2a: Heatran|361\/385|[from] item: Leftovers
|turn|14
|
|move|p2a: Heatran|Protect|p2a: Heatran
|-singleturn|p2a: Heatran|Protect
|move|p1a: Terrakion|Close Combat|p2a: Heatran
|-activate|p2a: Heatran|Protect
|
|-heal|p2a: Heatran|385\/385|[from] item: Leftovers
|turn|15
|
|switch|p1a: Latias|Latias, F|321\/321
|-damage|p1a: Latias|281\/321|[from] Stealth Rock
|switch|p2a: Landorus-Therian|Landorus-Therian, M|201\/325
|-damage|p2a: Landorus-Therian|161\/325|[from] Stealth Rock
|-ability|p2a: Landorus-Therian|Intimidate|[of] p1a: Latias
|-unboost|p1a: Latias|atk|1
|
|-heal|p1a: Latias|301\/321|[from] item: Leftovers
|turn|16
|
|switch|p1a: Donphan|Donphan, M|340\/384
|-damage|p1a: Donphan|316\/384|[from] Stealth Rock
|move|p2a: Landorus-Therian|U-turn|p1a: Donphan
|-damage|p1a: Donphan|252\/384
|
|switch|p2a: Latios|Latios, M|301\/301
|-damage|p2a: Latios|264\/301|[from] Stealth Rock
|
|-heal|p1a: Donphan|276\/384|[from] item: Leftovers
|turn|17
|
|move|p2a: Latios|Surf|p1a: Donphan
|-supereffective|p1a: Donphan
|-damage|p1a: Donphan|0 fnt
|-damage|p2a: Latios|234\/301|[from] item: Life Orb
|faint|p1a: Donphan
|
|
|switch|p1a: Terrakion|Terrakion|162\/323
|-damage|p1a: Terrakion|142\/323|[from] Stealth Rock
|turn|18
|
|switch|p2a: Tangrowth|Tangrowth, F|404\/404
|-damage|p2a: Tangrowth|354\/404|[from] Stealth Rock
|move|p1a: Terrakion|X-Scissor|p2a: Tangrowth
|-supereffective|p2a: Tangrowth
|-damage|p2a: Tangrowth|226\/404
|
|-heal|p2a: Tangrowth|251\/404|[from] item: Leftovers
|turn|19
|
|switch|p1a: Latias|Latias, F|301\/321
|-damage|p1a: Latias|261\/321|[from] Stealth Rock
|move|p2a: Tangrowth|Knock Off|p1a: Latias
|-supereffective|p1a: Latias
|-damage|p1a: Latias|81\/321
|-enditem|p1a: Latias|Leftovers|[from] move: Knock Off|[of] p2a: Tangrowth
|
|-heal|p2a: Tangrowth|276\/404|[from] item: Leftovers
|turn|20
|
|switch|p2a: Heatran|Heatran, F|385\/385
|-damage|p2a: Heatran|337\/385|[from] Stealth Rock
|move|p1a: Latias|Defog|p2a: Heatran
|-unboost|p2a: Heatran|evasion|1
|-sideend|p2: In Your Window|Stealth Rock|[from] move: Defog|[of] p2a: Heatran
|-sideend|p1: Easily Angered|Stealth Rock|[from] move: Defog|[of] p1a: Latias
|
|-heal|p2a: Heatran|361\/385|[from] item: Leftovers
|turn|21
|
|move|p1a: Latias|Roost|p1a: Latias
|-heal|p1a: Latias|242\/321
|move|p2a: Heatran|Stealth Rock|p1a: Latias
|-sidestart|p1: Easily Angered|move: Stealth Rock
|
|-heal|p2a: Heatran|385\/385|[from] item: Leftovers
|turn|22
|
|move|p1a: Latias|Roost|p1a: Latias
|-heal|p1a: Latias|321\/321
|move|p2a: Heatran|Toxic|p1a: Latias
|-status|p1a: Latias|tox
|
|-damage|p1a: Latias|301\/321 tox|[from] psn
|turn|23
|
|move|p1a: Latias|Defog|p2a: Heatran
|-unboost|p2a: Heatran|evasion|1
|-sideend|p1: Easily Angered|Stealth Rock|[from] move: Defog|[of] p1a: Latias
|move|p2a: Heatran|Lava Plume|p1a: Latias
|-resisted|p1a: Latias
|-damage|p1a: Latias|250\/321 tox
|
|-damage|p1a: Latias|210\/321 tox|[from] psn
|turn|24
|
|switch|p1a: Charizard|Charizard, M|297\/297
|move|p2a: Heatran|Stealth Rock|p1a: Charizard
|-sidestart|p1: Easily Angered|move: Stealth Rock
|
|turn|25
|
|detailschange|p1a: Charizard|Charizard-Mega-Y, M
|message|Charizard has Mega Evolved into Mega Charizard!
|-weather|SunnyDay
|move|p2a: Heatran|Protect|p2a: Heatran
|-singleturn|p2a: Heatran|Protect
|move|p1a: Charizard|Earthquake|p2a: Heatran
|-activate|p2a: Heatran|Protect
|
|-weather|SunnyDay|[upkeep]
|turn|26
|
|switch|p2a: Latios|Latios, M|234\/301
|move|p1a: Charizard|Flamethrower|p2a: Latios
|-crit|p2a: Latios
|-resisted|p2a: Latios
|-damage|p2a: Latios|30\/301
|
|-weather|SunnyDay|[upkeep]
|turn|27
|
|switch|p2a: Gengar|Gengar, M|119\/261
|switch|p1a: Venusaur|Venusaur, M|236\/363
|-damage|p1a: Venusaur|191\/363|[from] Stealth Rock
|
|-weather|SunnyDay|[upkeep]
|-heal|p1a: Venusaur|213\/363|[from] item: Black Sludge
|turn|28
|
|switch|p2a: Heatran|Heatran, F|385\/385
|move|p1a: Venusaur|Hidden Power|p2a: Heatran
|-start|p2a: Heatran|ability: Flash Fire
|
|-weather|SunnyDay|[upkeep]
|-heal|p1a: Venusaur|235\/363|[from] item: Black Sludge
|turn|29
|
|switch|p1a: Latias|Latias, F|210\/321 tox
|-damage|p1a: Latias|170\/321 tox|[from] Stealth Rock
|move|p2a: Heatran|Lava Plume|p1a: Latias
|-resisted|p1a: Latias
|-damage|p1a: Latias|72\/321 tox
|
|-weather|none
|-damage|p1a: Latias|52\/321 tox|[from] psn
|turn|30
|
|move|p1a: Latias|Roost|p1a: Latias
|-heal|p1a: Latias|213\/321 tox
|move|p2a: Heatran|Stealth Rock|p1a: Latias
|-fail|p1a: Latias
|
|-damage|p1a: Latias|173\/321 tox|[from] psn
|turn|31
|
|move|p2a: Heatran|Protect|p2a: Heatran
|-singleturn|p2a: Heatran|Protect
|move|p1a: Latias|Defog|p2a: Heatran
|-activate|p2a: Heatran|Protect
|
|-damage|p1a: Latias|113\/321 tox|[from] psn
|turn|32
|c|âEasily Angered|youre a fucking cocksucker man
|c|âEasily Angered|tran blows
|leave|Easily Angered
|player|p1
|-message|easilyangered lost due to inactivity.
|
|win|In Your Window
|raw|Ladder updating...
|raw|Easily Angered's rating: 1424 &rarr; <strong>1407<\/strong><br \/>(-17 for losing)
|raw|In Your Window's rating: 1475 &rarr; <strong>1492<\/strong><br \/>(+17 for winning)