|join|In Your Window
|join|ggggg88888
|player|p1|In Your Window|265
|player|p2|ggggg88888|229
|gametype|singles
|gen|6
|tier|OU
|rated
|clearpoke
|poke|p1|Magnezone, shiny
|poke|p1|Landorus-Therian, M, shiny
|poke|p1|Latias, F, shiny
|poke|p1|Azumarill, F, shiny
|poke|p1|Pinsir, M, shiny
|poke|p1|Greninja, M, shiny
|poke|p2|Mawile, F, shiny
|poke|p2|Keldeo, shiny
|poke|p2|Mamoswine, M
|poke|p2|Garchomp, F
|poke|p2|Thundurus, M
|poke|p2|Conkeldurr, F
|rule|Swagger Clause: Swagger is banned
|rule|Baton Pass Clause: Limit one PokÃ©mon knowing Baton Pass
|rule|Sleep Clause Mod: Limit one foe put to sleep
|rule|Species Clause: Limit one of each PokÃ©mon
|rule|OHKO Clause: OHKO moves are banned
|rule|Moody Clause: Moody is banned
|rule|Evasion Moves Clause: Evasion moves are banned
|rule|Endless Battle Clause: Forcing endless battles is banned
|rule|HP Percentage Mod: HP is shown in percentages
|teampreview
|
|start
|switch|p1a: Azumarill|Azumarill, F, shiny|401\/401
|switch|p2a: Thundurus|Thundurus, M|300\/300
|turn|1
|
|move|p2a: Thundurus|Thunderbolt|p1a: Azumarill
|-supereffective|p1a: Azumarill
|-damage|p1a: Azumarill|89\/401
|move|p1a: Azumarill|Play Rough|p2a: Thundurus
|-damage|p2a: Thundurus|15\/300
|-unboost|p2a: Thundurus|atk|1
|
|turn|2
|
|switch|p2a: Keldeo|Keldeo, shiny|324\/324
|switch|p1a: Magnezone|Magnezone, shiny|281\/281
|
|turn|3
|
|move|p1a: Magnezone|Thunderbolt|p2a: Keldeo
|-supereffective|p2a: Keldeo
|-damage|p2a: Keldeo|0 fnt
|faint|p2a: Keldeo
|
|
|switch|p2a: Garchomp|Garchomp, F|358\/358
|turn|4
|
|switch|p1a: Landorus-Therian|Landorus-Therian, M, shiny|375\/375
|-ability|p1a: Landorus-Therian|Intimidate|[of] p2a: Garchomp
|-unboost|p2a: Garchomp|atk|1
|move|p2a: Garchomp|Iron Head|p1a: Landorus-Therian
|-damage|p1a: Landorus-Therian|317\/375
|
|-heal|p1a: Landorus-Therian|340\/375|[from] item: Leftovers
|turn|5
|
|switch|p2a: Conkeldurr|Conkeldurr, F|378\/378
|move|p1a: Landorus-Therian|Stealth Rock|p2a: Conkeldurr
|-sidestart|p2: ggggg88888|move: Stealth Rock
|
|-heal|p1a: Landorus-Therian|363\/375|[from] item: Leftovers
|turn|6
|
|move|p1a: Landorus-Therian|U-turn|p2a: Conkeldurr
|-crit|p2a: Conkeldurr
|-resisted|p2a: Conkeldurr
|-damage|p2a: Conkeldurr|327\/378
|
|switch|p1a: Azumarill|Azumarill, F, shiny|89\/401
|move|p2a: Conkeldurr|Knock Off|p1a: Azumarill
|-resisted|p1a: Azumarill
|-damage|p1a: Azumarill|12\/401
|-enditem|p1a: Azumarill|Assault Vest|[from] move: Knock Off|[of] p2a: Conkeldurr
|
|turn|7
|
|move|p1a: Azumarill|Aqua Jet|p2a: Conkeldurr
|-damage|p2a: Conkeldurr|252\/378
|move|p2a: Conkeldurr|Mach Punch|p1a: Azumarill
|-resisted|p1a: Azumarill
|-damage|p1a: Azumarill|0 fnt
|faint|p1a: Azumarill
|
|
|switch|p1a: Pinsir|Pinsir, M, shiny|271\/271
|turn|8
|
|switch|p2a: Garchomp|Garchomp, F|358\/358
|-damage|p2a: Garchomp|336\/358|[from] Stealth Rock
|detailschange|p1a: Pinsir|Pinsir-Mega, M, shiny
|message|Pinsir has Mega Evolved into Mega Pinsir!
|move|p1a: Pinsir|Frustration|p2a: Garchomp
|-crit|p2a: Garchomp
|-damage|p2a: Garchomp|0 fnt
|-damage|p1a: Pinsir|238\/271|[from] ability: Rough Skin|[of] p2a: Garchomp
|faint|p2a: Garchomp
|
|
|switch|p2a: Mamoswine|Mamoswine, M|361\/361
|-damage|p2a: Mamoswine|316\/361|[from] Stealth Rock
|turn|9
|
|switch|p1a: Greninja|Greninja, M, shiny|285\/285
|move|p2a: Mamoswine|Ice Shard|p1a: Greninja
|-resisted|p1a: Greninja
|-damage|p1a: Greninja|228\/285
|
|turn|10
|
|move|p1a: Greninja|Hidden Power|p2a: Mamoswine
|-start|p1a: Greninja|typechange|Grass|[from] Protean
|-supereffective|p2a: Mamoswine
|-damage|p2a: Mamoswine|0 fnt
|-damage|p1a: Greninja|200\/285|[from] item: Life Orb
|faint|p2a: Mamoswine
|
|
|switch|p2a: Conkeldurr|Conkeldurr, F|252\/378
|-damage|p2a: Conkeldurr|229\/378|[from] Stealth Rock
|turn|11
|
|switch|p1a: Landorus-Therian|Landorus-Therian, M, shiny|363\/375
|-ability|p1a: Landorus-Therian|Intimidate|[of] p2a: Conkeldurr
|-unboost|p2a: Conkeldurr|atk|1
|move|p2a: Conkeldurr|Drain Punch|p1a: Landorus-Therian
|-resisted|p1a: Landorus-Therian
|-damage|p1a: Landorus-Therian|326\/375
|-heal|p2a: Conkeldurr|248\/378|[from] drain|[of] p1a: Landorus-Therian
|
|-heal|p1a: Landorus-Therian|349\/375|[from] item: Leftovers
|turn|12
|
|move|p1a: Landorus-Therian|Earthquake|p2a: Conkeldurr
|-damage|p2a: Conkeldurr|98\/378
|move|p2a: Conkeldurr|Ice Punch|p1a: Landorus-Therian
|-supereffective|p1a: Landorus-Therian
|-damage|p1a: Landorus-Therian|141\/375
|
|-heal|p1a: Landorus-Therian|164\/375|[from] item: Leftovers
|turn|13
|
|move|p2a: Conkeldurr|Mach Punch|p1a: Landorus-Therian
|-resisted|p1a: Landorus-Therian
|-damage|p1a: Landorus-Therian|143\/375
|move|p1a: Landorus-Therian|Earthquake|p2a: Conkeldurr
|-damage|p2a: Conkeldurr|0 fnt
|faint|p2a: Conkeldurr
|
|-heal|p1a: Landorus-Therian|166\/375|[from] item: Leftovers
|
|switch|p2a: Thundurus|Thundurus, M|15\/300
|-damage|p2a: Thundurus|0 fnt|[from] Stealth Rock
|faint|p2a: Thundurus
|
|switch|p2a: Mawile|Mawile, F, shiny|300\/300
|-damage|p2a: Mawile|282\/300|[from] Stealth Rock
|-ability|p2a: Mawile|Intimidate|[of] p1a: Landorus-Therian
|-unboost|p1a: Landorus-Therian|atk|1
|turn|14
|
|detailschange|p2a: Mawile|Mawile-Mega, F, shiny
|message|Mawile has Mega Evolved into Mega Mawile!
|move|p1a: Landorus-Therian|Earthquake|p2a: Mawile
|-crit|p2a: Mawile
|-supereffective|p2a: Mawile
|-damage|p2a: Mawile|0 fnt
|faint|p2a: Mawile
|
|win|In Your Window
|raw|Ladder updating...
|raw|In Your Window's rating: 1684 &rarr; <strong>1698<\/strong><br \/>(+14 for winning)
|raw|ggggg88888's rating: 1568 &rarr; <strong>1554<\/strong><br \/>(-14 for losing)
|leave|In Your Window
|player|p1