|join|TheBlueSun
|join|In Your Window
|c|âTheBlueSun|hf
|c|âIn Your Window|glhf
|player|p1|TheBlueSun|15
|player|p2|In Your Window|38
|gametype|singles
|gen|6
|tier|OU
|rated
|clearpoke
|poke|p1|Metagross
|poke|p1|Clefable, F, shiny
|poke|p1|Keldeo-Resolute
|poke|p1|Chandelure, F
|poke|p1|Latios, M
|poke|p1|Landorus, M
|poke|p2|Diancie
|poke|p2|Latios, M
|poke|p2|Keldeo
|poke|p2|Scizor, M
|poke|p2|Landorus-Therian, M
|poke|p2|Raikou
|rule|Swagger Clause: Swagger is banned
|rule|Baton Pass Clause: Limit one PokÃ©mon knowing Baton Pass
|rule|Sleep Clause Mod: Limit one foe put to sleep
|rule|Species Clause: Limit one of each PokÃ©mon
|rule|OHKO Clause: OHKO moves are banned
|rule|Moody Clause: Moody is banned
|rule|Evasion Moves Clause: Evasion moves are banned
|rule|Endless Battle Clause: Forcing endless battles is banned
|rule|HP Percentage Mod: HP is shown in percentages
|teampreview
|join|HackerPlayz
|
|start
|switch|p1a: YES|Keldeo-Resolute|323\/323
|switch|p2a: Latios|Latios, M|299\/299
|turn|1
|c| HackerPlayz|hi
|c|âTheBlueSun|hi
|c|âIn Your Window|hey
|c| HackerPlayz|sooo who is winning?
|
|switch|p1a: YES|Clefable, F, shiny|394\/394
|move|p2a: Latios|Psyshock|p1a: YES
|-damage|p1a: YES|238\/394
|-damage|p2a: Latios|270\/299|[from] item: Life Orb
|
|-heal|p1a: YES|262\/394|[from] item: Leftovers
|turn|2
|c|âTheBlueSun|not the hp fire latios
|c|âTheBlueSun|.-.
|
|switch|p2a: Landorus-Therian|Landorus-Therian, M|323\/323
|-ability|p2a: Landorus-Therian|Intimidate|[of] p1a: YES
|-unboost|p1a: YES|atk|1
|move|p1a: YES|Moonlight|p1a: YES
|-heal|p1a: YES|394\/394
|
|turn|3
|
|move|p2a: Landorus-Therian|Stealth Rock|p1a: YES
|-sidestart|p1: TheBlueSun|move: Stealth Rock
|move|p1a: YES|Stealth Rock|p2a: Landorus-Therian
|-sidestart|p2: In Your Window|move: Stealth Rock
|
|turn|4
|
|move|p2a: Landorus-Therian|Knock Off|p1a: YES
|-crit|p1a: YES
|-resisted|p1a: YES
|-damage|p1a: YES|318\/394
|-enditem|p1a: YES|Leftovers|[from] move: Knock Off|[of] p2a: Landorus-Therian
|move|p1a: YES|Thunder Wave|p2a: Landorus-Therian
|-immune|p2a: Landorus-Therian|[msg]
|
|turn|5
|
|move|p2a: Landorus-Therian|Earthquake|p1a: YES
|-damage|p1a: YES|162\/394
|move|p1a: YES|Thunder Wave|p2a: Landorus-Therian
|-immune|p2a: Landorus-Therian|[msg]
|
|turn|6
|
|move|p2a: Landorus-Therian|U-turn|p1a: YES
|-resisted|p1a: YES
|-damage|p1a: YES|125\/394
|
|switch|p2a: Raikou|Raikou|321\/321
|-damage|p2a: Raikou|281\/321|[from] Stealth Rock
|-ability|p2a: Raikou|Pressure
|move|p1a: YES|Moonlight|p1a: YES
|-heal|p1a: YES|322\/394
|
|turn|7
|
|move|p2a: Raikou|Volt Switch|p1a: YES
|-damage|p1a: YES|145\/394
|
|switch|p2a: Landorus-Therian|Landorus-Therian, M|323\/323
|-damage|p2a: Landorus-Therian|283\/323|[from] Stealth Rock
|-ability|p2a: Landorus-Therian|Intimidate|[of] p1a: YES
|-unboost|p1a: YES|atk|1
|move|p1a: YES|Moonlight|p1a: YES
|-heal|p1a: YES|342\/394
|
|turn|8
|
|move|p2a: Landorus-Therian|Earthquake|p1a: YES
|-damage|p1a: YES|171\/394
|move|p1a: YES|Moonblast|p2a: Landorus-Therian
|-damage|p2a: Landorus-Therian|150\/323
|
|turn|9
|
|move|p2a: Landorus-Therian|Earthquake|p1a: YES
|-damage|p1a: YES|0 fnt
|faint|p1a: YES
|
|
|switch|p1a: YES|Keldeo-Resolute|323\/323
|-damage|p1a: YES|303\/323|[from] Stealth Rock
|turn|10
|
|switch|p2a: Latios|Latios, M|270\/299
|-damage|p2a: Latios|233\/299|[from] Stealth Rock
|move|p1a: YES|Substitute|p1a: YES
|-start|p1a: YES|Substitute
|-damage|p1a: YES|223\/323
|
|-heal|p1a: YES|243\/323|[from] item: Leftovers
|turn|11
|
|switch|p1a: YES|Metagross|301\/301
|-damage|p1a: YES|283\/301|[from] Stealth Rock
|move|p2a: Latios|Psyshock|p1a: YES
|-resisted|p1a: YES
|-damage|p1a: YES|245\/301
|-damage|p2a: Latios|204\/299|[from] item: Life Orb
|
|turn|12
|
|detailschange|p1a: YES|Metagross-Mega
|-mega|p1a: YES|Metagross|Metagrossite
|move|p2a: Latios|Hidden Power|p1a: YES
|-supereffective|p1a: YES
|-damage|p1a: YES|86\/301
|-damage|p2a: Latios|175\/299|[from] item: Life Orb
|move|p1a: YES|Pursuit|p2a: Latios
|-supereffective|p2a: Latios
|-damage|p2a: Latios|0 fnt
|faint|p2a: Latios
|
|c|âTheBlueSun|if you shuffle your mons around a bit
|c|âTheBlueSun|in the teambuilder
|c|âTheBlueSun|its not as easy to see
|c|âTheBlueSun|its hp fire
|
|switch|p2a: Scizor|Scizor, M|281\/281
|-damage|p2a: Scizor|246\/281|[from] Stealth Rock
|turn|13
|c|âTheBlueSun|but now its next to the diancie
|c|âTheBlueSun|lol
|c|âIn Your Window|lol true
|
|move|p1a: YES|Zen Headbutt|p2a: Scizor
|-resisted|p2a: Scizor
|-damage|p2a: Scizor|144\/281
|move|p2a: Scizor|U-turn|p1a: YES
|-damage|p1a: YES|0 fnt
|faint|p1a: YES
|
|switch|p2a: Raikou|Raikou|281\/321
|-damage|p2a: Raikou|241\/321|[from] Stealth Rock
|-ability|p2a: Raikou|Pressure
|
|
|switch|p1a: YES|Latios, M|301\/301
|-damage|p1a: YES|264\/301|[from] Stealth Rock
|turn|14
|
|move|p2a: Raikou|Volt Switch|p1a: YES
|-resisted|p1a: YES
|-damage|p1a: YES|187\/301
|
|switch|p2a: Scizor|Scizor, M|144\/281
|-damage|p2a: Scizor|109\/281|[from] Stealth Rock
|move|p1a: YES|Psyshock|p2a: Scizor
|-resisted|p2a: Scizor
|-damage|p2a: Scizor|12\/281
|-damage|p1a: YES|157\/301|[from] item: Life Orb
|
|turn|15
|
|move|p1a: YES|Psyshock|p2a: Scizor
|-resisted|p2a: Scizor
|-damage|p2a: Scizor|0 fnt
|-damage|p1a: YES|127\/301|[from] item: Life Orb
|faint|p2a: Scizor
|
|
|switch|p2a: Raikou|Raikou|241\/321
|-damage|p2a: Raikou|201\/321|[from] Stealth Rock
|-ability|p2a: Raikou|Pressure
|turn|16
|
|move|p2a: Raikou|Shadow Ball|p1a: YES
|-supereffective|p1a: YES
|-damage|p1a: YES|0 fnt
|faint|p1a: YES
|
|
|switch|p1a: NOOOOOOO|Landorus, M|319\/319
|-damage|p1a: NOOOOOOO|280\/319|[from] Stealth Rock
|turn|17
|
|switch|p2a: Landorus-Therian|Landorus-Therian, M|150\/323
|-damage|p2a: Landorus-Therian|110\/323|[from] Stealth Rock
|-ability|p2a: Landorus-Therian|Intimidate|[of] p1a: NOOOOOOO
|-unboost|p1a: NOOOOOOO|atk|1
|move|p1a: NOOOOOOO|Rock Polish|p1a: NOOOOOOO
|-boost|p1a: NOOOOOOO|spe|2
|
|turn|18
|leave|HackerPlayz
|
|move|p1a: NOOOOOOO|Psychic|p2a: Landorus-Therian
|-damage|p2a: Landorus-Therian|0 fnt
|faint|p2a: Landorus-Therian
|
|-message|In Your Window forfeited.
|leave|In Your Window
|c|âTheBlueSun|gg
|
|win|TheBlueSun
|raw|Ladder updating...
|player|p2
|raw|TheBlueSun's rating: 1570 &rarr; <strong>1585<\/strong><br \/>(+15 for winning)
|raw|In Your Window's rating: 1485 &rarr; <strong>1470<\/strong><br \/>(-15 for losing)