|join|In Your Window
|join|ZaneCyber
|player|p1|In Your Window|38
|player|p2|ZaneCyber|170
|gametype|singles
|gen|6
|tier|OU
|rated
|clearpoke
|poke|p1|Sableye, M
|poke|p1|Volcarona, F
|poke|p1|Rotom-Wash
|poke|p1|Gliscor, F
|poke|p1|Ferrothorn, F
|poke|p1|Latios, M
|poke|p2|Altaria, M
|poke|p2|Magnezone
|poke|p2|Cresselia, F
|poke|p2|Zapdos
|poke|p2|Infernape, M
|poke|p2|Landorus, M
|rule|Swagger Clause: Swagger is banned
|rule|Baton Pass Clause: Limit one PokÃ©mon knowing Baton Pass
|rule|Sleep Clause Mod: Limit one foe put to sleep
|rule|Species Clause: Limit one of each PokÃ©mon
|rule|OHKO Clause: OHKO moves are banned
|rule|Moody Clause: Moody is banned
|rule|Evasion Moves Clause: Evasion moves are banned
|rule|Endless Battle Clause: Forcing endless battles is banned
|rule|HP Percentage Mod: HP is shown in percentages
|teampreview
|
|start
|switch|p1a: Sableye|Sableye, M|303\/303
|switch|p2a: Infernape|Infernape, M|293\/293
|turn|1
|
|detailschange|p1a: Sableye|Sableye-Mega, M
|-mega|p1a: Sableye|Sableye|Sablenite
|move|p2a: Infernape|Flare Blitz|p1a: Sableye
|-damage|p1a: Sableye|115\/303
|-damage|p2a: Infernape|231\/293|[from] recoil|[of] p1a: Sableye
|-damage|p2a: Infernape|202\/293|[from] item: Life Orb
|move|p1a: Sableye|Knock Off|p2a: Infernape
|-resisted|p2a: Infernape
|-damage|p2a: Infernape|130\/293
|-enditem|p2a: Infernape|Life Orb|[from] move: Knock Off|[of] p1a: Sableye
|
|turn|2
|
|switch|p1a: Rotom-Wash|Rotom-Wash|303\/303
|move|p2a: Infernape|Overheat|p1a: Rotom-Wash
|-resisted|p1a: Rotom-Wash
|-damage|p1a: Rotom-Wash|234\/303
|-unboost|p2a: Infernape|spa|2
|
|-heal|p1a: Rotom-Wash|252\/303|[from] item: Leftovers
|turn|3
|
|move|p2a: Infernape|Close Combat|p1a: Rotom-Wash
|-damage|p1a: Rotom-Wash|122\/303
|-unboost|p2a: Infernape|def|1
|-unboost|p2a: Infernape|spd|1
|move|p1a: Rotom-Wash|Volt Switch|p2a: Infernape
|-damage|p2a: Infernape|0 fnt
|faint|p2a: Infernape
|
|switch|p1a: Gliscor|Gliscor, F|352\/352
|
|-status|p1a: Gliscor|tox|[from] item: Toxic Orb
|
|switch|p2a: Altaria|Altaria, M|291\/291
|turn|4
|
|detailschange|p2a: Altaria|Altaria-Mega, M
|-mega|p2a: Altaria|Altaria|Altarianite
|move|p2a: Altaria|Dragon Dance|p2a: Altaria
|-boost|p2a: Altaria|atk|1
|-boost|p2a: Altaria|spe|1
|move|p1a: Gliscor|Taunt|p2a: Altaria
|-start|p2a: Altaria|move: Taunt
|
|turn|5
|
|switch|p1a: Ferrothorn|Ferrothorn, F|352\/352
|move|p2a: Altaria|Ice Beam|p1a: Ferrothorn
|-damage|p1a: Ferrothorn|288\/352
|
|turn|6
|
|switch|p2a: Magnezone|Magnezone|285\/285
|switch|p1a: Latios|Latios, M|299\/299
|
|turn|7
|
|switch|p1a: Gliscor|Gliscor, F|352\/352 tox
|move|p2a: Magnezone|Volt Switch|p1a: Gliscor
|-immune|p1a: Gliscor|[msg]
|
|turn|8
|
|switch|p2a: Landorus|Landorus, M|319\/319
|move|p1a: Gliscor|Stone Edge|p2a: Landorus
|-damage|p2a: Landorus|233\/319
|
|turn|9
|
|switch|p1a: Rotom-Wash|Rotom-Wash|122\/303
|move|p2a: Landorus|Rock Polish|p2a: Landorus
|-boost|p2a: Landorus|spe|2
|
|-heal|p1a: Rotom-Wash|140\/303|[from] item: Leftovers
|turn|10
|
|move|p2a: Landorus|Sludge Wave|p1a: Rotom-Wash
|-damage|p1a: Rotom-Wash|0 fnt
|faint|p1a: Rotom-Wash
|
|
|switch|p1a: Latios|Latios, M|299\/299
|turn|11
|
|switch|p2a: Altaria|Altaria-Mega, M|291\/291
|move|p1a: Latios|Draco Meteor|p2a: Altaria
|-immune|p2a: Altaria|[msg]
|
|turn|12
|-message|In Your Window forfeited.
|leave|In Your Window
|
|switch|p1a: Ferrothorn|Ferrothorn, F|288\/352
|switch|p2a: Magnezone|Magnezone|285\/285
|
|turn|13
|
|win|ZaneCyber
|raw|Ladder updating...
|player|p1
|raw|In Your Window's rating: 1479 &rarr; <strong>1457<\/strong><br \/>(-22 for losing)
|raw|ZaneCyber's rating: 1437 &rarr; <strong>1460<\/strong><br \/>(+23 for winning)