|join|Hogbackfoshmen
|join|In Your Window
|player|p1|Hogbackfoshmen|170
|player|p2|In Your Window|38
|gametype|singles
|gen|6
|tier|OU (suspect test)
|rated
|clearpoke
|poke|p1|Beedrill, M
|poke|p1|Heatran, F
|poke|p1|Chansey, F
|poke|p1|Gengar, M, shiny
|poke|p1|Zapdos, shiny
|poke|p1|Breloom, F, shiny
|poke|p2|Scizor, M, shiny
|poke|p2|Manaphy, shiny
|poke|p2|Thundurus, M
|poke|p2|Landorus-Therian, M
|poke|p2|Cobalion
|poke|p2|Latios, M
|rule|Swagger Clause: Swagger is banned
|rule|Baton Pass Clause: Limit one PokÃ©mon knowing Baton Pass
|rule|Sleep Clause Mod: Limit one foe put to sleep
|rule|Species Clause: Limit one of each PokÃ©mon
|rule|OHKO Clause: OHKO moves are banned
|rule|Moody Clause: Moody is banned
|rule|Evasion Moves Clause: Evasion moves are banned
|rule|Endless Battle Clause: Forcing endless battles is banned
|rule|HP Percentage Mod: HP is shown in percentages
|teampreview
|
|start
|switch|p1a: Heatran|Heatran, F|324\/324
|switch|p2a: Cobalion|Cobalion|357\/357
|turn|1
|
|move|p2a: Cobalion|Volt Switch|p1a: Heatran
|-damage|p1a: Heatran|284\/324
|
|switch|p2a: Landorus-Therian|Landorus-Therian, M|381\/381
|-ability|p2a: Landorus-Therian|Intimidate|[of] p1a: Heatran
|-unboost|p1a: Heatran|atk|1
|move|p1a: Heatran|Lava Plume|p2a: Landorus-Therian
|-damage|p2a: Landorus-Therian|204\/381
|
|-heal|p1a: Heatran|304\/324|[from] item: Leftovers
|-heal|p2a: Landorus-Therian|227\/381|[from] item: Leftovers
|turn|2
|
|switch|p1a: Nightmare|Gengar, M, shiny|262\/262
|move|p2a: Landorus-Therian|Earthquake|p1a: Nightmare
|-immune|p1a: Nightmare|[msg]
|
|-heal|p2a: Landorus-Therian|250\/381|[from] item: Leftovers
|turn|3
|
|move|p1a: Nightmare|Shadow Ball|p2a: Landorus-Therian
|-damage|p2a: Landorus-Therian|0 fnt
|faint|p2a: Landorus-Therian
|
|
|switch|p2a: Latios|Latios, M|301\/301
|turn|4
|
|switch|p1a: Heatran|Heatran, F|304\/324
|move|p2a: Latios|Psyshock|p1a: Heatran
|-resisted|p1a: Heatran
|-damage|p1a: Heatran|239\/324
|
|-heal|p1a: Heatran|259\/324|[from] item: Leftovers
|turn|5
|
|switch|p2a: Manaphy|Manaphy, shiny|351\/351
|move|p1a: Heatran|Lava Plume|p2a: Manaphy
|-resisted|p2a: Manaphy
|-damage|p2a: Manaphy|276\/351
|
|-heal|p2a: Manaphy|297\/351|[from] item: Leftovers
|-heal|p1a: Heatran|279\/324|[from] item: Leftovers
|turn|6
|
|switch|p1a: Zappy|Zapdos, shiny|384\/384
|-ability|p1a: Zappy|Pressure
|move|p2a: Manaphy|Scald|p1a: Zappy
|-damage|p1a: Zappy|254\/384
|
|-heal|p2a: Manaphy|318\/351|[from] item: Leftovers
|-heal|p1a: Zappy|278\/384|[from] item: Leftovers
|turn|7
|
|move|p2a: Manaphy|Scald|p1a: Zappy
|-damage|p1a: Zappy|152\/384
|move|p1a: Zappy|Discharge|p2a: Manaphy
|-supereffective|p2a: Manaphy
|-damage|p2a: Manaphy|76\/351
|-status|p2a: Manaphy|par
|
|-heal|p1a: Zappy|176\/384|[from] item: Leftovers
|-heal|p2a: Manaphy|97\/351 par|[from] item: Leftovers
|turn|8
|
|switch|p2a: Latios|Latios, M|301\/301
|move|p1a: Zappy|Discharge|p2a: Latios
|-resisted|p2a: Latios
|-damage|p2a: Latios|243\/301
|
|-heal|p1a: Zappy|200\/384|[from] item: Leftovers
|turn|9
|
|switch|p1a: Heatran|Heatran, F|279\/324
|move|p2a: Latios|Draco Meteor|p1a: Heatran
|-resisted|p1a: Heatran
|-damage|p1a: Heatran|171\/324
|-unboost|p2a: Latios|spa|2
|
|-heal|p1a: Heatran|191\/324|[from] item: Leftovers
|turn|10
|
|switch|p2a: Thundurus|Thundurus, M|299\/299
|move|p1a: Heatran|Lava Plume|p2a: Thundurus
|-damage|p2a: Thundurus|119\/299
|
|-heal|p2a: Thundurus|137\/299|[from] item: Leftovers
|-heal|p1a: Heatran|211\/324|[from] item: Leftovers
|turn|11
|
|switch|p1a: Zappy|Zapdos, shiny|200\/384
|-ability|p1a: Zappy|Pressure
|move|p2a: Thundurus|Volt Switch|p1a: Zappy
|-damage|p1a: Zappy|62\/384
|
|switch|p2a: Latios|Latios, M|243\/301
|
|-heal|p1a: Zappy|86\/384|[from] item: Leftovers
|turn|12
|
|switch|p1a: Heatran|Heatran, F|211\/324
|move|p2a: Latios|Psyshock|p1a: Heatran
|-resisted|p1a: Heatran
|-damage|p1a: Heatran|138\/324
|
|-heal|p1a: Heatran|158\/324|[from] item: Leftovers
|turn|13
|
|move|p2a: Latios|Psyshock|p1a: Heatran
|-resisted|p1a: Heatran
|-damage|p1a: Heatran|86\/324
|move|p1a: Heatran|Lava Plume|p2a: Latios
|-resisted|p2a: Latios
|-damage|p2a: Latios|174\/301
|
|-heal|p1a: Heatran|106\/324|[from] item: Leftovers
|turn|14
|
|move|p2a: Latios|Psyshock|p1a: Heatran
|-resisted|p1a: Heatran
|-damage|p1a: Heatran|40\/324
|move|p1a: Heatran|Flash Cannon|p2a: Latios
|-damage|p2a: Latios|32\/301
|
|-heal|p1a: Heatran|60\/324|[from] item: Leftovers
|turn|15
|
|move|p1a: Heatran|Protect|p1a: Heatran
|-singleturn|p1a: Heatran|Protect
|move|p2a: Latios|Psyshock|p1a: Heatran
|-activate|p1a: Heatran|Protect
|
|-heal|p1a: Heatran|80\/324|[from] item: Leftovers
|turn|16
|
|switch|p2a: Manaphy|Manaphy, shiny|97\/351 par
|move|p1a: Heatran|Lava Plume|p2a: Manaphy
|-crit|p2a: Manaphy
|-resisted|p2a: Manaphy
|-damage|p2a: Manaphy|0 fnt
|faint|p2a: Manaphy
|
|-heal|p1a: Heatran|100\/324|[from] item: Leftovers
|
|switch|p2a: Cobalion|Cobalion|357\/357
|turn|17
|
|move|p1a: Heatran|Protect|p1a: Heatran
|-singleturn|p1a: Heatran|Protect
|move|p2a: Cobalion|Close Combat|p1a: Heatran
|-activate|p1a: Heatran|Protect
|
|-heal|p1a: Heatran|120\/324|[from] item: Leftovers
|turn|18
|
|switch|p1a: Zappy|Zapdos, shiny|86\/384
|-ability|p1a: Zappy|Pressure
|move|p2a: Cobalion|Volt Switch|p1a: Zappy
|-crit|p1a: Zappy
|-damage|p1a: Zappy|16\/384
|
|switch|p2a: Thundurus|Thundurus, M|137\/299
|
|-heal|p2a: Thundurus|155\/299|[from] item: Leftovers
|-heal|p1a: Zappy|40\/384|[from] item: Leftovers
|turn|19
|
|move|p2a: Thundurus|Hidden Power|p1a: Zappy
|-supereffective|p1a: Zappy
|-damage|p1a: Zappy|0 fnt
|faint|p1a: Zappy
|
|-heal|p2a: Thundurus|173\/299|[from] item: Leftovers
|
|switch|p1a: Nightmare|Gengar, M, shiny|262\/262
|turn|20
|
|move|p2a: Thundurus|Thunder Wave|p1a: Nightmare
|-status|p1a: Nightmare|par
|move|p1a: Nightmare|Shadow Ball|p2a: Thundurus
|-damage|p2a: Thundurus|0 fnt
|faint|p2a: Thundurus
|
|
|switch|p2a: Latios|Latios, M|32\/301
|turn|21
|
|switch|p1a: AnnoyinBabyMama|Chansey, F|681\/681
|move|p2a: Latios|Psyshock|p1a: AnnoyinBabyMama
|-damage|p1a: AnnoyinBabyMama|483\/681
|
|turn|22
|
|switch|p2a: Cobalion|Cobalion|357\/357
|move|p1a: AnnoyinBabyMama|Seismic Toss|p2a: Cobalion
|-damage|p2a: Cobalion|257\/357
|
|-heal|p2a: Cobalion|279\/357|[from] item: Leftovers
|turn|23
|
|switch|p1a: Nightmare|Gengar, M, shiny|262\/262 par
|move|p2a: Cobalion|Taunt|p1a: Nightmare
|-start|p1a: Nightmare|move: Taunt
|
|-heal|p2a: Cobalion|301\/357|[from] item: Leftovers
|turn|24
|
|move|p2a: Cobalion|Iron Head|p1a: Nightmare
|-damage|p1a: Nightmare|115\/262 par
|move|p1a: Nightmare|Shadow Ball|p2a: Cobalion
|-damage|p2a: Cobalion|0 fnt
|faint|p2a: Cobalion
|
|
|switch|p2a: Scizor|Scizor, M, shiny|291\/291
|turn|25
|
|detailschange|p2a: Scizor|Scizor-Mega, M, shiny
|-mega|p2a: Scizor|Scizor|Scizorite
|move|p2a: Scizor|Bullet Punch|p1a: Nightmare
|-damage|p1a: Nightmare|0 fnt
|faint|p1a: Nightmare
|
|
|switch|p1a: Heatran|Heatran, F|120\/324
|turn|26
|
|move|p1a: Heatran|Lava Plume|p2a: Scizor
|-supereffective|p2a: Scizor
|-damage|p2a: Scizor|0 fnt
|faint|p2a: Scizor
|
|-heal|p1a: Heatran|140\/324|[from] item: Leftovers
|-message|In Your Window forfeited.
|leave|In Your Window
|
|win|Hogbackfoshmen
|raw|Ladder updating...
|raw|Hogbackfoshmen's rating: 1171 &rarr; <strong>1203<\/strong><br \/>(+32 for winning)
|raw|In Your Window's rating: 1282 &rarr; <strong>1249<\/strong><br \/>(-33 for losing)
|player|p2