|join|RSMessiii
|join|Yanmigo
|player|p1|RSMessiii|1
|player|p2|Yanmigo|167
|gametype|singles
|gen|6
|tier|ORAS OU
|rated
|rule|Sleep Clause Mod: Limit one foe put to sleep
|rule|Species Clause: Limit one of each PokÃ©mon
|rule|OHKO Clause: OHKO moves are banned
|rule|Moody Clause: Moody is banned
|rule|Evasion Moves Clause: Evasion moves are banned
|rule|Endless Battle Clause: Forcing endless battles is banned
|rule|HP Percentage Mod: HP is shown in percentages
|clearpoke
|poke|p1|Gliscor, F
|poke|p1|Clefable, F
|poke|p1|Chansey, F
|poke|p1|Latias, F
|poke|p1|Skarmory, M
|poke|p1|Celebi
|poke|p2|Whimsicott, M
|poke|p2|Gyarados, F
|poke|p2|Scolipede, F
|poke|p2|Latias, F
|poke|p2|Espeon, M
|poke|p2|Clefable, F
|rule|Swagger Clause: Swagger is banned
|rule|Baton Pass Clause: Limit one PokÃ©mon knowing Baton Pass
|teampreview
|
|start
|switch|p1a: Celebi|Celebi|404\/404
|switch|p2a: Whimsicott|Whimsicott, M|324\/324
|turn|1
|
|move|p2a: Whimsicott|Taunt|p1a: Celebi
|-start|p1a: Celebi|move: Taunt
|move|p1a: Celebi|U-turn|p2a: Whimsicott
|-damage|p2a: Whimsicott|266\/324
|
|switch|p1a: Clefable|Clefable, F|393\/393
|
|turn|2
|
|move|p2a: Whimsicott|Light Screen|p2a: Whimsicott
|-sidestart|p2: Yanmigo|move: Light Screen
|move|p1a: Clefable|Moonblast|p2a: Whimsicott
|-damage|p2a: Whimsicott|193\/324
|
|turn|3
|c|âYanmigo|mak a moof 
|c|âRSMessiii|too cul 2 write correct inglish?
|
|move|p2a: Whimsicott|Memento|p1a: Clefable
|-unboost|p1a: Clefable|atk|2
|-unboost|p1a: Clefable|spa|2
|faint|p2a: Whimsicott
|move|p1a: Clefable|Moonblast|p2: Whimsicott|[notarget]
|-notarget
|
|
|switch|p2a: Scolipede|Scolipede, F|323\/323
|turn|4
|c|âYanmigo|english 2 mainstream
|
|switch|p1a: Celebi|Celebi|404\/404
|move|p2a: Scolipede|Iron Defense|p2a: Scolipede
|-boost|p2a: Scolipede|def|2
|
|-boost|p2a: Scolipede|spe|1|[from] ability: Speed Boost
|turn|5
|c|âRSMessiii|I si
|
|move|p2a: Scolipede|Substitute|p2a: Scolipede
|-start|p2a: Scolipede|Substitute
|-damage|p2a: Scolipede|243\/323
|move|p1a: Celebi|Perish Song|p1a: Celebi
|-fieldactivate|move: Perish Song
|
|-start|p2a: Scolipede|perish3
|-start|p1a: Celebi|perish3
|-boost|p2a: Scolipede|spe|1|[from] ability: Speed Boost
|turn|6
|
|switch|p2a: Clefable|Clefable, F|394\/394
|move|p1a: Celebi|U-turn|p2a: Clefable
|-resisted|p2a: Clefable
|-damage|p2a: Clefable|369\/394
|c|âYanmigo|aw man
|c|âYanmigo|ur meen
|
|switch|p1a: Gliscor|Gliscor, F|353\/353
|
|-status|p1a: Gliscor|tox|[from] item: Toxic Orb
|turn|7
|c|âYanmigo|ur meen man cmon
|
|move|p1a: Gliscor|Taunt|p2a: Clefable
|-start|p2a: Clefable|move: Taunt
|move|p2a: Clefable|Moonblast|p1a: Gliscor
|-crit|p1a: Gliscor
|-damage|p1a: Gliscor|139\/353 tox
|-unboost|p1a: Gliscor|spa|1
|
|-heal|p1a: Gliscor|183\/353 tox|[from] ability: Poison Heal
|turn|8
|
|switch|p2a: Scolipede|Scolipede, F|243\/323
|move|p1a: Gliscor|Knock Off|p2a: Scolipede
|-damage|p2a: Scolipede|186\/323
|-enditem|p2a: Scolipede|Mental Herb|[from] move: Knock Off|[of] p1a: Gliscor
|
|-heal|p1a: Gliscor|227\/353 tox|[from] ability: Poison Heal
|turn|9
|c|âRSMessiii|need to be repared
|c|âRSMessiii|i hate espeon :\/
|
|move|p2a: Scolipede|Baton Pass|p2a: Scolipede
|
|switch|p2a: Gyarados|Gyarados, F|344\/344
|-ability|p2a: Gyarados|Intimidate|[of] p1a: Gliscor
|-unboost|p1a: Gliscor|atk|1
|move|p1a: Gliscor|Taunt|p2a: Gyarados
|-start|p2a: Gyarados|move: Taunt
|
|-heal|p1a: Gliscor|271\/353 tox|[from] ability: Poison Heal
|-sideend|p2: Yanmigo|move: Light Screen
|turn|10
|
|switch|p1a: Skarmory|Skarmory, M|333\/333
|move|p2a: Gyarados|Waterfall|p1a: Skarmory
|-damage|p1a: Skarmory|248\/333
|
|turn|11
|
|switch|p2a: Espeon|Espeon, M|272\/272
|move|p1a: Skarmory|Roost|p1a: Skarmory
|-heal|p1a: Skarmory|333\/333
|
|turn|12
|
|switch|p1a: Celebi|Celebi|404\/404
|move|p2a: Espeon|Calm Mind|p2a: Espeon
|-boost|p2a: Espeon|spa|1
|-boost|p2a: Espeon|spd|1
|
|turn|13
|
|move|p2a: Espeon|Stored Power|p1a: Celebi
|-resisted|p1a: Celebi
|-damage|p1a: Celebi|346\/404
|move|p1a: Celebi|U-turn|p2a: Espeon
|-supereffective|p2a: Espeon
|-damage|p2a: Espeon|154\/272
|
|switch|p1a: Gliscor|Gliscor, F|271\/353 tox
|
|-heal|p2a: Espeon|171\/272|[from] item: Leftovers
|-heal|p1a: Gliscor|315\/353 tox|[from] ability: Poison Heal
|turn|14
|
|switch|p2a: Scolipede|Scolipede, F|186\/323
|move|p1a: Gliscor|Knock Off|p2a: Scolipede
|-damage|p2a: Scolipede|147\/323
|
|-heal|p1a: Gliscor|353\/353 tox|[from] ability: Poison Heal
|turn|15
|
|move|p2a: Scolipede|Protect|p2a: Scolipede
|-singleturn|p2a: Scolipede|Protect
|move|p1a: Gliscor|Taunt|p2a: Scolipede
|-activate|p2a: Scolipede|Protect
|
|-boost|p2a: Scolipede|spe|1|[from] ability: Speed Boost
|turn|16
|
|move|p2a: Scolipede|Baton Pass|p2a: Scolipede
|
|switch|p2a: Clefable|Clefable, F|369\/394
|move|p1a: Gliscor|Earthquake|p2a: Clefable
|-damage|p2a: Clefable|243\/394
|
|turn|17
|
|move|p2a: Clefable|Calm Mind|p2a: Clefable
|-boost|p2a: Clefable|spa|1
|-boost|p2a: Clefable|spd|1
|move|p1a: Gliscor|Taunt|p2a: Clefable
|-start|p2a: Clefable|move: Taunt
|
|turn|18
|
|switch|p1a: Clefable|Clefable, F|393\/393
|move|p2a: Clefable|Moonblast|p1a: Clefable
|-damage|p1a: Clefable|221\/393
|-unboost|p1a: Clefable|spa|1
|
|-heal|p1a: Clefable|245\/393|[from] item: Leftovers
|turn|19
|
|move|p2a: Clefable|Moonblast|p1a: Clefable
|-damage|p1a: Clefable|99\/393
|-unboost|p1a: Clefable|spa|1
|move|p1a: Clefable|Wish|p1a: Clefable
|
|-heal|p1a: Clefable|123\/393|[from] item: Leftovers
|turn|20
|
|switch|p1a: Celebi|Celebi|346\/404
|move|p2a: Clefable|Moonblast|p1a: Celebi
|-damage|p1a: Celebi|190\/404
|
|-heal|p1a: Celebi|386\/404|[from] move: Wish|[wisher] Clefable
|-heal|p1a: Celebi|404\/404|[from] item: Leftovers
|-end|p2a: Clefable|move: Taunt
|turn|21
|
|move|p2a: Clefable|Calm Mind|p2a: Clefable
|-boost|p2a: Clefable|spa|1
|-boost|p2a: Clefable|spd|1
|move|p1a: Celebi|Perish Song|p1a: Celebi
|-fieldactivate|move: Perish Song
|
|-start|p2a: Clefable|perish3
|-start|p1a: Celebi|perish3
|turn|22
|
|switch|p1a: Chansey|Chansey, F|703\/703
|move|p2a: Clefable|Moonblast|p1a: Chansey
|-crit|p1a: Chansey
|-damage|p1a: Chansey|433\/703
|-unboost|p1a: Chansey|spa|1
|
|-start|p2a: Clefable|perish2
|turn|23
|
|switch|p2a: Espeon|Espeon, M|171\/272
|move|p1a: Chansey|Stealth Rock|p2a: Espeon
|move|p2a: Espeon|Stealth Rock|p1a: Chansey|[from]Magic Bounce
|-sidestart|p1: RSMessiii|move: Stealth Rock
|
|-heal|p2a: Espeon|188\/272|[from] item: Leftovers
|turn|24
|c|âRSMessiii|shit
|
|switch|p2a: Gyarados|Gyarados, F|344\/344
|-ability|p2a: Gyarados|Intimidate|[of] p1a: Chansey
|-unboost|p1a: Chansey|atk|1
|move|p1a: Chansey|Seismic Toss|p2a: Gyarados
|-damage|p2a: Gyarados|244\/344
|
|-heal|p2a: Gyarados|265\/344|[from] item: Leftovers
|turn|25
|
|switch|p1a: Skarmory|Skarmory, M|333\/333
|-damage|p1a: Skarmory|292\/333|[from] Stealth Rock
|move|p2a: Gyarados|Taunt|p1a: Skarmory
|-start|p1a: Skarmory|move: Taunt
|
|-heal|p2a: Gyarados|286\/344|[from] item: Leftovers
|turn|26
|
|move|p2a: Gyarados|Dragon Dance|p2a: Gyarados
|-boost|p2a: Gyarados|atk|1
|-boost|p2a: Gyarados|spe|1
|move|p1a: Skarmory|Brave Bird|p2a: Gyarados
|-damage|p2a: Gyarados|150\/344
|-damage|p1a: Skarmory|247\/333|[from] recoil|[of] p2a: Gyarados
|
|-heal|p2a: Gyarados|171\/344|[from] item: Leftovers
|turn|27
|
|move|p2a: Gyarados|Dragon Dance|p2a: Gyarados
|-boost|p2a: Gyarados|atk|1
|-boost|p2a: Gyarados|spe|1
|move|p1a: Skarmory|Brave Bird|p2a: Gyarados
|-damage|p2a: Gyarados|26\/344
|-damage|p1a: Skarmory|199\/333|[from] recoil|[of] p2a: Gyarados
|
|-heal|p2a: Gyarados|47\/344|[from] item: Leftovers
|turn|28
|
|move|p2a: Gyarados|Waterfall|p1a: Skarmory
|-damage|p1a: Skarmory|22\/333
|move|p1a: Skarmory|Brave Bird|p2a: Gyarados
|-damage|p2a: Gyarados|0 fnt
|-damage|p1a: Skarmory|6\/333|[from] recoil|[of] p2a: Gyarados
|faint|p2a: Gyarados
|
|-end|p1a: Skarmory|move: Taunt
|
|switch|p2a: Latias|Latias, F|364\/364
|turn|29
|
|detailschange|p2a: Latias|Latias-Mega, F
|message|Latias has Mega Evolved into Mega Latias!
|move|p2a: Latias|Dragon Pulse|p1a: Skarmory
|-resisted|p1a: Skarmory
|-damage|p1a: Skarmory|0 fnt
|faint|p1a: Skarmory
|
|
|switch|p1a: Latias|Latias, F|363\/363
|-damage|p1a: Latias|318\/363|[from] Stealth Rock
|turn|30
|
|detailschange|p1a: Latias|Latias-Mega, F
|message|Latias has Mega Evolved into Mega Latias!
|move|p1a: Latias|Draco Meteor|p2a: Latias
|-supereffective|p2a: Latias
|-damage|p2a: Latias|70\/364
|-unboost|p1a: Latias|spa|2
|move|p2a: Latias|Dragon Pulse|p1a: Latias
|-supereffective|p1a: Latias
|-damage|p1a: Latias|112\/363
|
|turn|31
|
|switch|p2a: Clefable|Clefable, F|243\/394
|move|p1a: Latias|Draco Meteor|p2a: Clefable
|-immune|p2a: Clefable|[msg]
|
|turn|32
|
|move|p1a: Latias|Defog|p2a: Clefable
|-unboost|p2a: Clefable|evasion|1
|-sideend|p1: RSMessiii|Stealth Rock|[from] move: Defog|[of] p1a: Latias
|move|p2a: Clefable|Calm Mind|p2a: Clefable
|-boost|p2a: Clefable|spa|1
|-boost|p2a: Clefable|spd|1
|
|turn|33
|
|switch|p1a: Celebi|Celebi|404\/404
|move|p2a: Clefable|Calm Mind|p2a: Clefable
|-boost|p2a: Clefable|spa|1
|-boost|p2a: Clefable|spd|1
|
|turn|34
|
|move|p1a: Celebi|Perish Song|p1a: Celebi
|-fieldactivate|move: Perish Song
|move|p2a: Clefable|Moonblast|p1a: Celebi
|-damage|p1a: Celebi|184\/404
|-unboost|p1a: Celebi|spa|1
|
|-start|p1a: Celebi|perish3
|-start|p2a: Clefable|perish3
|-heal|p1a: Celebi|209\/404|[from] item: Leftovers
|turn|35
|
|move|p1a: Celebi|Recover|p1a: Celebi
|-heal|p1a: Celebi|404\/404
|move|p2a: Clefable|Moonlight|p2a: Clefable
|-heal|p2a: Clefable|394\/394
|
|-start|p1a: Celebi|perish2
|-start|p2a: Clefable|perish2
|turn|36
|
|move|p1a: Celebi|U-turn|p2a: Clefable
|-resisted|p2a: Clefable
|-damage|p2a: Clefable|368\/394
|
|switch|p1a: Chansey|Chansey, F|433\/703
|move|p2a: Clefable|Moonblast|p1a: Chansey
|-damage|p1a: Chansey|260\/703
|
|-start|p2a: Clefable|perish1
|turn|37
|
|switch|p2a: Espeon|Espeon, M|188\/272
|move|p1a: Chansey|Seismic Toss|p2a: Espeon
|-damage|p2a: Espeon|88\/272
|
|-heal|p2a: Espeon|105\/272|[from] item: Leftovers
|turn|38
|
|switch|p1a: Gliscor|Gliscor, F|353\/353 tox
|move|p2a: Espeon|Calm Mind|p2a: Espeon
|-boost|p2a: Espeon|spa|1
|-boost|p2a: Espeon|spd|1
|
|-heal|p2a: Espeon|122\/272|[from] item: Leftovers
|turn|39
|
|move|p2a: Espeon|Stored Power|p1a: Gliscor
|-damage|p1a: Gliscor|227\/353 tox
|move|p1a: Gliscor|Knock Off|p2a: Espeon
|-supereffective|p2a: Espeon
|-damage|p2a: Espeon|0 fnt
|-enditem|p2a: Espeon|Leftovers|[from] move: Knock Off|[of] p1a: Gliscor
|faint|p2a: Espeon
|
|-heal|p1a: Gliscor|271\/353 tox|[from] ability: Poison Heal
|
|switch|p2a: Scolipede|Scolipede, F|147\/323
|turn|40
|
|move|p2a: Scolipede|Iron Defense|p2a: Scolipede
|-boost|p2a: Scolipede|def|2
|move|p1a: Gliscor|Earthquake|p2a: Scolipede
|-damage|p2a: Scolipede|99\/323
|
|-heal|p1a: Gliscor|315\/353 tox|[from] ability: Poison Heal
|-boost|p2a: Scolipede|spe|1|[from] ability: Speed Boost
|turn|41
|
|move|p2a: Scolipede|Baton Pass|p2a: Scolipede
|
|switch|p2a: Latias|Latias-Mega, F|70\/364
|move|p1a: Gliscor|Taunt|p2a: Latias
|-start|p2a: Latias|move: Taunt
|
|-heal|p1a: Gliscor|353\/353 tox|[from] ability: Poison Heal
|turn|42
|
|move|p2a: Latias|Dragon Pulse|p1a: Gliscor
|-damage|p1a: Gliscor|226\/353 tox
|move|p1a: Gliscor|Knock Off|p2a: Latias
|-supereffective|p2a: Latias
|-damage|p2a: Latias|32\/364
|
|-heal|p1a: Gliscor|270\/353 tox|[from] ability: Poison Heal
|turn|43
|
|move|p2a: Latias|Stored Power|p1a: Gliscor
|-damage|p1a: Gliscor|155\/353 tox
|move|p1a: Gliscor|Knock Off|p2a: Latias
|-supereffective|p2a: Latias
|-damage|p2a: Latias|0 fnt
|faint|p2a: Latias
|
|-heal|p1a: Gliscor|199\/353 tox|[from] ability: Poison Heal
|c|âYanmigo|gg
|
|switch|p2a: Clefable|Clefable, F|368\/394
|turn|44
|c|âRSMessiii|gg
|
|move|p1a: Gliscor|Taunt|p2a: Clefable
|-start|p2a: Clefable|move: Taunt
|cant|p2a: Clefable|move: Taunt|Calm Mind
|
|-heal|p1a: Gliscor|243\/353 tox|[from] ability: Poison Heal
|turn|45
|-message|Yanmigo forfeited.
|
|win|RSMessiii
|raw|Ladder updating...
|leave|Yanmigo
|player|p2
|raw|RSMessiii's rating: 1688 &rarr; <strong>1700<\/strong><br \/>(+12 for winning)
|raw|Yanmigo's rating: 1554 &rarr; <strong>1542<\/strong><br \/>(-12 for losing)