|join|Shadiz
|join|RSMessiii
|player|p1|Shadiz|151
|player|p2|RSMessiii|169
|gametype|singles
|gen|6
|tier|ORAS OU
|rated
|rule|Sleep Clause Mod: Limit one foe put to sleep
|rule|Species Clause: Limit one of each PokÃ©mon
|rule|OHKO Clause: OHKO moves are banned
|rule|Moody Clause: Moody is banned
|rule|Evasion Moves Clause: Evasion moves are banned
|rule|Endless Battle Clause: Forcing endless battles is banned
|rule|HP Percentage Mod: HP is shown in percentages
|clearpoke
|poke|p1|Altaria, M
|poke|p1|Slowbro, M
|poke|p1|Jirachi
|poke|p1|Clefable, F
|poke|p1|Empoleon, M
|poke|p1|Landorus-Therian, M
|poke|p2|Slowbro, F
|poke|p2|Chansey, F
|poke|p2|Heatran, F
|poke|p2|Clefable, F
|poke|p2|Mew
|poke|p2|Ferrothorn, M
|rule|Swagger Clause: Swagger is banned
|rule|Baton Pass Clause: Limit one PokÃ©mon knowing Baton Pass
|teampreview
|
|start
|switch|p1a: Empoleon|Empoleon, M|371\/371
|switch|p2a: Heatran|Heatran, F|385\/385
|turn|1
|
|move|p2a: Heatran|Stealth Rock|p1a: Empoleon
|-sidestart|p1: Shadiz|move: Stealth Rock
|move|p1a: Empoleon|Stealth Rock|p2a: Heatran
|-sidestart|p2: RSMessiii|move: Stealth Rock
|
|turn|2
|
|switch|p2a: Clefable|Clefable, F|394\/394
|move|p1a: Empoleon|Scald|p2a: Clefable
|-damage|p2a: Clefable|310\/394
|-status|p2a: Clefable|brn
|
|-heal|p2a: Clefable|334\/394 brn|[from] item: Leftovers
|turn|3
|
|move|p2a: Clefable|Knock Off|p1a: Empoleon
|-damage|p1a: Empoleon|345\/371
|-enditem|p1a: Empoleon|Leftovers|[from] move: Knock Off|[of] p2a: Clefable
|move|p1a: Empoleon|Roar|p2a: Clefable
|drag|p2a: Ferrothorn|Ferrothorn, M|351\/351
|-damage|p2a: Ferrothorn|330\/351|[from] Stealth Rock
|
|-heal|p2a: Ferrothorn|351\/351|[from] item: Leftovers
|turn|4
|
|move|p1a: Empoleon|Scald|p2a: Ferrothorn
|-resisted|p2a: Ferrothorn
|-damage|p2a: Ferrothorn|307\/351
|-status|p2a: Ferrothorn|brn
|move|p2a: Ferrothorn|Leech Seed|p1a: Empoleon
|-start|p1a: Empoleon|move: Leech Seed
|
|-heal|p2a: Ferrothorn|328\/351 brn|[from] item: Leftovers
|-damage|p1a: Empoleon|299\/371|[from] Leech Seed|[of] p2a: Ferrothorn
|-heal|p2a: Ferrothorn|351\/351 brn|[silent]
|-damage|p2a: Ferrothorn|308\/351 brn|[from] brn
|turn|5
|
|switch|p1a: Clefable|Clefable, F|393\/393
|move|p2a: Ferrothorn|Spikes|p1a: Clefable
|-sidestart|p1: Shadiz|Spikes
|
|-heal|p2a: Ferrothorn|329\/351 brn|[from] item: Leftovers
|-damage|p2a: Ferrothorn|286\/351 brn|[from] brn
|turn|6
|
|switch|p2a: Heatran|Heatran, F|385\/385
|-damage|p2a: Heatran|337\/385|[from] Stealth Rock
|move|p1a: Clefable|Calm Mind|p1a: Clefable
|-boost|p1a: Clefable|spa|1
|-boost|p1a: Clefable|spd|1
|
|-heal|p2a: Heatran|361\/385|[from] item: Leftovers
|turn|7
|
|move|p1a: Clefable|Moonblast|p2a: Heatran
|-resisted|p2a: Heatran
|-damage|p2a: Heatran|332\/385
|-unboost|p2a: Heatran|spa|1
|move|p2a: Heatran|Roar|p1a: Clefable
|drag|p1a: Jirachi|Jirachi|404\/404
|-damage|p1a: Jirachi|379\/404|[from] Stealth Rock
|-damage|p1a: Jirachi|329\/404|[from] Spikes
|
|-heal|p1a: Jirachi|354\/404|[from] item: Leftovers
|-heal|p2a: Heatran|356\/385|[from] item: Leftovers
|turn|8
|
|move|p1a: Jirachi|Toxic|p2a: Heatran
|-fail|p2a: Heatran
|move|p2a: Heatran|Lava Plume|p1a: Jirachi
|-supereffective|p1a: Jirachi
|-damage|p1a: Jirachi|198\/404
|-status|p1a: Jirachi|brn
|
|-heal|p1a: Jirachi|223\/404 brn|[from] item: Leftovers
|-heal|p2a: Heatran|380\/385|[from] item: Leftovers
|-damage|p1a: Jirachi|173\/404 brn|[from] brn
|turn|9
|
|move|p1a: Jirachi|Toxic|p2a: Heatran
|-fail|p2a: Heatran
|move|p2a: Heatran|Lava Plume|p1a: Jirachi
|-supereffective|p1a: Jirachi
|-damage|p1a: Jirachi|15\/404 brn
|
|-heal|p1a: Jirachi|40\/404 brn|[from] item: Leftovers
|-heal|p2a: Heatran|385\/385|[from] item: Leftovers
|-damage|p1a: Jirachi|0 fnt|[from] brn
|faint|p1a: Jirachi
|
|switch|p1a: Slowbro|Slowbro, M|393\/393
|-damage|p1a: Slowbro|344\/393|[from] Stealth Rock
|-damage|p1a: Slowbro|295\/393|[from] Spikes
|turn|10
|
|switch|p2a: Clefable|Clefable, F|334\/394 brn
|move|p1a: Slowbro|Ice Beam|p2a: Clefable
|-damage|p2a: Clefable|280\/394 brn
|
|-heal|p2a: Clefable|304\/394 brn|[from] item: Leftovers
|-heal|p1a: Slowbro|319\/393|[from] item: Leftovers
|turn|11
|
|move|p2a: Clefable|Knock Off|p1a: Slowbro
|-supereffective|p1a: Slowbro
|-damage|p1a: Slowbro|281\/393
|-enditem|p1a: Slowbro|Leftovers|[from] move: Knock Off|[of] p2a: Clefable
|move|p1a: Slowbro|Scald|p2a: Clefable
|-damage|p2a: Clefable|228\/394 brn
|
|-heal|p2a: Clefable|252\/394 brn|[from] item: Leftovers
|turn|12
|
|move|p2a: Clefable|Moonblast|p1a: Slowbro
|-damage|p1a: Slowbro|160\/393
|-unboost|p1a: Slowbro|spa|1
|move|p1a: Slowbro|Scald|p2a: Clefable
|-damage|p2a: Clefable|200\/394 brn
|
|-heal|p2a: Clefable|224\/394 brn|[from] item: Leftovers
|turn|13
|
|move|p2a: Clefable|Soft-Boiled|p2a: Clefable
|-heal|p2a: Clefable|394\/394 brn
|move|p1a: Slowbro|Scald|p2a: Clefable
|-damage|p2a: Clefable|343\/394 brn
|
|-heal|p2a: Clefable|367\/394 brn|[from] item: Leftovers
|turn|14
|
|move|p2a: Clefable|Moonblast|p1a: Slowbro
|-damage|p1a: Slowbro|36\/393
|move|p1a: Slowbro|Scald|p2a: Clefable
|-damage|p2a: Clefable|315\/394 brn
|
|-heal|p2a: Clefable|339\/394 brn|[from] item: Leftovers
|turn|15
|
|move|p2a: Clefable|Moonblast|p1a: Slowbro
|-damage|p1a: Slowbro|0 fnt
|faint|p1a: Slowbro
|
|-heal|p2a: Clefable|363\/394 brn|[from] item: Leftovers
|
|switch|p1a: Empoleon|Empoleon, M|299\/371
|-damage|p1a: Empoleon|276\/371|[from] Stealth Rock
|-damage|p1a: Empoleon|230\/371|[from] Spikes
|turn|16
|
|switch|p2a: Ferrothorn|Ferrothorn, M|286\/351 brn
|-damage|p2a: Ferrothorn|265\/351 brn|[from] Stealth Rock
|move|p1a: Empoleon|Scald|p2a: Ferrothorn
|-resisted|p2a: Ferrothorn
|-damage|p2a: Ferrothorn|223\/351 brn
|
|-heal|p2a: Ferrothorn|244\/351 brn|[from] item: Leftovers
|-damage|p2a: Ferrothorn|201\/351 brn|[from] brn
|turn|17
|
|move|p1a: Empoleon|Scald|p2a: Ferrothorn
|-resisted|p2a: Ferrothorn
|-damage|p2a: Ferrothorn|161\/351 brn
|move|p2a: Ferrothorn|Leech Seed|p1a: Empoleon
|-start|p1a: Empoleon|move: Leech Seed
|
|-heal|p2a: Ferrothorn|182\/351 brn|[from] item: Leftovers
|-damage|p1a: Empoleon|184\/371|[from] Leech Seed|[of] p2a: Ferrothorn
|-heal|p2a: Ferrothorn|228\/351 brn|[silent]
|-damage|p2a: Ferrothorn|185\/351 brn|[from] brn
|turn|18
|
|move|p1a: Empoleon|Scald|p2a: Ferrothorn
|-resisted|p2a: Ferrothorn
|-damage|p2a: Ferrothorn|146\/351 brn
|move|p2a: Ferrothorn|Spikes|p1a: Empoleon
|-sidestart|p1: Shadiz|Spikes
|
|-heal|p2a: Ferrothorn|167\/351 brn|[from] item: Leftovers
|-damage|p1a: Empoleon|138\/371|[from] Leech Seed|[of] p2a: Ferrothorn
|-heal|p2a: Ferrothorn|213\/351 brn|[silent]
|-damage|p2a: Ferrothorn|170\/351 brn|[from] brn
|turn|19
|
|move|p1a: Empoleon|Scald|p2a: Ferrothorn
|-resisted|p2a: Ferrothorn
|-damage|p2a: Ferrothorn|127\/351 brn
|move|p2a: Ferrothorn|Spikes|p1a: Empoleon
|-sidestart|p1: Shadiz|Spikes
|
|-heal|p2a: Ferrothorn|148\/351 brn|[from] item: Leftovers
|-damage|p1a: Empoleon|92\/371|[from] Leech Seed|[of] p2a: Ferrothorn
|-heal|p2a: Ferrothorn|194\/351 brn|[silent]
|-damage|p2a: Ferrothorn|151\/351 brn|[from] brn
|turn|20
|
|switch|p2a: Chansey|Chansey, F|703\/703
|-damage|p2a: Chansey|616\/703|[from] Stealth Rock
|move|p1a: Empoleon|Scald|p2a: Chansey
|-damage|p2a: Chansey|523\/703
|-status|p2a: Chansey|brn
|
|-damage|p1a: Empoleon|46\/371|[from] Leech Seed|[of] p2a: Chansey
|-heal|p2a: Chansey|569\/703 brn|[silent]
|-damage|p2a: Chansey|482\/703 brn|[from] brn
|turn|21
|
|move|p1a: Empoleon|Scald|p2a: Chansey
|-damage|p2a: Chansey|385\/703 brn
|move|p2a: Chansey|Aromatherapy|p2a: Chansey
|-cureteam|p2a: Chansey|[from] move: Aromatherapy
|
|-damage|p1a: Empoleon|0 fnt|[from] Leech Seed|[of] p2a: Chansey
|-heal|p2a: Chansey|431\/703|[silent]
|faint|p1a: Empoleon
|
|switch|p1a: Altaria|Altaria, M|325\/325
|-damage|p1a: Altaria|244\/325|[from] Stealth Rock
|turn|22
|
|switch|p2a: Slowbro|Slowbro, F|393\/393
|-damage|p2a: Slowbro|344\/393|[from] Stealth Rock
|detailschange|p1a: Altaria|Altaria-Mega, M
|message|Altaria has Mega Evolved into Mega Altaria!
|move|p1a: Altaria|Dragon Dance|p1a: Altaria
|-boost|p1a: Altaria|atk|1
|-boost|p1a: Altaria|spe|1
|
|turn|23
|
|detailschange|p2a: Slowbro|Slowbro-Mega, F
|message|Slowbro has Mega Evolved into Mega Slowbro!
|move|p1a: Altaria|Frustration|p2a: Slowbro
|-damage|p2a: Slowbro|175\/393
|move|p2a: Slowbro|Ice Beam|p1a: Altaria
|-supereffective|p1a: Altaria
|-damage|p1a: Altaria|82\/325
|
|turn|24
|
|move|p1a: Altaria|Dragon Dance|p1a: Altaria
|-boost|p1a: Altaria|atk|1
|-boost|p1a: Altaria|spe|1
|move|p2a: Slowbro|Ice Beam|p1a: Altaria
|-supereffective|p1a: Altaria
|-damage|p1a: Altaria|0 fnt
|faint|p1a: Altaria
|
|
|switch|p1a: Landorus-Therian|Landorus-Therian, M|341\/341
|-damage|p1a: Landorus-Therian|299\/341|[from] Stealth Rock
|-ability|p1a: Landorus-Therian|Intimidate|[of] p2a: Slowbro
|-unboost|p2a: Slowbro|atk|1
|turn|25
|
|move|p1a: Landorus-Therian|Earthquake|p2a: Slowbro
|-damage|p2a: Slowbro|78\/393
|move|p2a: Slowbro|Slack Off|p2a: Slowbro
|-heal|p2a: Slowbro|275\/393
|
|turn|26
|
|move|p1a: Landorus-Therian|Earthquake|p2a: Slowbro
|-damage|p2a: Slowbro|178\/393
|move|p2a: Slowbro|Calm Mind|p2a: Slowbro
|-boost|p2a: Slowbro|spa|1
|-boost|p2a: Slowbro|spd|1
|
|turn|27
|
|switch|p1a: Clefable|Clefable, F|393\/393
|move|p2a: Slowbro|Slack Off|p2a: Slowbro
|-heal|p2a: Slowbro|375\/393
|
|turn|28
|
|move|p1a: Clefable|Calm Mind|p1a: Clefable
|-boost|p1a: Clefable|spa|1
|-boost|p1a: Clefable|spd|1
|move|p2a: Slowbro|Scald|p1a: Clefable
|-damage|p1a: Clefable|281\/393
|
|-heal|p1a: Clefable|305\/393|[from] item: Leftovers
|turn|29
|
|switch|p2a: Heatran|Heatran, F|385\/385
|-damage|p2a: Heatran|337\/385|[from] Stealth Rock
|move|p1a: Clefable|Calm Mind|p1a: Clefable
|-boost|p1a: Clefable|spa|1
|-boost|p1a: Clefable|spd|1
|
|-heal|p2a: Heatran|361\/385|[from] item: Leftovers
|-heal|p1a: Clefable|329\/393|[from] item: Leftovers
|turn|30
|
|move|p2a: Heatran|Lava Plume|p1a: Clefable
|-damage|p1a: Clefable|275\/393
|move|p1a: Clefable|Moonblast|p2a: Heatran
|-resisted|p2a: Heatran
|-damage|p2a: Heatran|323\/385
|
|-heal|p2a: Heatran|347\/385|[from] item: Leftovers
|-heal|p1a: Clefable|299\/393|[from] item: Leftovers
|turn|31
|
|move|p2a: Heatran|Lava Plume|p1a: Clefable
|-damage|p1a: Clefable|248\/393
|move|p1a: Clefable|Soft-Boiled|p1a: Clefable
|-heal|p1a: Clefable|393\/393
|
|-heal|p2a: Heatran|371\/385|[from] item: Leftovers
|turn|32
|
|move|p1a: Clefable|Stored Power|p2a: Heatran
|-resisted|p2a: Heatran
|-damage|p2a: Heatran|318\/385
|move|p2a: Heatran|Roar|p1a: Clefable
|drag|p1a: Landorus-Therian|Landorus-Therian, M|299\/341
|-damage|p1a: Landorus-Therian|257\/341|[from] Stealth Rock
|-ability|p1a: Landorus-Therian|Intimidate|[of] p2a: Heatran
|-unboost|p2a: Heatran|atk|1
|
|-heal|p2a: Heatran|342\/385|[from] item: Leftovers
|turn|33
|
|move|p2a: Heatran|Protect|p2a: Heatran
|-singleturn|p2a: Heatran|Protect
|move|p1a: Landorus-Therian|Earthquake|p2a: Heatran
|-activate|p2a: Heatran|Protect
|
|-heal|p2a: Heatran|366\/385|[from] item: Leftovers
|turn|34
|
|switch|p2a: Slowbro|Slowbro-Mega, F|375\/393
|-damage|p2a: Slowbro|326\/393|[from] Stealth Rock
|move|p1a: Landorus-Therian|Earthquake|p2a: Slowbro
|-damage|p2a: Slowbro|230\/393
|
|turn|35
|
|move|p1a: Landorus-Therian|Earthquake|p2a: Slowbro
|-damage|p2a: Slowbro|146\/393
|move|p2a: Slowbro|Calm Mind|p2a: Slowbro
|-boost|p2a: Slowbro|spa|1
|-boost|p2a: Slowbro|spd|1
|
|turn|36
|c|âShadiz|jesus, dude
|c|âShadiz|kill me
|c|âShadiz|i want to win fast
|c|âShadiz|;[
|
|move|p1a: Landorus-Therian|Earthquake|p2a: Slowbro
|-damage|p2a: Slowbro|50\/393
|move|p2a: Slowbro|Slack Off|p2a: Slowbro
|-heal|p2a: Slowbro|247\/393
|
|turn|37
|
|switch|p1a: Clefable|Clefable, F|393\/393
|move|p2a: Slowbro|Ice Beam|p1a: Clefable
|-damage|p1a: Clefable|268\/393
|
|-heal|p1a: Clefable|292\/393|[from] item: Leftovers
|turn|38
|
|move|p1a: Clefable|Calm Mind|p1a: Clefable
|-boost|p1a: Clefable|spa|1
|-boost|p1a: Clefable|spd|1
|move|p2a: Slowbro|Slack Off|p2a: Slowbro
|-heal|p2a: Slowbro|393\/393
|
|-heal|p1a: Clefable|316\/393|[from] item: Leftovers
|turn|39
|
|switch|p2a: Heatran|Heatran, F|366\/385
|-damage|p2a: Heatran|318\/385|[from] Stealth Rock
|move|p1a: Clefable|Moonblast|p2a: Heatran
|-resisted|p2a: Heatran
|-damage|p2a: Heatran|290\/385
|
|-heal|p2a: Heatran|314\/385|[from] item: Leftovers
|-heal|p1a: Clefable|340\/393|[from] item: Leftovers
|turn|40
|
|switch|p1a: Landorus-Therian|Landorus-Therian, M|257\/341
|-damage|p1a: Landorus-Therian|215\/341|[from] Stealth Rock
|-ability|p1a: Landorus-Therian|Intimidate|[of] p2a: Heatran
|-unboost|p2a: Heatran|atk|1
|move|p2a: Heatran|Lava Plume|p1a: Landorus-Therian
|-damage|p1a: Landorus-Therian|82\/341
|
|-heal|p2a: Heatran|338\/385|[from] item: Leftovers
|turn|41
|
|move|p2a: Heatran|Protect|p2a: Heatran
|-singleturn|p2a: Heatran|Protect
|move|p1a: Landorus-Therian|Earthquake|p2a: Heatran
|-activate|p2a: Heatran|Protect
|
|-heal|p2a: Heatran|362\/385|[from] item: Leftovers
|turn|42
|
|switch|p2a: Slowbro|Slowbro-Mega, F|393\/393
|-damage|p2a: Slowbro|344\/393|[from] Stealth Rock
|move|p1a: Landorus-Therian|Earthquake|p2a: Slowbro
|-damage|p2a: Slowbro|253\/393
|
|turn|43
|
|switch|p1a: Clefable|Clefable, F|340\/393
|move|p2a: Slowbro|Calm Mind|p2a: Slowbro
|-boost|p2a: Slowbro|spa|1
|-boost|p2a: Slowbro|spd|1
|
|-heal|p1a: Clefable|364\/393|[from] item: Leftovers
|turn|44
|
|move|p1a: Clefable|Calm Mind|p1a: Clefable
|-boost|p1a: Clefable|spa|1
|-boost|p1a: Clefable|spd|1
|move|p2a: Slowbro|Scald|p1a: Clefable
|-damage|p1a: Clefable|255\/393
|
|-heal|p1a: Clefable|279\/393|[from] item: Leftovers
|turn|45
|
|move|p1a: Clefable|Moonblast|p2a: Slowbro
|-damage|p2a: Slowbro|135\/393
|-unboost|p2a: Slowbro|spa|1
|move|p2a: Slowbro|Slack Off|p2a: Slowbro
|-heal|p2a: Slowbro|332\/393
|
|-heal|p1a: Clefable|303\/393|[from] item: Leftovers
|turn|46
|
|switch|p2a: Heatran|Heatran, F|362\/385
|-damage|p2a: Heatran|314\/385|[from] Stealth Rock
|move|p1a: Clefable|Calm Mind|p1a: Clefable
|-boost|p1a: Clefable|spa|1
|-boost|p1a: Clefable|spd|1
|
|-heal|p2a: Heatran|338\/385|[from] item: Leftovers
|-heal|p1a: Clefable|327\/393|[from] item: Leftovers
|turn|47
|
|switch|p1a: Landorus-Therian|Landorus-Therian, M|82\/341
|-damage|p1a: Landorus-Therian|40\/341|[from] Stealth Rock
|-ability|p1a: Landorus-Therian|Intimidate|[of] p2a: Heatran
|-unboost|p2a: Heatran|atk|1
|move|p2a: Heatran|Lava Plume|p1a: Landorus-Therian
|-damage|p1a: Landorus-Therian|0 fnt
|faint|p1a: Landorus-Therian
|
|-heal|p2a: Heatran|362\/385|[from] item: Leftovers
|
|switch|p1a: Clefable|Clefable, F|327\/393
|turn|48
|
|switch|p2a: Clefable|Clefable, F|363\/394
|move|p1a: Clefable|Calm Mind|p1a: Clefable
|-boost|p1a: Clefable|spa|1
|-boost|p1a: Clefable|spd|1
|
|-heal|p1a: Clefable|351\/393|[from] item: Leftovers
|-heal|p2a: Clefable|387\/394|[from] item: Leftovers
|turn|49
|
|move|p2a: Clefable|Knock Off|p1a: Clefable
|-resisted|p1a: Clefable
|-damage|p1a: Clefable|323\/393
|-enditem|p1a: Clefable|Leftovers|[from] move: Knock Off|[of] p2a: Clefable
|move|p1a: Clefable|Calm Mind|p1a: Clefable
|-boost|p1a: Clefable|spa|1
|-boost|p1a: Clefable|spd|1
|
|-heal|p2a: Clefable|394\/394|[from] item: Leftovers
|turn|50
|
|switch|p2a: Ferrothorn|Ferrothorn, M|151\/351
|-damage|p2a: Ferrothorn|130\/351|[from] Stealth Rock
|move|p1a: Clefable|Calm Mind|p1a: Clefable
|-boost|p1a: Clefable|spa|1
|-boost|p1a: Clefable|spd|1
|
|-heal|p2a: Ferrothorn|151\/351|[from] item: Leftovers
|turn|51
|
|move|p1a: Clefable|Moonblast|p2a: Ferrothorn
|-resisted|p2a: Ferrothorn
|-damage|p2a: Ferrothorn|43\/351
|-unboost|p2a: Ferrothorn|spa|1
|move|p2a: Ferrothorn|Gyro Ball|p1a: Clefable
|-supereffective|p1a: Clefable
|-damage|p1a: Clefable|83\/393
|
|-heal|p2a: Ferrothorn|64\/351|[from] item: Leftovers
|turn|52
|
|move|p1a: Clefable|Moonblast|p2a: Ferrothorn
|-resisted|p2a: Ferrothorn
|-damage|p2a: Ferrothorn|0 fnt
|faint|p2a: Ferrothorn
|
|
|switch|p2a: Heatran|Heatran, F|362\/385
|-damage|p2a: Heatran|314\/385|[from] Stealth Rock
|turn|53
|
|move|p2a: Heatran|Lava Plume|p1a: Clefable
|-damage|p1a: Clefable|38\/393
|move|p1a: Clefable|Soft-Boiled|p1a: Clefable
|-heal|p1a: Clefable|235\/393
|
|-heal|p2a: Heatran|338\/385|[from] item: Leftovers
|turn|54
|
|move|p2a: Heatran|Lava Plume|p1a: Clefable
|-damage|p1a: Clefable|189\/393
|move|p1a: Clefable|Soft-Boiled|p1a: Clefable
|-heal|p1a: Clefable|386\/393
|
|-heal|p2a: Heatran|362\/385|[from] item: Leftovers
|turn|55
|
|move|p2a: Heatran|Lava Plume|p1a: Clefable
|-damage|p1a: Clefable|346\/393
|-status|p1a: Clefable|brn
|move|p1a: Clefable|Calm Mind|p1a: Clefable
|-boost|p1a: Clefable|spa|1
|-boost|p1a: Clefable|spd|1
|
|-heal|p2a: Heatran|385\/385|[from] item: Leftovers
|turn|56
|
|move|p2a: Heatran|Lava Plume|p1a: Clefable
|-damage|p1a: Clefable|310\/393 brn
|move|p1a: Clefable|Calm Mind|p1a: Clefable
|-boost|p1a: Clefable|spa|1
|-boost|p1a: Clefable|spd|1
|
|turn|57
|
|move|p2a: Heatran|Lava Plume|p1a: Clefable
|-crit|p1a: Clefable
|-damage|p1a: Clefable|157\/393 brn
|move|p1a: Clefable|Calm Mind|p1a: Clefable
|-boost|p1a: Clefable|spa|1
|-boost|p1a: Clefable|spd|1
|
|turn|58
|
|switch|p2a: Mew|Mew|403\/403
|-damage|p2a: Mew|353\/403|[from] Stealth Rock
|move|p1a: Clefable|Soft-Boiled|p1a: Clefable
|-heal|p1a: Clefable|354\/393 brn
|
|-heal|p2a: Mew|378\/403|[from] item: Leftovers
|turn|59
|
|move|p2a: Mew|Defog|p1a: Clefable
|-unboost|p1a: Clefable|evasion|1
|-sideend|p1: Shadiz|Spikes|[from] move: Defog|[of] p1a: Clefable
|-sideend|p1: Shadiz|Stealth Rock|[from] move: Defog|[of] p1a: Clefable
|-sideend|p2: RSMessiii|Stealth Rock|[from] move: Defog|[of] p2a: Mew
|move|p1a: Clefable|Moonblast|p2a: Mew
|-damage|p2a: Mew|0 fnt
|faint|p2a: Mew
|
|
|switch|p2a: Chansey|Chansey, F|431\/703
|turn|60
|
|move|p1a: Clefable|Stored Power|p2a: Chansey
|-damage|p2a: Chansey|0 fnt
|faint|p2a: Chansey
|
|
|switch|p2a: Heatran|Heatran, F|385\/385
|turn|61
|
|move|p2a: Heatran|Lava Plume|p1a: Clefable
|-damage|p1a: Clefable|329\/393 brn
|move|p1a: Clefable|Stored Power|p2a: Heatran
|-resisted|p2a: Heatran
|-damage|p2a: Heatran|134\/385
|
|-heal|p2a: Heatran|158\/385|[from] item: Leftovers
|turn|62
|
|move|p2a: Heatran|Protect|p2a: Heatran
|-singleturn|p2a: Heatran|Protect
|move|p1a: Clefable|Stored Power|p2a: Heatran
|-activate|p2a: Heatran|Protect
|
|-heal|p2a: Heatran|182\/385|[from] item: Leftovers
|turn|63
|
|switch|p2a: Slowbro|Slowbro-Mega, F|332\/393
|move|p1a: Clefable|Stored Power|p2a: Slowbro
|-resisted|p2a: Slowbro
|-damage|p2a: Slowbro|0 fnt
|faint|p2a: Slowbro
|
|
|switch|p2a: Clefable|Clefable, F|394\/394
|turn|64
|
|move|p2a: Clefable|Moonblast|p1a: Clefable
|-damage|p1a: Clefable|305\/393 brn
|-unboost|p1a: Clefable|spa|1
|move|p1a: Clefable|Moonblast|p2a: Clefable
|-damage|p2a: Clefable|120\/394
|
|-heal|p2a: Clefable|144\/394|[from] item: Leftovers
|turn|65
|
|move|p2a: Clefable|Soft-Boiled|p2a: Clefable
|-heal|p2a: Clefable|341\/394
|move|p1a: Clefable|Calm Mind|p1a: Clefable
|-boost|p1a: Clefable|spa|1
|
|-heal|p2a: Clefable|365\/394|[from] item: Leftovers
|turn|66
|
|move|p2a: Clefable|Moonblast|p1a: Clefable
|-damage|p1a: Clefable|281\/393 brn
|move|p1a: Clefable|Stored Power|p2a: Clefable
|-damage|p2a: Clefable|0 fnt
|faint|p2a: Clefable
|
|
|switch|p2a: Heatran|Heatran, F|182\/385
|turn|67
|
|move|p2a: Heatran|Protect|p2a: Heatran
|-singleturn|p2a: Heatran|Protect
|move|p1a: Clefable|Moonblast|p2a: Heatran
|-activate|p2a: Heatran|Protect
|
|-heal|p2a: Heatran|206\/385|[from] item: Leftovers
|turn|68
|
|move|p2a: Heatran|Lava Plume|p1a: Clefable
|-damage|p1a: Clefable|253\/393 brn
|move|p1a: Clefable|Stored Power|p2a: Heatran
|-crit|p2a: Heatran
|-resisted|p2a: Heatran
|-damage|p2a: Heatran|0 fnt
|faint|p2a: Heatran
|
|win|Shadiz
|raw|Ladder updating...
|raw|Shadiz's rating: 1578 &rarr; <strong>1603<\/strong><br \/>(+25 for winning)
|raw|RSMessiii's rating: 1667 &rarr; <strong>1642<\/strong><br \/>(-25 for losing)
|leave|RSMessiii
|player|p2