|join|RSMessiii
|join|WECAMEASROMANS
|player|p1|RSMessiii|102
|player|p2|WECAMEASROMANS|257
|gametype|singles
|gen|6
|tier|ORAS OU
|rated
|rule|Sleep Clause Mod: Limit one foe put to sleep
|rule|Species Clause: Limit one of each PokÃ©mon
|rule|OHKO Clause: OHKO moves are banned
|rule|Moody Clause: Moody is banned
|rule|Evasion Moves Clause: Evasion moves are banned
|rule|Endless Battle Clause: Forcing endless battles is banned
|rule|HP Percentage Mod: HP is shown in percentages
|clearpoke
|poke|p1|Swampert, F
|poke|p1|Politoed, F
|poke|p1|Kingdra, M
|poke|p1|Ferrothorn, M
|poke|p1|Mew
|poke|p1|Tornadus-Therian, M
|poke|p2|Skarmory, M
|poke|p2|Chansey, F
|poke|p2|Slowbro, M
|poke|p2|Tentacruel, M
|poke|p2|Bronzong
|poke|p2|Clefable, F
|rule|Swagger Clause: Swagger is banned
|rule|Baton Pass Clause: Limit one PokÃ©mon knowing Baton Pass
|teampreview
|
|start
|switch|p1a: Tornadus-Therian|Tornadus-Therian, M|299\/299
|switch|p2a: Slowbro|Slowbro, M|394\/394
|turn|1
|join|TheLaughingCats
|
|detailschange|p2a: Slowbro|Slowbro-Mega, M
|message|Slowbro has Mega Evolved into Mega Slowbro!
|move|p1a: Tornadus-Therian|U-turn|p2a: Slowbro
|-supereffective|p2a: Slowbro
|-damage|p2a: Slowbro|336\/394
|
|switch|p1a: Mew|Mew|403\/403
|move|p2a: Slowbro|Ice Beam|p1a: Mew
|-damage|p1a: Mew|320\/403
|
|-heal|p1a: Mew|345\/403|[from] item: Leftovers
|turn|2
|
|switch|p2a: Tentacruel|Tentacruel, M|364\/364
|move|p1a: Mew|Will-O-Wisp|p2a: Tentacruel|[miss]
|-miss|p1a: Mew|p2a: Tentacruel
|
|-heal|p1a: Mew|370\/403|[from] item: Leftovers
|turn|3
|
|move|p2a: Tentacruel|Scald|p1a: Mew
|-damage|p1a: Mew|303\/403
|move|p1a: Mew|Will-O-Wisp|p2a: Tentacruel
|-status|p2a: Tentacruel|brn
|
|-heal|p1a: Mew|328\/403|[from] item: Leftovers
|-damage|p2a: Tentacruel|319\/364 brn|[from] brn
|turn|4
|
|move|p2a: Tentacruel|Scald|p1a: Mew
|-damage|p1a: Mew|253\/403
|move|p1a: Mew|Knock Off|p2a: Tentacruel
|-damage|p2a: Tentacruel|252\/364 brn
|-enditem|p2a: Tentacruel|Leftovers|[from] move: Knock Off|[of] p1a: Mew
|
|-heal|p1a: Mew|278\/403|[from] item: Leftovers
|-damage|p2a: Tentacruel|207\/364 brn|[from] brn
|turn|5
|
|move|p2a: Tentacruel|Scald|p1a: Mew
|-damage|p1a: Mew|211\/403
|-status|p1a: Mew|brn
|move|p1a: Mew|Soft-Boiled|p1a: Mew
|-heal|p1a: Mew|403\/403 brn
|
|-damage|p2a: Tentacruel|162\/364 brn|[from] brn
|-damage|p1a: Mew|353\/403 brn|[from] brn
|turn|6
|
|switch|p1a: Tornadus-Therian|Tornadus-Therian, M|299\/299
|move|p2a: Tentacruel|Rest|p2a: Tentacruel
|-status|p2a: Tentacruel|slp
|-heal|p2a: Tentacruel|364\/364 slp|[silent]
|-status|p2a: Tentacruel|slp|[from] move: Rest
|
|turn|7
|
|switch|p2a: Bronzong|Bronzong|338\/338
|move|p1a: Tornadus-Therian|U-turn|p2a: Bronzong
|-damage|p2a: Bronzong|293\/338
|
|switch|p1a: Ferrothorn|Ferrothorn, M|351\/351
|
|-heal|p2a: Bronzong|314\/338|[from] item: Leftovers
|turn|8
|
|move|p2a: Bronzong|Stealth Rock|p1a: Ferrothorn
|-sidestart|p1: RSMessiii|move: Stealth Rock
|move|p1a: Ferrothorn|Stealth Rock|p2a: Bronzong
|-sidestart|p2: WECAMEASROMANS|move: Stealth Rock
|
|-heal|p2a: Bronzong|335\/338|[from] item: Leftovers
|turn|9
|
|switch|p2a: Tentacruel|Tentacruel, M|364\/364 slp
|-damage|p2a: Tentacruel|319\/364 slp|[from] Stealth Rock
|switch|p1a: Tornadus-Therian|Tornadus-Therian, M|299\/299
|-damage|p1a: Tornadus-Therian|225\/299|[from] Stealth Rock
|
|turn|10
|
|switch|p2a: Bronzong|Bronzong|335\/338
|-damage|p2a: Bronzong|314\/338|[from] Stealth Rock
|move|p1a: Tornadus-Therian|Hurricane|p2a: Bronzong
|-resisted|p2a: Bronzong
|-damage|p2a: Bronzong|251\/338
|
|-heal|p2a: Bronzong|272\/338|[from] item: Leftovers
|turn|11
|
|move|p1a: Tornadus-Therian|Knock Off|p2a: Bronzong
|-supereffective|p2a: Bronzong
|-damage|p2a: Bronzong|148\/338
|-enditem|p2a: Bronzong|Leftovers|[from] move: Knock Off|[of] p1a: Tornadus-Therian
|move|p2a: Bronzong|Gyro Ball|p1a: Tornadus-Therian
|-crit|p1a: Tornadus-Therian
|-damage|p1a: Tornadus-Therian|0 fnt
|faint|p1a: Tornadus-Therian
|
|
|switch|p1a: Swampert|Swampert, F|361\/361
|-damage|p1a: Swampert|339\/361|[from] Stealth Rock
|turn|12
|
|switch|p2a: Slowbro|Slowbro-Mega, M|336\/394
|-damage|p2a: Slowbro|287\/394|[from] Stealth Rock
|detailschange|p1a: Swampert|Swampert-Mega, F
|message|Swampert has Mega Evolved into Mega Swampert!
|move|p1a: Swampert|Waterfall|p2a: Slowbro
|-resisted|p2a: Slowbro
|-damage|p2a: Slowbro|249\/394
|
|turn|13
|join|Fr33dom
|leave|Fr33dom
|-message|RSMessiii lost due to inactivity.
|
|win|WECAMEASROMANS
|raw|Ladder updating...
|raw|RSMessiii's rating: 1413 &rarr; <strong>1398<\/strong><br \/>(-15 for losing)
|raw|WECAMEASROMANS's rating: 1507 &rarr; <strong>1522<\/strong><br \/>(+15 for winning)
|leave|WECAMEASROMANS
|player|p2
|leave|TheLaughingCats
|join|loserbaby
|leave|RSMessiii
|player|p1
|join|oras time