|join|RSMessiii
|join|MoB Barley
|player|p1|RSMessiii|265
|player|p2|MoB Barley|161
|gametype|singles
|gen|6
|tier|ORAS OU
|rated
|rule|Sleep Clause Mod: Limit one foe put to sleep
|rule|Species Clause: Limit one of each PokÃ©mon
|rule|OHKO Clause: OHKO moves are banned
|rule|Moody Clause: Moody is banned
|rule|Evasion Moves Clause: Evasion moves are banned
|rule|Endless Battle Clause: Forcing endless battles is banned
|rule|HP Percentage Mod: HP is shown in percentages
|clearpoke
|poke|p1|Beedrill, M
|poke|p1|Rotom-Wash
|poke|p1|Landorus-Therian, M
|poke|p1|Kyurem-Black
|poke|p1|Mew
|poke|p1|Greninja, F
|poke|p2|Diggersby, M, shiny
|poke|p2|Keldeo-Resolute, shiny
|poke|p2|Bisharp, M, shiny
|poke|p2|Latios, M, shiny
|poke|p2|Talonflame, M, shiny
|poke|p2|Clefable, F, shiny
|rule|Swagger Clause: Swagger is banned
|rule|Baton Pass Clause: Limit one PokÃ©mon knowing Baton Pass
|teampreview
|
|start
|switch|p1a: Mew|Mew|403\/403
|switch|p2a: Prioritize|Talonflame, M, shiny|319\/319
|turn|1
|join|ox the fox
|join|churos1.5
|
|switch|p2a: Claff on Ya|Clefable, F, shiny|394\/394
|switch|p1a: Landorus-Therian|Landorus-Therian, M|381\/381
|-ability|p1a: Landorus-Therian|Intimidate|[of] p2a: Claff on Ya
|-unboost|p2a: Claff on Ya|atk|1
|
|turn|2
|
|move|p1a: Landorus-Therian|Stealth Rock|p2a: Claff on Ya
|-sidestart|p2: MoB Barley|move: Stealth Rock
|move|p2a: Claff on Ya|Stealth Rock|p1a: Landorus-Therian
|-sidestart|p1: RSMessiii|move: Stealth Rock
|
|turn|3
|
|move|p1a: Landorus-Therian|Earthquake|p2a: Claff on Ya
|-damage|p2a: Claff on Ya|259\/394
|move|p2a: Claff on Ya|Moonblast|p1a: Landorus-Therian
|-damage|p1a: Landorus-Therian|249\/381
|
|-heal|p1a: Landorus-Therian|272\/381|[from] item: Leftovers
|-heal|p2a: Claff on Ya|283\/394|[from] item: Leftovers
|turn|4
|
|move|p1a: Landorus-Therian|U-turn|p2a: Claff on Ya
|-resisted|p2a: Claff on Ya
|-damage|p2a: Claff on Ya|250\/394
|
|switch|p1a: Beedrill|Beedrill, M|271\/271
|-damage|p1a: Beedrill|204\/271|[from] Stealth Rock
|move|p2a: Claff on Ya|Thunder Wave|p1a: Beedrill
|-status|p1a: Beedrill|par
|
|-heal|p2a: Claff on Ya|274\/394|[from] item: Leftovers
|turn|5
|
|switch|p2a: Pegasus|Keldeo-Resolute, shiny|323\/323
|-damage|p2a: Pegasus|303\/323|[from] Stealth Rock
|detailschange|p1a: Beedrill|Beedrill-Mega, M
|message|Beedrill has Mega Evolved into Mega Beedrill!
|move|p1a: Beedrill|U-turn|p2a: Pegasus
|-resisted|p2a: Pegasus
|-damage|p2a: Pegasus|201\/323
|
|switch|p1a: Mew|Mew|403\/403
|-damage|p1a: Mew|353\/403|[from] Stealth Rock
|
|-heal|p2a: Pegasus|221\/323|[from] item: Leftovers
|-heal|p1a: Mew|378\/403|[from] item: Leftovers
|turn|6
|leave|ox the fox
|join|ox the fox
|
|move|p2a: Pegasus|Substitute|p2a: Pegasus
|-start|p2a: Pegasus|Substitute
|-damage|p2a: Pegasus|141\/323
|move|p1a: Mew|Defog|p2a: Pegasus
|-sideend|p2: MoB Barley|Stealth Rock|[from] move: Defog|[of] p2a: Pegasus
|-sideend|p1: RSMessiii|Stealth Rock|[from] move: Defog|[of] p1a: Mew
|
|-heal|p2a: Pegasus|161\/323|[from] item: Leftovers
|-heal|p1a: Mew|403\/403|[from] item: Leftovers
|turn|7
|
|switch|p1a: Rotom-Wash|Rotom-Wash|299\/299
|move|p2a: Pegasus|Calm Mind|p2a: Pegasus
|-boost|p2a: Pegasus|spa|1
|-boost|p2a: Pegasus|spd|1
|
|-heal|p2a: Pegasus|181\/323|[from] item: Leftovers
|turn|8
|
|move|p2a: Pegasus|Calm Mind|p2a: Pegasus
|-boost|p2a: Pegasus|spa|1
|-boost|p2a: Pegasus|spd|1
|move|p1a: Rotom-Wash|Volt Switch|p2a: Pegasus
|-supereffective|p2a: Pegasus
|-end|p2a: Pegasus|Substitute
|
|switch|p1a: Greninja|Greninja, F|285\/285
|
|-heal|p2a: Pegasus|201\/323|[from] item: Leftovers
|turn|9
|
|move|p1a: Greninja|Scald|p2a: Pegasus
|-resisted|p2a: Pegasus
|-damage|p2a: Pegasus|157\/323
|-status|p2a: Pegasus|brn
|-damage|p1a: Greninja|257\/285|[from] item: Life Orb
|move|p2a: Pegasus|Scald|p1a: Greninja
|-resisted|p1a: Greninja
|-damage|p1a: Greninja|68\/285
|
|-heal|p2a: Pegasus|177\/323 brn|[from] item: Leftovers
|-damage|p2a: Pegasus|137\/323 brn|[from] brn
|turn|10
|c|âMoB Barley|goes for hax
|c|âMoB Barley|really lol
|
|move|p1a: Greninja|U-turn|p2a: Pegasus
|-crit|p2a: Pegasus
|-resisted|p2a: Pegasus
|-damage|p2a: Pegasus|89\/323 brn
|-damage|p1a: Greninja|40\/285|[from] item: Life Orb
|
|switch|p1a: Beedrill|Beedrill-Mega, M|204\/271 par
|move|p2a: Pegasus|Scald|p1a: Beedrill
|-damage|p1a: Beedrill|0 fnt
|faint|p1a: Beedrill
|
|-heal|p2a: Pegasus|109\/323 brn|[from] item: Leftovers
|-damage|p2a: Pegasus|69\/323 brn|[from] brn
|
|switch|p1a: Rotom-Wash|Rotom-Wash|299\/299
|turn|11
|
|move|p2a: Pegasus|Secret Sword|p1a: Rotom-Wash
|-damage|p1a: Rotom-Wash|65\/299
|move|p1a: Rotom-Wash|Volt Switch|p2a: Pegasus
|-supereffective|p2a: Pegasus
|-damage|p2a: Pegasus|0 fnt
|faint|p2a: Pegasus
|
|switch|p1a: Kyurem-Black|Kyurem-Black|405\/405
|-ability|p1a: Kyurem-Black|Teravolt
|
|
|switch|p2a: Latios|Latios, M, shiny|301\/301
|turn|12
|
|switch|p1a: Mew|Mew|403\/403
|detailschange|p2a: Latios|Latios-Mega, M, shiny
|message|Latios has Mega Evolved into Mega Latios!
|move|p2a: Latios|Draco Meteor|p1a: Mew
|-damage|p1a: Mew|205\/403
|-unboost|p2a: Latios|spa|2
|
|-heal|p1a: Mew|230\/403|[from] item: Leftovers
|turn|13
|
|switch|p2a: Prioritize|Talonflame, M, shiny|319\/319
|switch|p1a: Rotom-Wash|Rotom-Wash|65\/299
|
|-heal|p1a: Rotom-Wash|83\/299|[from] item: Leftovers
|turn|14
|
|switch|p2a: Claff on Ya|Clefable, F, shiny|274\/394
|switch|p1a: Landorus-Therian|Landorus-Therian, M|272\/381
|-ability|p1a: Landorus-Therian|Intimidate|[of] p2a: Claff on Ya
|-unboost|p2a: Claff on Ya|atk|1
|
|-heal|p1a: Landorus-Therian|295\/381|[from] item: Leftovers
|-heal|p2a: Claff on Ya|298\/394|[from] item: Leftovers
|turn|15
|
|move|p1a: Landorus-Therian|Stealth Rock|p2a: Claff on Ya
|-sidestart|p2: MoB Barley|move: Stealth Rock
|move|p2a: Claff on Ya|Stealth Rock|p1a: Landorus-Therian
|-sidestart|p1: RSMessiii|move: Stealth Rock
|
|-heal|p1a: Landorus-Therian|318\/381|[from] item: Leftovers
|-heal|p2a: Claff on Ya|322\/394|[from] item: Leftovers
|turn|16
|
|move|p1a: Landorus-Therian|Earthquake|p2a: Claff on Ya
|-crit|p2a: Claff on Ya
|-damage|p2a: Claff on Ya|88\/394
|move|p2a: Claff on Ya|Moonblast|p1a: Landorus-Therian
|-damage|p1a: Landorus-Therian|179\/381
|
|-heal|p1a: Landorus-Therian|202\/381|[from] item: Leftovers
|-heal|p2a: Claff on Ya|112\/394|[from] item: Leftovers
|turn|17
|
|move|p1a: Landorus-Therian|Earthquake|p2a: Claff on Ya
|-crit|p2a: Claff on Ya
|-damage|p2a: Claff on Ya|0 fnt
|faint|p2a: Claff on Ya
|
|-heal|p1a: Landorus-Therian|225\/381|[from] item: Leftovers
|c|âMoB Barley|needs hax in order to survive
|
|switch|p2a: Latios|Latios-Mega, M, shiny|301\/301
|-damage|p2a: Latios|264\/301|[from] Stealth Rock
|turn|18
|
|switch|p1a: Rotom-Wash|Rotom-Wash|83\/299
|-damage|p1a: Rotom-Wash|46\/299|[from] Stealth Rock
|move|p2a: Latios|Draco Meteor|p1a: Rotom-Wash
|-damage|p1a: Rotom-Wash|0 fnt
|-unboost|p2a: Latios|spa|2
|faint|p1a: Rotom-Wash
|
|
|switch|p1a: Mew|Mew|230\/403
|-damage|p1a: Mew|180\/403|[from] Stealth Rock
|turn|19
|
|move|p2a: Latios|Defog|p1a: Mew
|-unboost|p1a: Mew|evasion|1
|-sideend|p1: RSMessiii|Stealth Rock|[from] move: Defog|[of] p1a: Mew
|-sideend|p2: MoB Barley|Stealth Rock|[from] move: Defog|[of] p2a: Latios
|move|p1a: Mew|Soft-Boiled|p1a: Mew
|-heal|p1a: Mew|382\/403
|
|-heal|p1a: Mew|403\/403|[from] item: Leftovers
|turn|20
|
|switch|p2a: Prioritize|Talonflame, M, shiny|319\/319
|move|p1a: Mew|Ice Beam|p2a: Prioritize
|-damage|p2a: Prioritize|229\/319
|
|turn|21
|
|move|p2a: Prioritize|Swords Dance|p2a: Prioritize
|-boost|p2a: Prioritize|atk|2
|move|p1a: Mew|Will-O-Wisp|p2a: Prioritize
|-fail|p2a: Prioritize
|
|turn|22
|
|switch|p1a: Landorus-Therian|Landorus-Therian, M|225\/381
|-ability|p1a: Landorus-Therian|Intimidate|[of] p2a: Prioritize
|-unboost|p2a: Prioritize|atk|1
|move|p2a: Prioritize|Swords Dance|p2a: Prioritize
|-boost|p2a: Prioritize|atk|2
|
|-heal|p1a: Landorus-Therian|248\/381|[from] item: Leftovers
|turn|23
|
|switch|p1a: Greninja|Greninja, F|40\/285
|move|p2a: Prioritize|Brave Bird|p1a: Greninja
|-damage|p1a: Greninja|0 fnt
|-damage|p2a: Prioritize|216\/319|[from] recoil|[of] p1a: Greninja
|faint|p1a: Greninja
|
|join|BMTF Officer #231
|
|switch|p1a: Landorus-Therian|Landorus-Therian, M|248\/381
|-ability|p1a: Landorus-Therian|Intimidate|[of] p2a: Prioritize
|-unboost|p2a: Prioritize|atk|1
|turn|24
|
|switch|p1a: Kyurem-Black|Kyurem-Black|405\/405
|-ability|p1a: Kyurem-Black|Teravolt
|move|p2a: Prioritize|Brave Bird|p1a: Kyurem-Black
|-damage|p1a: Kyurem-Black|0 fnt
|-damage|p2a: Prioritize|82\/319|[from] recoil|[of] p1a: Kyurem-Black
|faint|p1a: Kyurem-Black
|
|
|switch|p1a: Landorus-Therian|Landorus-Therian, M|248\/381
|-ability|p1a: Landorus-Therian|Intimidate|[of] p2a: Prioritize
|-unboost|p2a: Prioritize|atk|1
|turn|25
|
|switch|p2a: Latios|Latios-Mega, M, shiny|264\/301
|move|p1a: Landorus-Therian|Stone Edge|p2a: Latios
|-damage|p2a: Latios|161\/301
|
|-heal|p1a: Landorus-Therian|271\/381|[from] item: Leftovers
|turn|26
|
|switch|p1a: Mew|Mew|403\/403
|move|p2a: Latios|Draco Meteor|p1a: Mew
|-damage|p1a: Mew|204\/403
|-unboost|p2a: Latios|spa|2
|
|-heal|p1a: Mew|229\/403|[from] item: Leftovers
|turn|27
|
|switch|p2a: Prioritize|Talonflame, M, shiny|82\/319
|move|p1a: Mew|Soft-Boiled|p1a: Mew
|-heal|p1a: Mew|403\/403
|
|turn|28
|
|switch|p1a: Landorus-Therian|Landorus-Therian, M|271\/381
|-ability|p1a: Landorus-Therian|Intimidate|[of] p2a: Prioritize
|-unboost|p2a: Prioritize|atk|1
|move|p2a: Prioritize|Roost|p2a: Prioritize
|-heal|p2a: Prioritize|242\/319
|
|-heal|p1a: Landorus-Therian|294\/381|[from] item: Leftovers
|turn|29
|
|switch|p2a: Bloo Rangah|Bisharp, M, shiny|271\/271
|move|p1a: Landorus-Therian|U-turn|p2a: Bloo Rangah
|-damage|p2a: Bloo Rangah|195\/271
|
|switch|p1a: Mew|Mew|403\/403
|
|turn|30
|
|move|p1a: Mew|Will-O-Wisp|p2a: Bloo Rangah
|-status|p2a: Bloo Rangah|brn
|move|p2a: Bloo Rangah|Swords Dance|p2a: Bloo Rangah
|-boost|p2a: Bloo Rangah|atk|2
|
|-damage|p2a: Bloo Rangah|162\/271 brn|[from] brn
|turn|31
|
|move|p1a: Mew|Ice Beam|p2a: Bloo Rangah
|-resisted|p2a: Bloo Rangah
|-damage|p2a: Bloo Rangah|117\/271 brn
|move|p2a: Bloo Rangah|Swords Dance|p2a: Bloo Rangah
|-boost|p2a: Bloo Rangah|atk|2
|
|-damage|p2a: Bloo Rangah|84\/271 brn|[from] brn
|turn|32
|
|move|p1a: Mew|Ice Beam|p2a: Bloo Rangah
|-resisted|p2a: Bloo Rangah
|-damage|p2a: Bloo Rangah|39\/271 brn
|move|p2a: Bloo Rangah|Knock Off|p1a: Mew
|-supereffective|p1a: Mew
|-damage|p1a: Mew|0 fnt
|-enditem|p1a: Mew|Leftovers|[from] move: Knock Off|[of] p2a: Bloo Rangah
|-damage|p2a: Bloo Rangah|12\/271 brn|[from] item: Life Orb
|faint|p1a: Mew
|
|-damage|p2a: Bloo Rangah|0 fnt|[from] brn
|faint|p2a: Bloo Rangah
|
|switch|p2a: Latios|Latios-Mega, M, shiny|161\/301
|switch|p1a: Landorus-Therian|Landorus-Therian, M|294\/381
|-ability|p1a: Landorus-Therian|Intimidate|[of] p2a: Latios
|-unboost|p2a: Latios|atk|1
|turn|33
|
|move|p2a: Latios|Draco Meteor|p1a: Landorus-Therian
|-damage|p1a: Landorus-Therian|0 fnt
|-unboost|p2a: Latios|spa|2
|faint|p1a: Landorus-Therian
|
|win|MoB Barley
|raw|Ladder updating...
|raw|RSMessiii's rating: 1410 &rarr; <strong>1391<\/strong><br \/>(-19 for losing)
|raw|MoB Barley's rating: 1420 &rarr; <strong>1439<\/strong><br \/>(+19 for winning)
|leave|MoB Barley
|player|p2