|join|RSMessiii
|join|Rekt.com
|player|p1|RSMessiii|169
|player|p2|Rekt.com|270
|gametype|singles
|gen|6
|tier|ORAS OU
|rated
|rule|Sleep Clause Mod: Limit one foe put to sleep
|rule|Species Clause: Limit one of each PokÃ©mon
|rule|OHKO Clause: OHKO moves are banned
|rule|Moody Clause: Moody is banned
|rule|Evasion Moves Clause: Evasion moves are banned
|rule|Endless Battle Clause: Forcing endless battles is banned
|rule|HP Percentage Mod: HP is shown in percentages
|clearpoke
|poke|p1|Slowbro, F
|poke|p1|Chansey, F
|poke|p1|Heatran, M
|poke|p1|Clefable, M
|poke|p1|Mew
|poke|p1|Ferrothorn, M
|poke|p2|Sceptile, F, shiny
|poke|p2|Rotom-Wash, shiny
|poke|p2|Landorus-Therian, M, shiny
|poke|p2|Empoleon, F, shiny
|poke|p2|Conkeldurr, F
|poke|p2|Victini
|rule|Swagger Clause: Swagger is banned
|rule|Baton Pass Clause: Limit one PokÃ©mon knowing Baton Pass
|teampreview
|
|start
|switch|p1a: Ferrothorn|Ferrothorn, M|351\/351
|switch|p2a: Victini|Victini|350\/350
|turn|1
|
|move|p1a: Ferrothorn|Protect|p1a: Ferrothorn
|-singleturn|p1a: Ferrothorn|Protect
|move|p2a: Victini|U-turn|p1a: Ferrothorn
|-activate|p1a: Ferrothorn|Protect
|
|turn|2
|
|move|p2a: Victini|U-turn|p1a: Ferrothorn
|-damage|p1a: Ferrothorn|284\/351
|-damage|p2a: Victini|307\/350|[from] ability: Iron Barbs|[of] p1a: Ferrothorn
|
|switch|p2a: Empoleon|Empoleon, F, shiny|372\/372
|move|p1a: Ferrothorn|Spikes|p2a: Empoleon
|-sidestart|p2: Rekt.com|Spikes
|
|-heal|p1a: Ferrothorn|305\/351|[from] item: Leftovers
|turn|3
|
|move|p2a: Empoleon|Scald|p1a: Ferrothorn
|-resisted|p1a: Ferrothorn
|-damage|p1a: Ferrothorn|260\/351
|-status|p1a: Ferrothorn|brn
|move|p1a: Ferrothorn|Leech Seed|p2a: Empoleon
|-start|p2a: Empoleon|move: Leech Seed
|
|-heal|p1a: Ferrothorn|281\/351 brn|[from] item: Leftovers
|-damage|p2a: Empoleon|326\/372|[from] Leech Seed|[of] p1a: Ferrothorn
|-heal|p1a: Ferrothorn|327\/351 brn|[silent]
|-damage|p1a: Ferrothorn|284\/351 brn|[from] brn
|turn|4
|
|switch|p2a: Conkeldurr|Conkeldurr, F|413\/413
|-damage|p2a: Conkeldurr|362\/413|[from] Spikes
|move|p1a: Ferrothorn|Spikes|p2a: Conkeldurr
|-sidestart|p2: Rekt.com|Spikes
|
|-heal|p1a: Ferrothorn|305\/351 brn|[from] item: Leftovers
|-damage|p1a: Ferrothorn|262\/351 brn|[from] brn
|turn|5
|
|switch|p2a: Empoleon|Empoleon, F, shiny|326\/372
|-damage|p2a: Empoleon|264\/372|[from] Spikes
|switch|p1a: Clefable|Clefable, M|394\/394
|
|-heal|p2a: Empoleon|287\/372|[from] item: Leftovers
|turn|6
|
|move|p2a: Empoleon|Defog|p1a: Clefable
|-unboost|p1a: Clefable|evasion|1
|-sideend|p2: Rekt.com|Spikes|[from] move: Defog|[of] p2a: Empoleon
|move|p1a: Clefable|Knock Off|p2a: Empoleon
|-damage|p2a: Empoleon|233\/372
|-enditem|p2a: Empoleon|Leftovers|[from] move: Knock Off|[of] p1a: Clefable
|
|turn|7
|
|switch|p1a: Chansey|Chansey, F|703\/703
|move|p2a: Empoleon|Stealth Rock|p1a: Chansey
|-sidestart|p1: RSMessiii|move: Stealth Rock
|
|turn|8
|
|switch|p2a: Conkeldurr|Conkeldurr, F|362\/413
|move|p1a: Chansey|Aromatherapy|p1a: Chansey
|-cureteam|p1a: Chansey|[from] move: Aromatherapy
|
|turn|9
|
|switch|p1a: Clefable|Clefable, M|394\/394
|move|p2a: Conkeldurr|Poison Jab|p1a: Clefable
|-supereffective|p1a: Clefable
|-damage|p1a: Clefable|130\/394
|-status|p1a: Clefable|psn
|
|-heal|p1a: Clefable|154\/394 psn|[from] item: Leftovers
|turn|10
|
|switch|p2a: Victini|Victini|307\/350
|move|p1a: Clefable|Soft-Boiled|p1a: Clefable
|-heal|p1a: Clefable|351\/394 psn
|
|-heal|p1a: Clefable|375\/394 psn|[from] item: Leftovers
|turn|11
|
|switch|p1a: Slowbro|Slowbro, F|393\/393
|-damage|p1a: Slowbro|344\/393|[from] Stealth Rock
|move|p2a: Victini|Bolt Strike|p1a: Slowbro
|-supereffective|p1a: Slowbro
|-damage|p1a: Slowbro|46\/393
|-status|p1a: Slowbro|par
|
|turn|12
|
|switch|p1a: Ferrothorn|Ferrothorn, M|262\/351
|-damage|p1a: Ferrothorn|241\/351|[from] Stealth Rock
|move|p2a: Victini|Bolt Strike|p1a: Ferrothorn
|-resisted|p1a: Ferrothorn
|-damage|p1a: Ferrothorn|177\/351
|-damage|p2a: Victini|264\/350|[from] ability: Iron Barbs|[of] p1a: Ferrothorn
|
|-heal|p1a: Ferrothorn|198\/351|[from] item: Leftovers
|turn|13
|
|switch|p2a: Sceptile|Sceptile, F, shiny|285\/285
|move|p1a: Ferrothorn|Leech Seed|p2a: Sceptile|[miss]
|-miss|p1a: Ferrothorn|p2a: Sceptile
|
|-heal|p1a: Ferrothorn|219\/351|[from] item: Leftovers
|turn|14
|
|switch|p1a: Clefable|Clefable, M|375\/394 psn
|detailschange|p2a: Sceptile|Sceptile-Mega, F, shiny
|message|Sceptile has Mega Evolved into Mega Sceptile!
|move|p2a: Sceptile|Hidden Power|p1a: Clefable
|-damage|p1a: Clefable|313\/394 psn
|
|-heal|p1a: Clefable|337\/394 psn|[from] item: Leftovers
|turn|15
|
|switch|p2a: Victini|Victini|264\/350
|switch|p1a: Mew|Mew|403\/403
|-damage|p1a: Mew|353\/403|[from] Stealth Rock
|
|-heal|p1a: Mew|378\/403|[from] item: Leftovers
|turn|16
|
|move|p2a: Victini|U-turn|p1a: Mew
|-supereffective|p1a: Mew
|-damage|p1a: Mew|192\/403
|
|switch|p2a: Landorus-Therian|Landorus-Therian, M, shiny|328\/328
|-ability|p2a: Landorus-Therian|Intimidate|[of] p1a: Mew
|-unboost|p1a: Mew|atk|1
|move|p1a: Mew|Defog|p2a: Landorus-Therian
|-unboost|p2a: Landorus-Therian|evasion|1
|-sideend|p1: RSMessiii|Stealth Rock|[from] move: Defog|[of] p1a: Mew
|
|-heal|p1a: Mew|217\/403|[from] item: Leftovers
|turn|17
|
|move|p2a: Landorus-Therian|U-turn|p1a: Mew
|-supereffective|p1a: Mew
|-damage|p1a: Mew|59\/403
|
|switch|p2a: Victini|Victini|264\/350
|move|p1a: Mew|Soft-Boiled|p1a: Mew
|-heal|p1a: Mew|261\/403
|
|-heal|p1a: Mew|286\/403|[from] item: Leftovers
|turn|18
|
|switch|p1a: Heatran|Heatran, M|385\/385
|move|p2a: Victini|V-create|p1a: Heatran
|-start|p1a: Heatran|ability: Flash Fire
|
|turn|19
|
|switch|p2a: Conkeldurr|Conkeldurr, F|362\/413
|move|p1a: Heatran|Stealth Rock|p2a: Conkeldurr
|-sidestart|p2: Rekt.com|move: Stealth Rock
|
|turn|20
|
|switch|p1a: Clefable|Clefable, M|337\/394 psn
|switch|p2a: Empoleon|Empoleon, F, shiny|233\/372
|-damage|p2a: Empoleon|210\/372|[from] Stealth Rock
|
|-heal|p1a: Clefable|361\/394 psn|[from] item: Leftovers
|turn|21
|
|switch|p1a: Ferrothorn|Ferrothorn, M|219\/351
|move|p2a: Empoleon|Defog|p1a: Ferrothorn
|-unboost|p1a: Ferrothorn|evasion|1
|-sideend|p2: Rekt.com|Stealth Rock|[from] move: Defog|[of] p2a: Empoleon
|
|-heal|p1a: Ferrothorn|240\/351|[from] item: Leftovers
|turn|22
|
|move|p2a: Empoleon|Scald|p1a: Ferrothorn
|-resisted|p1a: Ferrothorn
|-damage|p1a: Ferrothorn|195\/351
|move|p1a: Ferrothorn|Leech Seed|p2a: Empoleon
|-start|p2a: Empoleon|move: Leech Seed
|
|-heal|p1a: Ferrothorn|216\/351|[from] item: Leftovers
|-damage|p2a: Empoleon|164\/372|[from] Leech Seed|[of] p1a: Ferrothorn
|-heal|p1a: Ferrothorn|262\/351|[silent]
|turn|23
|
|switch|p2a: Sceptile|Sceptile-Mega, F, shiny|285\/285
|move|p1a: Ferrothorn|Spikes|p2a: Sceptile
|-sidestart|p2: Rekt.com|Spikes
|
|-heal|p1a: Ferrothorn|283\/351|[from] item: Leftovers
|turn|24
|
|move|p1a: Ferrothorn|Protect|p1a: Ferrothorn
|-singleturn|p1a: Ferrothorn|Protect
|move|p2a: Sceptile|Earthquake|p1a: Ferrothorn
|-activate|p1a: Ferrothorn|Protect
|
|-heal|p1a: Ferrothorn|304\/351|[from] item: Leftovers
|turn|25
|
|switch|p2a: Victini|Victini|264\/350
|-damage|p2a: Victini|221\/350|[from] Spikes
|switch|p1a: Clefable|Clefable, M|361\/394 psn
|
|-heal|p1a: Clefable|385\/394 psn|[from] item: Leftovers
|turn|26
|
|switch|p1a: Heatran|Heatran, M|385\/385
|move|p2a: Victini|V-create|p1a: Heatran
|-start|p1a: Heatran|ability: Flash Fire
|
|turn|27
|
|switch|p2a: Empoleon|Empoleon, F, shiny|164\/372
|-damage|p2a: Empoleon|118\/372|[from] Spikes
|move|p1a: Heatran|Lava Plume|p2a: Empoleon
|-damage|p2a: Empoleon|0 fnt
|faint|p2a: Empoleon
|
|
|switch|p2a: Victini|Victini|221\/350
|-damage|p2a: Victini|178\/350|[from] Spikes
|turn|28
|
|move|p1a: Heatran|Protect|p1a: Heatran
|-singleturn|p1a: Heatran|Protect
|move|p2a: Victini|V-create|p1a: Heatran
|-activate|p1a: Heatran|Protect
|
|turn|29
|-message|Rekt.com forfeited.
|
|win|RSMessiii
|raw|Ladder updating...
|leave|Rekt.com
|player|p2
|raw|RSMessiii's rating: 1659 &rarr; <strong>1672<\/strong><br \/>(+13 for winning)
|raw|Rekt.com's rating: 1534 &rarr; <strong>1521<\/strong><br \/>(-13 for losing)