|join|RSMessiii
|join|subzeromk
|player|p1|RSMessiii|2
|player|p2|subzeromk|20
|gametype|singles
|gen|6
|tier|OU
|rated
|clearpoke
|poke|p1|Gliscor, M
|poke|p1|Clefable, M
|poke|p1|Chansey, F
|poke|p1|Slowbro, F
|poke|p1|Skarmory, M
|poke|p1|Chesnaught, F
|poke|p2|Heracross, M
|poke|p2|Garchomp, F
|poke|p2|Sylveon, F
|poke|p2|Breloom, M
|poke|p2|Bisharp, M
|poke|p2|Heatran, F
|rule|Swagger Clause: Swagger is banned
|rule|Baton Pass Clause: Limit one PokÃ©mon knowing Baton Pass
|rule|Sleep Clause Mod: Limit one foe put to sleep
|rule|Species Clause: Limit one of each PokÃ©mon
|rule|OHKO Clause: OHKO moves are banned
|rule|Moody Clause: Moody is banned
|rule|Evasion Moves Clause: Evasion moves are banned
|rule|Endless Battle Clause: Forcing endless battles is banned
|rule|HP Percentage Mod: HP is shown in percentages
|teampreview
|
|start
|switch|p1a: Chesnaught|Chesnaught, F|379\/379
|switch|p2a: Garchomp|Garchomp, F|420\/420
|turn|1
|
|move|p2a: Garchomp|Stealth Rock|p1a: Chesnaught
|-sidestart|p1: RSMessiii|move: Stealth Rock
|move|p1a: Chesnaught|Spikes|p2a: Garchomp
|-sidestart|p2: subzeromk|Spikes
|
|turn|2
|
|switch|p2a: Heatran|Heatran, F|323\/323
|-item|p2a: Heatran|Air Balloon
|move|p1a: Chesnaught|Leech Seed|p2a: Heatran
|-start|p2a: Heatran|move: Leech Seed
|
|-damage|p2a: Heatran|283\/323|[from] Leech Seed|[of] p1a: Chesnaught
|turn|3
|
|switch|p2a: Heracross|Heracross, M|301\/301
|-damage|p2a: Heracross|264\/301|[from] Spikes
|move|p1a: Chesnaught|Spiky Shield|p1a: Chesnaught
|-fail|p1a: Chesnaught
|
|turn|4
|
|detailschange|p2a: Heracross|Heracross-Mega, M
|message|Heracross has Mega Evolved into Mega Heracross!
|move|p2a: Heracross|Substitute|p2a: Heracross
|-start|p2a: Heracross|Substitute
|-damage|p2a: Heracross|189\/301
|move|p1a: Chesnaught|Leech Seed|p2a: Heracross|[miss]
|-miss|p1a: Chesnaught|p2a: Heracross
|
|turn|5
|
|move|p1a: Chesnaught|Spiky Shield|p1a: Chesnaught
|-singleturn|p1a: Chesnaught|move: Protect
|move|p2a: Heracross|Pin Missile|p1a: Chesnaught
|-activate|p1a: Chesnaught|move: Protect
|
|turn|6
|
|switch|p1a: Daenerys Targayren|Clefable, M|393\/393
|-damage|p1a: Daenerys Targayren|344\/393|[from] Stealth Rock
|move|p2a: Heracross|Bullet Seed|p1a: Daenerys Targayren
|-damage|p1a: Daenerys Targayren|310\/393
|-damage|p1a: Daenerys Targayren|276\/393
|-damage|p1a: Daenerys Targayren|244\/393
|-damage|p1a: Daenerys Targayren|210\/393
|-damage|p1a: Daenerys Targayren|176\/393
|-hitcount|p1a: Daenerys Targayren|5
|
|-heal|p1a: Daenerys Targayren|200\/393|[from] item: Leftovers
|turn|7
|
|move|p1a: Daenerys Targayren|Protect|p1a: Daenerys Targayren
|-singleturn|p1a: Daenerys Targayren|Protect
|move|p2a: Heracross|Bullet Seed|p1a: Daenerys Targayren
|-activate|p1a: Daenerys Targayren|Protect
|
|-heal|p1a: Daenerys Targayren|224\/393|[from] item: Leftovers
|turn|8
|
|move|p2a: Heracross|Bullet Seed|p1a: Daenerys Targayren
|-damage|p1a: Daenerys Targayren|191\/393
|-crit|p1a: Daenerys Targayren
|-damage|p1a: Daenerys Targayren|136\/393
|-damage|p1a: Daenerys Targayren|99\/393
|-damage|p1a: Daenerys Targayren|64\/393
|-damage|p1a: Daenerys Targayren|30\/393
|-hitcount|p1a: Daenerys Targayren|5
|move|p1a: Daenerys Targayren|Wish|p1a: Daenerys Targayren
|
|-heal|p1a: Daenerys Targayren|54\/393|[from] item: Leftovers
|turn|9
|
|move|p1a: Daenerys Targayren|Protect|p1a: Daenerys Targayren
|-singleturn|p1a: Daenerys Targayren|Protect
|move|p2a: Heracross|Bullet Seed|p1a: Daenerys Targayren
|-activate|p1a: Daenerys Targayren|Protect
|
|-heal|p1a: Daenerys Targayren|250\/393|[from] move: Wish|[wisher] Daenerys Targayren
|-heal|p1a: Daenerys Targayren|274\/393|[from] item: Leftovers
|turn|10
|
|move|p2a: Heracross|Bullet Seed|p1a: Daenerys Targayren
|-damage|p1a: Daenerys Targayren|239\/393
|-damage|p1a: Daenerys Targayren|207\/393
|-damage|p1a: Daenerys Targayren|170\/393
|-damage|p1a: Daenerys Targayren|136\/393
|-damage|p1a: Daenerys Targayren|100\/393
|-hitcount|p1a: Daenerys Targayren|5
|move|p1a: Daenerys Targayren|Wish|p1a: Daenerys Targayren
|
|-heal|p1a: Daenerys Targayren|124\/393|[from] item: Leftovers
|turn|11
|
|move|p1a: Daenerys Targayren|Protect|p1a: Daenerys Targayren
|-singleturn|p1a: Daenerys Targayren|Protect
|move|p2a: Heracross|Bullet Seed|p1a: Daenerys Targayren
|-activate|p1a: Daenerys Targayren|Protect
|
|-heal|p1a: Daenerys Targayren|320\/393|[from] move: Wish|[wisher] Daenerys Targayren
|-heal|p1a: Daenerys Targayren|344\/393|[from] item: Leftovers
|turn|12
|
|move|p2a: Heracross|Bullet Seed|p1a: Daenerys Targayren
|-damage|p1a: Daenerys Targayren|312\/393
|-damage|p1a: Daenerys Targayren|274\/393
|-crit|p1a: Daenerys Targayren
|-damage|p1a: Daenerys Targayren|217\/393
|-damage|p1a: Daenerys Targayren|185\/393
|-damage|p1a: Daenerys Targayren|153\/393
|-hitcount|p1a: Daenerys Targayren|5
|move|p1a: Daenerys Targayren|Wish|p1a: Daenerys Targayren
|
|-heal|p1a: Daenerys Targayren|177\/393|[from] item: Leftovers
|turn|13
|
|move|p1a: Daenerys Targayren|Protect|p1a: Daenerys Targayren
|-singleturn|p1a: Daenerys Targayren|Protect
|move|p2a: Heracross|Bullet Seed|p1a: Daenerys Targayren
|-activate|p1a: Daenerys Targayren|Protect
|
|-heal|p1a: Daenerys Targayren|373\/393|[from] move: Wish|[wisher] Daenerys Targayren
|-heal|p1a: Daenerys Targayren|393\/393|[from] item: Leftovers
|turn|14
|
|move|p2a: Heracross|Bullet Seed|p1a: Daenerys Targayren
|-damage|p1a: Daenerys Targayren|358\/393
|-damage|p1a: Daenerys Targayren|323\/393
|-damage|p1a: Daenerys Targayren|286\/393
|-damage|p1a: Daenerys Targayren|250\/393
|-damage|p1a: Daenerys Targayren|217\/393
|-hitcount|p1a: Daenerys Targayren|5
|move|p1a: Daenerys Targayren|Wish|p1a: Daenerys Targayren
|
|-heal|p1a: Daenerys Targayren|241\/393|[from] item: Leftovers
|turn|15
|
|move|p2a: Heracross|Bullet Seed|p1a: Daenerys Targayren
|-damage|p1a: Daenerys Targayren|209\/393
|-damage|p1a: Daenerys Targayren|172\/393
|-damage|p1a: Daenerys Targayren|134\/393
|-damage|p1a: Daenerys Targayren|96\/393
|-damage|p1a: Daenerys Targayren|63\/393
|-hitcount|p1a: Daenerys Targayren|5
|move|p1a: Daenerys Targayren|Moonblast|p2a: Heracross
|-supereffective|p2a: Heracross
|-end|p2a: Heracross|Substitute
|
|-heal|p1a: Daenerys Targayren|259\/393|[from] move: Wish|[wisher] Daenerys Targayren
|-heal|p1a: Daenerys Targayren|283\/393|[from] item: Leftovers
|turn|16
|
|switch|p2a: Sylveon|Sylveon, F|392\/392
|-damage|p2a: Sylveon|343\/392|[from] Spikes
|move|p1a: Daenerys Targayren|Protect|p1a: Daenerys Targayren
|-fail|p1a: Daenerys Targayren
|
|-heal|p1a: Daenerys Targayren|307\/393|[from] item: Leftovers
|turn|17
|
|move|p1a: Daenerys Targayren|Protect|p1a: Daenerys Targayren
|-singleturn|p1a: Daenerys Targayren|Protect
|move|p2a: Sylveon|Hyper Voice|p1a: Daenerys Targayren
|-activate|p1a: Daenerys Targayren|Protect
|
|-heal|p1a: Daenerys Targayren|331\/393|[from] item: Leftovers
|turn|18
|
|switch|p2a: Heracross|Heracross-Mega, M|189\/301
|-damage|p2a: Heracross|152\/301|[from] Spikes
|switch|p1a: Jorah Mormont|Skarmory, M|333\/333
|-damage|p1a: Jorah Mormont|292\/333|[from] Stealth Rock
|
|turn|19
|
|move|p2a: Heracross|Close Combat|p1a: Jorah Mormont
|-damage|p1a: Jorah Mormont|102\/333
|-unboost|p2a: Heracross|def|1
|-unboost|p2a: Heracross|spd|1
|move|p1a: Jorah Mormont|Whirlwind|p2a: Heracross
|drag|p2a: Madara|Bisharp, M|272\/272
|-damage|p2a: Madara|238\/272|[from] Spikes
|
|turn|20
|
|move|p2a: Madara|Knock Off|p1a: Jorah Mormont
|-damage|p1a: Jorah Mormont|0 fnt
|-enditem|p1a: Jorah Mormont|Shed Shell|[from] move: Knock Off|[of] p2a: Madara
|-damage|p2a: Madara|211\/272|[from] item: Life Orb
|faint|p1a: Jorah Mormont
|
|
|switch|p1a: Chesnaught|Chesnaught, F|379\/379
|-damage|p1a: Chesnaught|356\/379|[from] Stealth Rock
|turn|21
|
|switch|p2a: Garchomp|Garchomp, F|420\/420
|-damage|p2a: Garchomp|368\/420|[from] Spikes
|move|p1a: Chesnaught|Leech Seed|p2a: Garchomp
|-start|p2a: Garchomp|move: Leech Seed
|
|-heal|p1a: Chesnaught|379\/379|[from] item: Leftovers
|-damage|p2a: Garchomp|316\/420|[from] Leech Seed|[of] p1a: Chesnaught
|turn|22
|
|switch|p2a: Heatran|Heatran, F|283\/323
|-item|p2a: Heatran|Air Balloon
|move|p1a: Chesnaught|Spikes|p2a: Heatran
|-sidestart|p2: subzeromk|Spikes
|
|turn|23
|
|move|p1a: Chesnaught|Spiky Shield|p1a: Chesnaught
|-singleturn|p1a: Chesnaught|move: Protect
|move|p2a: Heatran|Fire Blast|p1a: Chesnaught
|-activate|p1a: Chesnaught|move: Protect
|
|turn|24
|
|switch|p2a: Heracross|Heracross-Mega, M|152\/301
|-damage|p2a: Heracross|102\/301|[from] Spikes
|switch|p1a: Daario Nahaaris|Gliscor, M|353\/353
|-damage|p1a: Daario Nahaaris|309\/353|[from] Stealth Rock
|
|-status|p1a: Daario Nahaaris|tox|[from] item: Toxic Orb
|turn|25
|
|move|p2a: Heracross|Bullet Seed|p1a: Daario Nahaaris
|-damage|p1a: Daario Nahaaris|279\/353 tox
|-damage|p1a: Daario Nahaaris|246\/353 tox
|-damage|p1a: Daario Nahaaris|215\/353 tox
|-damage|p1a: Daario Nahaaris|184\/353 tox
|-damage|p1a: Daario Nahaaris|151\/353 tox
|-hitcount|p1a: Daario Nahaaris|5
|move|p1a: Daario Nahaaris|Earthquake|p2a: Heracross
|-resisted|p2a: Heracross
|-damage|p2a: Heracross|56\/301
|
|-heal|p1a: Daario Nahaaris|195\/353 tox|[from] ability: Poison Heal
|turn|26
|
|move|p2a: Heracross|Bullet Seed|p1a: Daario Nahaaris
|-damage|p1a: Daario Nahaaris|162\/353 tox
|-damage|p1a: Daario Nahaaris|128\/353 tox
|-damage|p1a: Daario Nahaaris|98\/353 tox
|-damage|p1a: Daario Nahaaris|66\/353 tox
|-damage|p1a: Daario Nahaaris|31\/353 tox
|-hitcount|p1a: Daario Nahaaris|5
|move|p1a: Daario Nahaaris|Roost|p1a: Daario Nahaaris
|-heal|p1a: Daario Nahaaris|208\/353 tox
|
|-heal|p1a: Daario Nahaaris|252\/353 tox|[from] ability: Poison Heal
|turn|27
|
|move|p2a: Heracross|Bullet Seed|p1a: Daario Nahaaris
|-damage|p1a: Daario Nahaaris|220\/353 tox
|-damage|p1a: Daario Nahaaris|186\/353 tox
|-damage|p1a: Daario Nahaaris|153\/353 tox
|-damage|p1a: Daario Nahaaris|123\/353 tox
|-damage|p1a: Daario Nahaaris|90\/353 tox
|-hitcount|p1a: Daario Nahaaris|5
|move|p1a: Daario Nahaaris|Earthquake|p2a: Heracross
|-resisted|p2a: Heracross
|-damage|p2a: Heracross|2\/301
|
|-heal|p1a: Daario Nahaaris|134\/353 tox|[from] ability: Poison Heal
|turn|28
|
|switch|p1a: Chesnaught|Chesnaught, F|379\/379
|-damage|p1a: Chesnaught|356\/379|[from] Stealth Rock
|move|p2a: Heracross|Bullet Seed|p1a: Chesnaught
|-immune|p1a: Chesnaught|[msg]|[from] Bulletproof
|
|-heal|p1a: Chesnaught|379\/379|[from] item: Leftovers
|turn|29
|
|move|p2a: Heracross|Pin Missile|p1a: Chesnaught
|-damage|p1a: Chesnaught|342\/379
|-damage|p1a: Chesnaught|305\/379
|-damage|p1a: Chesnaught|266\/379
|-damage|p1a: Chesnaught|224\/379
|-damage|p1a: Chesnaught|187\/379
|-hitcount|p1a: Chesnaught|5
|move|p1a: Chesnaught|Drain Punch|p2a: Heracross
|-crit|p2a: Heracross
|-resisted|p2a: Heracross
|-damage|p2a: Heracross|0 fnt
|-heal|p1a: Chesnaught|188\/379|[from] drain|[of] p2a: Heracross
|faint|p2a: Heracross
|
|-heal|p1a: Chesnaught|211\/379|[from] item: Leftovers
|
|switch|p2a: Heatran|Heatran, F|283\/323
|-item|p2a: Heatran|Air Balloon
|turn|30
|
|move|p1a: Chesnaught|Spiky Shield|p1a: Chesnaught
|-singleturn|p1a: Chesnaught|move: Protect
|move|p2a: Heatran|Fire Blast|p1a: Chesnaught
|-activate|p1a: Chesnaught|move: Protect
|
|-heal|p1a: Chesnaught|234\/379|[from] item: Leftovers
|turn|31
|
|switch|p1a: Berristan Selmy|Slowbro, F|393\/393
|-damage|p1a: Berristan Selmy|344\/393|[from] Stealth Rock
|move|p2a: Heatran|Fire Blast|p1a: Berristan Selmy
|-crit|p1a: Berristan Selmy
|-resisted|p1a: Berristan Selmy
|-damage|p1a: Berristan Selmy|161\/393
|
|turn|32
|
|switch|p1a: Missandei|Chansey, F|703\/703
|-damage|p1a: Missandei|616\/703|[from] Stealth Rock
|move|p2a: Heatran|Fire Blast|p1a: Missandei
|-damage|p1a: Missandei|510\/703
|
|turn|33
|
|switch|p2a: Madara|Bisharp, M|211\/272
|-damage|p2a: Madara|166\/272|[from] Spikes
|move|p1a: Missandei|Stealth Rock|p2a: Madara
|-sidestart|p2: subzeromk|move: Stealth Rock
|
|turn|34
|
|move|p2a: Madara|Swords Dance|p2a: Madara
|-boost|p2a: Madara|atk|2
|move|p1a: Missandei|Seismic Toss|p2a: Madara
|-damage|p2a: Madara|66\/272
|
|turn|35
|
|switch|p1a: Chesnaught|Chesnaught, F|234\/379
|-damage|p1a: Chesnaught|211\/379|[from] Stealth Rock
|move|p2a: Madara|Knock Off|p1a: Chesnaught
|-resisted|p1a: Chesnaught
|-damage|p1a: Chesnaught|71\/379
|-enditem|p1a: Chesnaught|Leftovers|[from] move: Knock Off|[of] p2a: Madara
|-damage|p2a: Madara|39\/272|[from] item: Life Orb
|
|turn|36
|
|move|p1a: Chesnaught|Spiky Shield|p1a: Chesnaught
|-singleturn|p1a: Chesnaught|move: Protect
|move|p2a: Madara|Swords Dance|p2a: Madara
|-boost|p2a: Madara|atk|2
|
|turn|37
|
|move|p2a: Madara|Iron Head|p1a: Chesnaught
|-damage|p1a: Chesnaught|0 fnt
|-damage|p2a: Madara|12\/272|[from] item: Life Orb
|faint|p1a: Chesnaught
|
|
|switch|p1a: Berristan Selmy|Slowbro, F|292\/393
|-damage|p1a: Berristan Selmy|243\/393|[from] Stealth Rock
|turn|38
|
|switch|p1a: Daenerys Targayren|Clefable, M|331\/393
|-damage|p1a: Daenerys Targayren|282\/393|[from] Stealth Rock
|move|p2a: Madara|Iron Head|p1a: Daenerys Targayren
|-supereffective|p1a: Daenerys Targayren
|-damage|p1a: Daenerys Targayren|0 fnt
|-damage|p2a: Madara|0 fnt|[from] item: Life Orb
|faint|p1a: Daenerys Targayren
|faint|p2a: Madara
|
|
|switch|p2a: Heatran|Heatran, F|283\/323
|switch|p1a: Daario Nahaaris|Gliscor, M|134\/353 tox
|-damage|p2a: Heatran|243\/323|[from] Stealth Rock
|-item|p2a: Heatran|Air Balloon
|-damage|p1a: Daario Nahaaris|90\/353 tox|[from] Stealth Rock
|turn|39
|
|switch|p1a: Missandei|Chansey, F|510\/703
|-damage|p1a: Missandei|423\/703|[from] Stealth Rock
|move|p2a: Heatran|Hidden Power|p1a: Missandei
|-damage|p1a: Missandei|383\/703
|
|turn|40
|
|switch|p2a: Garchomp|Garchomp, F|316\/420
|-damage|p2a: Garchomp|246\/420|[from] Spikes
|-damage|p2a: Garchomp|220\/420|[from] Stealth Rock
|move|p1a: Missandei|Soft-Boiled|p1a: Missandei
|-heal|p1a: Missandei|703\/703
|
|turn|41
|
|move|p2a: Garchomp|Hidden Power|p1a: Missandei
|-damage|p1a: Missandei|679\/703
|move|p1a: Missandei|Toxic|p2a: Garchomp
|-status|p2a: Garchomp|tox
|
|-damage|p2a: Garchomp|194\/420 tox|[from] psn
|turn|42
|
|switch|p1a: Berristan Selmy|Slowbro, F|374\/393
|-damage|p1a: Berristan Selmy|325\/393|[from] Stealth Rock
|move|p2a: Garchomp|Earthquake|p1a: Berristan Selmy
|-damage|p1a: Berristan Selmy|234\/393
|
|-damage|p2a: Garchomp|142\/420 tox|[from] psn
|turn|43
|
|switch|p1a: Missandei|Chansey, F|679\/703
|-damage|p1a: Missandei|592\/703|[from] Stealth Rock
|move|p2a: Garchomp|Earthquake|p1a: Missandei
|-damage|p1a: Missandei|373\/703
|
|-damage|p2a: Garchomp|64\/420 tox|[from] psn
|turn|44
|
|switch|p2a: Breloom|Breloom, M|262\/262
|-damage|p2a: Breloom|246\/262|[from] Stealth Rock
|-damage|p2a: Breloom|203\/262|[from] Spikes
|move|p1a: Missandei|Soft-Boiled|p1a: Missandei
|-heal|p1a: Missandei|703\/703
|
|turn|45
|
|switch|p1a: Berristan Selmy|Slowbro, F|365\/393
|-damage|p1a: Berristan Selmy|316\/393|[from] Stealth Rock
|move|p2a: Breloom|Spore|p1a: Berristan Selmy
|-status|p1a: Berristan Selmy|slp
|
|turn|46
|
|detailschange|p1a: Berristan Selmy|Slowbro-Mega, F
|message|Slowbro has Mega Evolved into Mega Slowbro!
|move|p2a: Breloom|Swords Dance|p2a: Breloom
|-boost|p2a: Breloom|atk|2
|cant|p1a: Berristan Selmy|slp
|move|p1a: Berristan Selmy|Sleep Talk|p1a: Berristan Selmy
|move|p1a: Berristan Selmy|Calm Mind|p1a: Berristan Selmy|[from]Sleep Talk
|-boost|p1a: Berristan Selmy|spa|1
|-boost|p1a: Berristan Selmy|spd|1
|
|turn|47
|
|move|p2a: Breloom|Bullet Seed|p1a: Berristan Selmy
|-supereffective|p1a: Berristan Selmy
|-damage|p1a: Berristan Selmy|144\/393 slp
|-supereffective|p1a: Berristan Selmy
|-damage|p1a: Berristan Selmy|0 fnt
|-hitcount|p1a: Berristan Selmy|2
|-damage|p2a: Breloom|177\/262|[from] item: Life Orb
|faint|p1a: Berristan Selmy
|
|
|switch|p1a: Daario Nahaaris|Gliscor, M|90\/353 tox
|-damage|p1a: Daario Nahaaris|46\/353 tox|[from] Stealth Rock
|turn|48
|
|move|p2a: Breloom|Bullet Seed|p1a: Daario Nahaaris
|-damage|p1a: Daario Nahaaris|0 fnt
|-hitcount|p1a: Daario Nahaaris|1
|-damage|p2a: Breloom|151\/262|[from] item: Life Orb
|faint|p1a: Daario Nahaaris
|
|
|switch|p1a: Missandei|Chansey, F|703\/703
|-damage|p1a: Missandei|616\/703|[from] Stealth Rock
|turn|49
|
|move|p2a: Breloom|Spore|p1a: Missandei
|-status|p1a: Missandei|slp
|cant|p1a: Missandei|slp
|
|turn|50
|
|move|p2a: Breloom|Bullet Seed|p1a: Missandei
|-damage|p1a: Missandei|353\/703 slp
|-damage|p1a: Missandei|110\/703 slp
|-hitcount|p1a: Missandei|2
|-damage|p2a: Breloom|125\/262|[from] item: Life Orb
|-curestatus|p1a: Missandei|slp
|move|p1a: Missandei|Seismic Toss|p2a: Breloom
|-damage|p2a: Breloom|25\/262
|
|turn|51
|
|move|p2a: Breloom|Bullet Seed|p1a: Missandei
|-damage|p1a: Missandei|0 fnt
|-hitcount|p1a: Missandei|1
|-damage|p2a: Breloom|0 fnt|[from] item: Life Orb
|faint|p1a: Missandei
|faint|p2a: Breloom
|
|win|subzeromk
|raw|Ladder updating...
|raw|RSMessiii's rating: 1711 &rarr; <strong>1693<\/strong><br \/>(-18 for losing)
|raw|subzeromk's rating: 1738 &rarr; <strong>1757<\/strong><br \/>(+19 for winning)