|join|sp141
|join|RSMessiii
|player|p1|sp141|1
|player|p2|RSMessiii|2
|gametype|singles
|gen|6
|tier|OU
|rated
|clearpoke
|poke|p1|Weavile, M
|poke|p1|Talonflame, M
|poke|p1|Starmie
|poke|p1|Rotom-Wash
|poke|p1|Heatran, M
|poke|p1|Metagross
|poke|p2|Gliscor, M
|poke|p2|Clefable, M
|poke|p2|Chansey, F
|poke|p2|Slowbro, F
|poke|p2|Skarmory, F
|poke|p2|Chesnaught, M
|rule|Swagger Clause: Swagger is banned
|rule|Baton Pass Clause: Limit one PokÃ©mon knowing Baton Pass
|rule|Sleep Clause Mod: Limit one foe put to sleep
|rule|Species Clause: Limit one of each PokÃ©mon
|rule|OHKO Clause: OHKO moves are banned
|rule|Moody Clause: Moody is banned
|rule|Evasion Moves Clause: Evasion moves are banned
|rule|Endless Battle Clause: Forcing endless battles is banned
|rule|HP Percentage Mod: HP is shown in percentages
|teampreview
|
|start
|switch|p1a: Heatran|Heatran, M|324\/324
|switch|p2a: Daenerys Targayren|Clefable, M|393\/393
|-item|p1a: Heatran|Air Balloon
|turn|1
|join|TheYoungHero16
|leave|TheYoungHero16
|
|switch|p2a: Berristan Selmy|Slowbro, F|393\/393
|move|p1a: Heatran|Will-O-Wisp|p2a: Berristan Selmy
|-status|p2a: Berristan Selmy|brn
|
|-damage|p2a: Berristan Selmy|344\/393 brn|[from] brn
|turn|2
|
|switch|p1a: Rotom-Wash|Rotom-Wash|304\/304
|move|p2a: Berristan Selmy|Scald|p1a: Rotom-Wash
|-resisted|p1a: Rotom-Wash
|-damage|p1a: Rotom-Wash|256\/304
|-status|p1a: Rotom-Wash|brn
|
|-damage|p1a: Rotom-Wash|218\/304 brn|[from] brn
|-damage|p2a: Berristan Selmy|295\/393 brn|[from] brn
|turn|3
|
|switch|p2a: Missandei|Chansey, F|703\/703
|move|p1a: Rotom-Wash|Volt Switch|p2a: Missandei
|-damage|p2a: Missandei|606\/703
|
|switch|p1a: Weavile|Weavile, M|281\/281
|
|turn|4
|
|switch|p2a: Daenerys Targayren|Clefable, M|393\/393
|move|p1a: Weavile|Knock Off|p2a: Daenerys Targayren
|-resisted|p2a: Daenerys Targayren
|-damage|p2a: Daenerys Targayren|306\/393
|-enditem|p2a: Daenerys Targayren|Leftovers|[from] move: Knock Off|[of] p1a: Weavile
|-damage|p1a: Weavile|253\/281|[from] item: Life Orb
|
|turn|5
|
|switch|p2a: Daario Nahaaris|Gliscor, M|353\/353
|move|p1a: Weavile|Icicle Crash|p2a: Daario Nahaaris
|-supereffective|p2a: Daario Nahaaris
|-damage|p2a: Daario Nahaaris|0 fnt
|-damage|p1a: Weavile|225\/281|[from] item: Life Orb
|faint|p2a: Daario Nahaaris
|
|c|âRSMessiii|u were gonna sac weavuile ?
|c|âRSMessiii|i fuckin hate overpredcitions
|
|switch|p2a: Daenerys Targayren|Clefable, M|306\/393
|turn|6
|
|switch|p1a: Heatran|Heatran, M|324\/324
|-item|p1a: Heatran|Air Balloon
|move|p2a: Daenerys Targayren|Wish|p2a: Daenerys Targayren
|
|turn|7
|
|move|p1a: Heatran|Stealth Rock|p2a: Daenerys Targayren
|-sidestart|p2: RSMessiii|move: Stealth Rock
|move|p2a: Daenerys Targayren|Heal Bell|p2a: Daenerys Targayren
|-cureteam|p2a: Daenerys Targayren|[from] move: HealBell
|
|-heal|p2a: Daenerys Targayren|393\/393|[from] move: Wish|[wisher] Daenerys Targayren
|turn|8
|
|move|p2a: Daenerys Targayren|Protect|p2a: Daenerys Targayren
|-singleturn|p2a: Daenerys Targayren|Protect
|move|p1a: Heatran|Taunt|p2a: Daenerys Targayren
|-activate|p2a: Daenerys Targayren|Protect
|
|turn|9
|
|switch|p2a: Berristan Selmy|Slowbro, F|393\/393
|-damage|p2a: Berristan Selmy|344\/393|[from] Stealth Rock
|move|p1a: Heatran|Lava Plume|p2a: Berristan Selmy
|-crit|p2a: Berristan Selmy
|-resisted|p2a: Berristan Selmy
|-damage|p2a: Berristan Selmy|214\/393
|-status|p2a: Berristan Selmy|brn
|
|-damage|p2a: Berristan Selmy|165\/393 brn|[from] brn
|turn|10
|
|switch|p2a: Missandei|Chansey, F|606\/703
|-damage|p2a: Missandei|519\/703|[from] Stealth Rock
|move|p1a: Heatran|Lava Plume|p2a: Missandei
|-damage|p2a: Missandei|435\/703
|
|turn|11
|
|move|p1a: Heatran|Taunt|p2a: Missandei
|-start|p2a: Missandei|move: Taunt
|move|p2a: Missandei|Seismic Toss|p1a: Heatran
|-damage|p1a: Heatran|224\/324
|-enditem|p1a: Heatran|Air Balloon
|
|turn|12
|
|switch|p1a: Metagross|Metagross|302\/302
|move|p2a: Missandei|Seismic Toss|p1a: Metagross
|-damage|p1a: Metagross|202\/302
|
|turn|13
|
|switch|p2a: Jorah Mormont|Skarmory, F|333\/333
|-damage|p2a: Jorah Mormont|292\/333|[from] Stealth Rock
|detailschange|p1a: Metagross|Metagross-Mega
|message|Metagross has Mega Evolved into Mega Metagross!
|move|p1a: Metagross|Hammer Arm|p2a: Jorah Mormont
|-damage|p2a: Jorah Mormont|168\/333
|-unboost|p1a: Metagross|spe|1
|
|turn|14
|
|move|p1a: Metagross|Hammer Arm|p2a: Jorah Mormont
|-damage|p2a: Jorah Mormont|42\/333
|-unboost|p1a: Metagross|spe|1
|move|p2a: Jorah Mormont|Roost|p2a: Jorah Mormont
|-heal|p2a: Jorah Mormont|209\/333
|
|turn|15
|
|switch|p2a: Berristan Selmy|Slowbro, F|296\/393 brn
|-damage|p2a: Berristan Selmy|247\/393 brn|[from] Stealth Rock
|move|p1a: Metagross|Hammer Arm|p2a: Berristan Selmy
|-resisted|p2a: Berristan Selmy
|-damage|p2a: Berristan Selmy|190\/393 brn
|-unboost|p1a: Metagross|spe|1
|
|-damage|p2a: Berristan Selmy|141\/393 brn|[from] brn
|turn|16
|
|switch|p1a: Rotom-Wash|Rotom-Wash|218\/304 brn
|move|p2a: Berristan Selmy|Rest|p2a: Berristan Selmy
|-status|p2a: Berristan Selmy|slp
|-heal|p2a: Berristan Selmy|393\/393 slp|[silent]
|-status|p2a: Berristan Selmy|slp|[from] move: Rest
|
|-damage|p1a: Rotom-Wash|180\/304 brn|[from] brn
|turn|17
|
|switch|p2a: Chesnaught|Chesnaught, M|379\/379
|-damage|p2a: Chesnaught|356\/379|[from] Stealth Rock
|move|p1a: Rotom-Wash|Volt Switch|p2a: Chesnaught
|-crit|p2a: Chesnaught
|-resisted|p2a: Chesnaught
|-damage|p2a: Chesnaught|202\/379
|
|switch|p1a: Talonflame|Talonflame, M|319\/319
|
|-heal|p2a: Chesnaught|225\/379|[from] item: Leftovers
|turn|18
|
|move|p2a: Chesnaught|Spiky Shield|p2a: Chesnaught
|-singleturn|p2a: Chesnaught|move: Protect
|move|p1a: Talonflame|Brave Bird|p2a: Chesnaught
|-activate|p2a: Chesnaught|move: Protect
|-damage|p1a: Talonflame|280\/319|[from] Spiky Shield|[of] p2a: Chesnaught
|
|-heal|p2a: Chesnaught|248\/379|[from] item: Leftovers
|turn|19
|
|switch|p2a: Jorah Mormont|Skarmory, F|209\/333
|-damage|p2a: Jorah Mormont|168\/333|[from] Stealth Rock
|move|p1a: Talonflame|Brave Bird|p2a: Jorah Mormont
|-resisted|p2a: Jorah Mormont
|-damage|p2a: Jorah Mormont|99\/333
|-damage|p1a: Talonflame|257\/319|[from] recoil|[of] p2a: Jorah Mormont
|
|turn|20
|
|move|p1a: Talonflame|Flare Blitz|p2a: Jorah Mormont
|-supereffective|p2a: Jorah Mormont
|-damage|p2a: Jorah Mormont|0 fnt
|-damage|p1a: Talonflame|224\/319|[from] recoil|[of] p2a: Jorah Mormont
|faint|p2a: Jorah Mormont
|
|
|switch|p2a: Berristan Selmy|Slowbro, F|393\/393 slp
|-damage|p2a: Berristan Selmy|344\/393 slp|[from] Stealth Rock
|turn|21
|
|switch|p1a: Rotom-Wash|Rotom-Wash|180\/304 brn
|cant|p2a: Berristan Selmy|slp
|move|p2a: Berristan Selmy|Sleep Talk|p2a: Berristan Selmy
|move|p2a: Berristan Selmy|Scald|p1a: Rotom-Wash|[from]Sleep Talk
|-resisted|p1a: Rotom-Wash
|-damage|p1a: Rotom-Wash|139\/304 brn
|
|-damage|p1a: Rotom-Wash|101\/304 brn|[from] brn
|turn|22
|
|switch|p2a: Chesnaught|Chesnaught, M|248\/379
|-damage|p2a: Chesnaught|225\/379|[from] Stealth Rock
|move|p1a: Rotom-Wash|Volt Switch|p2a: Chesnaught
|-resisted|p2a: Chesnaught
|-damage|p2a: Chesnaught|111\/379
|
|switch|p1a: Talonflame|Talonflame, M|224\/319
|
|-heal|p2a: Chesnaught|134\/379|[from] item: Leftovers
|turn|23
|
|move|p1a: Talonflame|Swords Dance|p1a: Talonflame
|-boost|p1a: Talonflame|atk|2
|move|p2a: Chesnaught|Leech Seed|p1a: Talonflame
|-start|p1a: Talonflame|move: Leech Seed
|
|-heal|p2a: Chesnaught|157\/379|[from] item: Leftovers
|-damage|p1a: Talonflame|185\/319|[from] Leech Seed|[of] p2a: Chesnaught
|-heal|p2a: Chesnaught|196\/379|[silent]
|turn|24
|
|move|p2a: Chesnaught|Spiky Shield|p2a: Chesnaught
|-singleturn|p2a: Chesnaught|move: Protect
|move|p1a: Talonflame|Roost|p1a: Talonflame
|-heal|p1a: Talonflame|319\/319
|
|-heal|p2a: Chesnaught|219\/379|[from] item: Leftovers
|-damage|p1a: Talonflame|280\/319|[from] Leech Seed|[of] p2a: Chesnaught
|-heal|p2a: Chesnaught|258\/379|[silent]
|turn|25
|
|switch|p2a: Daenerys Targayren|Clefable, M|393\/393
|-damage|p2a: Daenerys Targayren|344\/393|[from] Stealth Rock
|move|p1a: Talonflame|Brave Bird|p2a: Daenerys Targayren
|-damage|p2a: Daenerys Targayren|172\/393
|-damage|p1a: Talonflame|223\/319|[from] recoil|[of] p2a: Daenerys Targayren
|
|-damage|p1a: Talonflame|184\/319|[from] Leech Seed|[of] p2a: Daenerys Targayren
|-heal|p2a: Daenerys Targayren|211\/393|[silent]
|turn|26
|
|switch|p1a: Heatran|Heatran, M|224\/324
|move|p2a: Daenerys Targayren|Wish|p2a: Daenerys Targayren
|
|turn|27
|
|move|p1a: Heatran|Lava Plume|p2a: Daenerys Targayren
|-damage|p2a: Daenerys Targayren|54\/393
|move|p2a: Daenerys Targayren|Heal Bell|p2a: Daenerys Targayren
|-cureteam|p2a: Daenerys Targayren|[from] move: HealBell
|
|-heal|p2a: Daenerys Targayren|250\/393|[from] move: Wish|[wisher] Daenerys Targayren
|turn|28
|
|switch|p2a: Berristan Selmy|Slowbro, F|393\/393
|-damage|p2a: Berristan Selmy|344\/393|[from] Stealth Rock
|move|p1a: Heatran|Lava Plume|p2a: Berristan Selmy
|-resisted|p2a: Berristan Selmy
|-damage|p2a: Berristan Selmy|264\/393
|
|turn|29
|
|move|p1a: Heatran|Lava Plume|p2a: Berristan Selmy
|-resisted|p2a: Berristan Selmy
|-damage|p2a: Berristan Selmy|178\/393
|-status|p2a: Berristan Selmy|brn
|move|p2a: Berristan Selmy|Scald|p1a: Heatran
|-supereffective|p1a: Heatran
|-damage|p1a: Heatran|54\/324
|
|-damage|p2a: Berristan Selmy|129\/393 brn|[from] brn
|turn|30
|c|âRSMessiii|yes hax me to death pls
|
|switch|p2a: Missandei|Chansey, F|435\/703
|-damage|p2a: Missandei|348\/703|[from] Stealth Rock
|move|p1a: Heatran|Taunt|p2a: Missandei
|-start|p2a: Missandei|move: Taunt
|
|turn|31
|
|switch|p1a: Weavile|Weavile, M|225\/281
|move|p2a: Missandei|Seismic Toss|p1a: Weavile
|-damage|p1a: Weavile|125\/281
|
|turn|32
|
|move|p1a: Weavile|Icicle Crash|p2a: Missandei
|-damage|p2a: Missandei|78\/703
|-damage|p1a: Weavile|97\/281|[from] item: Life Orb
|move|p2a: Missandei|Seismic Toss|p1a: Weavile
|-damage|p1a: Weavile|0 fnt
|faint|p1a: Weavile
|
|
|switch|p1a: Heatran|Heatran, M|54\/324
|turn|33
|
|move|p1a: Heatran|Lava Plume|p2a: Missandei
|-damage|p2a: Missandei|0 fnt
|faint|p2a: Missandei
|
|
|switch|p2a: Berristan Selmy|Slowbro, F|260\/393 brn
|-damage|p2a: Berristan Selmy|211\/393 brn|[from] Stealth Rock
|turn|34
|
|move|p1a: Heatran|Taunt|p2a: Berristan Selmy
|-start|p2a: Berristan Selmy|move: Taunt
|move|p2a: Berristan Selmy|Scald|p1a: Heatran
|-supereffective|p1a: Heatran
|-damage|p1a: Heatran|0 fnt
|faint|p1a: Heatran
|
|-damage|p2a: Berristan Selmy|162\/393 brn|[from] brn
|
|switch|p1a: Rotom-Wash|Rotom-Wash|101\/304 brn
|turn|35
|
|switch|p2a: Chesnaught|Chesnaught, M|258\/379
|-damage|p2a: Chesnaught|235\/379|[from] Stealth Rock
|move|p1a: Rotom-Wash|Volt Switch|p2a: Chesnaught
|-resisted|p2a: Chesnaught
|-damage|p2a: Chesnaught|127\/379
|
|switch|p1a: Talonflame|Talonflame, M|184\/319
|
|-heal|p2a: Chesnaught|150\/379|[from] item: Leftovers
|turn|36
|
|move|p1a: Talonflame|Brave Bird|p2a: Chesnaught
|-supereffective|p2a: Chesnaught
|-damage|p2a: Chesnaught|0 fnt
|-damage|p1a: Talonflame|134\/319|[from] recoil|[of] p2a: Chesnaught
|faint|p2a: Chesnaught
|
|
|switch|p2a: Berristan Selmy|Slowbro, F|293\/393 brn
|-damage|p2a: Berristan Selmy|244\/393 brn|[from] Stealth Rock
|turn|37
|
|switch|p1a: Rotom-Wash|Rotom-Wash|101\/304 brn
|move|p2a: Berristan Selmy|Rest|p2a: Berristan Selmy
|-status|p2a: Berristan Selmy|slp
|-heal|p2a: Berristan Selmy|393\/393 slp|[silent]
|-status|p2a: Berristan Selmy|slp|[from] move: Rest
|
|-damage|p1a: Rotom-Wash|63\/304 brn|[from] brn
|turn|38
|
|switch|p2a: Daenerys Targayren|Clefable, M|250\/393
|-damage|p2a: Daenerys Targayren|201\/393|[from] Stealth Rock
|move|p1a: Rotom-Wash|Thunderbolt|p2a: Daenerys Targayren
|-damage|p2a: Daenerys Targayren|0 fnt
|faint|p2a: Daenerys Targayren
|
|-damage|p1a: Rotom-Wash|25\/304 brn|[from] brn
|
|switch|p2a: Berristan Selmy|Slowbro, F|393\/393 slp
|-damage|p2a: Berristan Selmy|344\/393 slp|[from] Stealth Rock
|turn|39
|
|move|p1a: Rotom-Wash|Thunderbolt|p2a: Berristan Selmy
|-crit|p2a: Berristan Selmy
|-supereffective|p2a: Berristan Selmy
|-damage|p2a: Berristan Selmy|0 fnt
|faint|p2a: Berristan Selmy
|
|win|sp141
|raw|Ladder updating...
|c|âRSMessiii|thanks for shitty hax match
|c|âsp141|you're welcome