|join|5torm
|join|RSMessiii
|player|p1|5torm|151
|player|p2|RSMessiii|2
|gametype|singles
|gen|6
|tier|OU
|rated
|clearpoke
|poke|p1|Gengar, M
|poke|p1|Meloetta
|poke|p1|Conkeldurr, M
|poke|p1|Gyarados, M
|poke|p1|Ferrothorn, M
|poke|p1|Landorus, M
|poke|p2|Gliscor, M
|poke|p2|Clefable, M
|poke|p2|Chansey, F
|poke|p2|Slowbro, F
|poke|p2|Skarmory, F
|poke|p2|Chesnaught, F
|rule|Swagger Clause: Swagger is banned
|rule|Baton Pass Clause: Limit one PokÃ©mon knowing Baton Pass
|rule|Sleep Clause Mod: Limit one foe put to sleep
|rule|Species Clause: Limit one of each PokÃ©mon
|rule|OHKO Clause: OHKO moves are banned
|rule|Moody Clause: Moody is banned
|rule|Evasion Moves Clause: Evasion moves are banned
|rule|Endless Battle Clause: Forcing endless battles is banned
|rule|HP Percentage Mod: HP is shown in percentages
|teampreview
|c|â5torm|itoi?
|c|âRSMessiii|?
|
|start
|switch|p1a: Enten|Landorus, M|319\/319
|switch|p2a: Missandei|Chansey, F|703\/703
|turn|1
|
|move|p1a: Enten|Knock Off|p2a: Missandei
|-damage|p2a: Missandei|534\/703
|-enditem|p2a: Missandei|Eviolite|[from] move: Knock Off|[of] p1a: Enten
|-damage|p1a: Enten|288\/319|[from] item: Life Orb
|move|p2a: Missandei|Stealth Rock|p1a: Enten
|-sidestart|p1: 5torm|move: Stealth Rock
|
|turn|2
|
|switch|p1a: Tytannial|Ferrothorn, M|352\/352
|-damage|p1a: Tytannial|330\/352|[from] Stealth Rock
|switch|p2a: Daario Nahaaris|Gliscor, M|353\/353
|
|-status|p2a: Daario Nahaaris|tox|[from] item: Toxic Orb
|turn|3
|
|move|p2a: Daario Nahaaris|Taunt|p1a: Tytannial
|-start|p1a: Tytannial|move: Taunt
|cant|p1a: Tytannial|move: Taunt|Stealth Rock
|
|turn|4
|
|switch|p1a: Heihachi|Conkeldurr, M|383\/383
|-damage|p1a: Heihachi|360\/383|[from] Stealth Rock
|move|p2a: Daario Nahaaris|Knock Off|p1a: Heihachi
|-resisted|p1a: Heihachi
|-damage|p1a: Heihachi|319\/383
|-enditem|p1a: Heihachi|Assault Vest|[from] move: Knock Off|[of] p2a: Daario Nahaaris
|
|turn|5
|
|switch|p2a: Daenerys Targayren|Clefable, M|393\/393
|move|p1a: Heihachi|Ice Punch|p2a: Daenerys Targayren
|-damage|p2a: Daenerys Targayren|312\/393
|
|-heal|p2a: Daenerys Targayren|336\/393|[from] item: Leftovers
|turn|6
|
|switch|p2a: Daario Nahaaris|Gliscor, M|353\/353 tox
|move|p1a: Heihachi|Knock Off|p2a: Daario Nahaaris
|-damage|p2a: Daario Nahaaris|252\/353 tox
|-enditem|p2a: Daario Nahaaris|Toxic Orb|[from] move: Knock Off|[of] p1a: Heihachi
|
|-heal|p2a: Daario Nahaaris|296\/353 tox|[from] ability: Poison Heal
|turn|7
|
|switch|p2a: Daenerys Targayren|Clefable, M|336\/393
|move|p1a: Heihachi|Ice Punch|p2a: Daenerys Targayren
|-damage|p2a: Daenerys Targayren|261\/393
|
|-heal|p2a: Daenerys Targayren|285\/393|[from] item: Leftovers
|turn|8
|
|move|p2a: Daenerys Targayren|Moonblast|p1a: Heihachi
|-supereffective|p1a: Heihachi
|-damage|p1a: Heihachi|101\/383
|move|p1a: Heihachi|Knock Off|p2a: Daenerys Targayren
|-resisted|p2a: Daenerys Targayren
|-damage|p2a: Daenerys Targayren|234\/393
|-enditem|p2a: Daenerys Targayren|Leftovers|[from] move: Knock Off|[of] p1a: Heihachi
|
|turn|9
|
|move|p2a: Daenerys Targayren|Wish|p2a: Daenerys Targayren
|move|p1a: Heihachi|Ice Punch|p2a: Daenerys Targayren
|-damage|p2a: Daenerys Targayren|158\/393
|
|turn|10
|
|switch|p1a: Phantom|Gengar, M|262\/262
|-damage|p1a: Phantom|230\/262|[from] Stealth Rock
|move|p2a: Daenerys Targayren|Moonblast|p1a: Phantom
|-resisted|p1a: Phantom
|-damage|p1a: Phantom|161\/262
|
|-heal|p2a: Daenerys Targayren|354\/393|[from] move: Wish|[wisher] Daenerys Targayren
|-heal|p1a: Phantom|177\/262|[from] item: Black Sludge
|turn|11
|
|switch|p2a: Daario Nahaaris|Gliscor, M|296\/353 tox
|move|p1a: Phantom|Substitute|p1a: Phantom
|-start|p1a: Phantom|Substitute
|-damage|p1a: Phantom|112\/262
|
|-heal|p1a: Phantom|128\/262|[from] item: Black Sludge
|-heal|p2a: Daario Nahaaris|340\/353 tox|[from] ability: Poison Heal
|turn|12
|
|move|p1a: Phantom|Shadow Ball|p2a: Daario Nahaaris
|-damage|p2a: Daario Nahaaris|208\/353 tox
|move|p2a: Daario Nahaaris|Knock Off|p1a: Phantom
|-supereffective|p1a: Phantom
|-end|p1a: Phantom|Substitute
|
|-heal|p1a: Phantom|144\/262|[from] item: Black Sludge
|-heal|p2a: Daario Nahaaris|252\/353 tox|[from] ability: Poison Heal
|turn|13
|
|move|p1a: Phantom|Shadow Ball|p2a: Daario Nahaaris
|-damage|p2a: Daario Nahaaris|126\/353 tox
|move|p2a: Daario Nahaaris|Knock Off|p1a: Phantom
|-supereffective|p1a: Phantom
|-damage|p1a: Phantom|0 fnt
|-enditem|p1a: Phantom|Black Sludge|[from] move: Knock Off|[of] p2a: Daario Nahaaris
|faint|p1a: Phantom
|
|-heal|p2a: Daario Nahaaris|170\/353 tox|[from] ability: Poison Heal
|
|switch|p1a: Enten|Landorus, M|288\/319
|-damage|p1a: Enten|249\/319|[from] Stealth Rock
|turn|14
|
|switch|p2a: Berristan Selmy|Slowbro, F|393\/393
|move|p1a: Enten|Psychic|p2a: Berristan Selmy
|-resisted|p2a: Berristan Selmy
|-damage|p2a: Berristan Selmy|302\/393
|
|turn|15
|
|switch|p2a: Daario Nahaaris|Gliscor, M|170\/353 tox
|move|p1a: Enten|Knock Off|p2a: Daario Nahaaris
|-damage|p2a: Daario Nahaaris|108\/353 tox
|-damage|p1a: Enten|218\/319|[from] item: Life Orb
|
|-heal|p2a: Daario Nahaaris|152\/353 tox|[from] ability: Poison Heal
|turn|16
|
|switch|p2a: Berristan Selmy|Slowbro, F|393\/393
|move|p1a: Enten|Psychic|p2a: Berristan Selmy
|-resisted|p2a: Berristan Selmy
|-damage|p2a: Berristan Selmy|296\/393
|
|turn|17
|
|move|p1a: Enten|Psychic|p2a: Berristan Selmy
|-resisted|p2a: Berristan Selmy
|-damage|p2a: Berristan Selmy|199\/393
|move|p2a: Berristan Selmy|Scald|p1a: Enten
|-supereffective|p1a: Enten
|-damage|p1a: Enten|0 fnt
|faint|p1a: Enten
|
|
|switch|p1a: Zelda|Meloetta|404\/404
|-damage|p1a: Zelda|354\/404|[from] Stealth Rock
|turn|18
|
|switch|p2a: Missandei|Chansey, F|534\/703
|move|p1a: Zelda|Substitute|p1a: Zelda
|-start|p1a: Zelda|Substitute
|-damage|p1a: Zelda|253\/404
|
|-heal|p1a: Zelda|278\/404|[from] item: Leftovers
|turn|19
|
|move|p1a: Zelda|Calm Mind|p1a: Zelda
|-boost|p1a: Zelda|spa|1
|-boost|p1a: Zelda|spd|1
|move|p2a: Missandei|Seismic Toss|p1a: Zelda
|-activate|p1a: Zelda|Substitute|[damage]
|
|-heal|p1a: Zelda|303\/404|[from] item: Leftovers
|turn|20
|
|move|p1a: Zelda|Calm Mind|p1a: Zelda
|-boost|p1a: Zelda|spa|1
|-boost|p1a: Zelda|spd|1
|move|p2a: Missandei|Seismic Toss|p1a: Zelda
|-end|p1a: Zelda|Substitute
|
|-heal|p1a: Zelda|328\/404|[from] item: Leftovers
|turn|21
|
|switch|p2a: Daenerys Targayren|Clefable, M|354\/393
|move|p1a: Zelda|Substitute|p1a: Zelda
|-start|p1a: Zelda|Substitute
|-damage|p1a: Zelda|227\/404
|
|-heal|p1a: Zelda|252\/404|[from] item: Leftovers
|turn|22
|
|move|p1a: Zelda|Psyshock|p2a: Daenerys Targayren
|-damage|p2a: Daenerys Targayren|254\/393
|move|p2a: Daenerys Targayren|Moonblast|p1a: Zelda
|-activate|p1a: Zelda|Substitute|[damage]
|
|-heal|p1a: Zelda|277\/404|[from] item: Leftovers
|turn|23
|
|move|p1a: Zelda|Dazzling Gleam|p2a: Daenerys Targayren
|-damage|p2a: Daenerys Targayren|170\/393
|move|p2a: Daenerys Targayren|Wish|p2a: Daenerys Targayren
|
|-heal|p1a: Zelda|302\/404|[from] item: Leftovers
|turn|24
|
|move|p1a: Zelda|Calm Mind|p1a: Zelda
|-boost|p1a: Zelda|spa|1
|-boost|p1a: Zelda|spd|1
|move|p2a: Daenerys Targayren|Moonblast|p1a: Zelda
|-end|p1a: Zelda|Substitute
|
|-heal|p2a: Daenerys Targayren|366\/393|[from] move: Wish|[wisher] Daenerys Targayren
|-heal|p1a: Zelda|327\/404|[from] item: Leftovers
|turn|25
|
|move|p1a: Zelda|Substitute|p1a: Zelda
|-start|p1a: Zelda|Substitute
|-damage|p1a: Zelda|226\/404
|move|p2a: Daenerys Targayren|Moonblast|p1a: Zelda
|-activate|p1a: Zelda|Substitute|[damage]
|
|-heal|p1a: Zelda|251\/404|[from] item: Leftovers
|turn|26
|
|move|p1a: Zelda|Psyshock|p2a: Daenerys Targayren
|-damage|p2a: Daenerys Targayren|264\/393
|move|p2a: Daenerys Targayren|Moonblast|p1a: Zelda
|-end|p1a: Zelda|Substitute
|
|-heal|p1a: Zelda|276\/404|[from] item: Leftovers
|turn|27
|
|move|p1a: Zelda|Psyshock|p2a: Daenerys Targayren
|-damage|p2a: Daenerys Targayren|170\/393
|move|p2a: Daenerys Targayren|Wish|p2a: Daenerys Targayren
|
|-heal|p1a: Zelda|301\/404|[from] item: Leftovers
|turn|28
|
|move|p1a: Zelda|Psyshock|p2a: Daenerys Targayren
|-damage|p2a: Daenerys Targayren|59\/393
|move|p2a: Daenerys Targayren|Moonblast|p1a: Zelda
|-damage|p1a: Zelda|211\/404
|
|-heal|p2a: Daenerys Targayren|255\/393|[from] move: Wish|[wisher] Daenerys Targayren
|-heal|p1a: Zelda|236\/404|[from] item: Leftovers
|turn|29
|
|move|p1a: Zelda|Psyshock|p2a: Daenerys Targayren
|-damage|p2a: Daenerys Targayren|158\/393
|move|p2a: Daenerys Targayren|Wish|p2a: Daenerys Targayren
|
|-heal|p1a: Zelda|261\/404|[from] item: Leftovers
|turn|30
|
|move|p2a: Daenerys Targayren|Protect|p2a: Daenerys Targayren
|-singleturn|p2a: Daenerys Targayren|Protect
|move|p1a: Zelda|Psyshock|p2a: Daenerys Targayren
|-activate|p2a: Daenerys Targayren|Protect
|
|-heal|p2a: Daenerys Targayren|354\/393|[from] move: Wish|[wisher] Daenerys Targayren
|-heal|p1a: Zelda|286\/404|[from] item: Leftovers
|turn|31
|
|move|p1a: Zelda|Substitute|p1a: Zelda
|-start|p1a: Zelda|Substitute
|-damage|p1a: Zelda|185\/404
|move|p2a: Daenerys Targayren|Wish|p2a: Daenerys Targayren
|
|-heal|p1a: Zelda|210\/404|[from] item: Leftovers
|turn|32
|join|Alldaalts
|
|move|p1a: Zelda|Psyshock|p2a: Daenerys Targayren
|-damage|p2a: Daenerys Targayren|254\/393
|move|p2a: Daenerys Targayren|Moonblast|p1a: Zelda
|-activate|p1a: Zelda|Substitute|[damage]
|
|-heal|p2a: Daenerys Targayren|393\/393|[from] move: Wish|[wisher] Daenerys Targayren
|-heal|p1a: Zelda|235\/404|[from] item: Leftovers
|turn|33
|
|move|p1a: Zelda|Psyshock|p2a: Daenerys Targayren
|-damage|p2a: Daenerys Targayren|284\/393
|move|p2a: Daenerys Targayren|Moonblast|p1a: Zelda
|-end|p1a: Zelda|Substitute
|
|-heal|p1a: Zelda|260\/404|[from] item: Leftovers
|turn|34
|
|move|p1a: Zelda|Substitute|p1a: Zelda
|-start|p1a: Zelda|Substitute
|-damage|p1a: Zelda|159\/404
|move|p2a: Daenerys Targayren|Wish|p2a: Daenerys Targayren
|
|-heal|p1a: Zelda|184\/404|[from] item: Leftovers
|turn|35
|c| Alldaalts|ew stal
|c| Alldaalts|l
|
|move|p1a: Zelda|Calm Mind|p1a: Zelda
|-boost|p1a: Zelda|spa|1
|-boost|p1a: Zelda|spd|1
|move|p2a: Daenerys Targayren|Moonblast|p1a: Zelda
|-activate|p1a: Zelda|Substitute|[damage]
|
|-heal|p2a: Daenerys Targayren|393\/393|[from] move: Wish|[wisher] Daenerys Targayren
|-heal|p1a: Zelda|209\/404|[from] item: Leftovers
|turn|36
|c| Alldaalts|*stall
|
|move|p1a: Zelda|Calm Mind|p1a: Zelda
|-boost|p1a: Zelda|spa|1
|-boost|p1a: Zelda|spd|1
|move|p2a: Daenerys Targayren|Moonblast|p1a: Zelda
|-end|p1a: Zelda|Substitute
|
|-heal|p1a: Zelda|234\/404|[from] item: Leftovers
|turn|37
|-message|5torm forfeited.
|
|win|RSMessiii
|raw|Ladder updating...
|leave|5torm
|player|p1
|raw|5torm's rating: 1624 &rarr; <strong>1611<\/strong><br \/>(-13 for losing)
|raw|RSMessiii's rating: 1752 &rarr; <strong>1765<\/strong><br \/>(+13 for winning)
|leave|Alldaalts