|join|Sixxus
|join|RSMessiii
|player|p1|Sixxus|265
|player|p2|RSMessiii|101
|gametype|singles
|gen|6
|tier|OU
|clearpoke
|poke|p1|Absol, M
|poke|p1|Azumarill, M, shiny
|poke|p1|Thundurus, M
|poke|p1|Garchomp, F
|poke|p1|Heatran, F
|poke|p1|Trevenant, M, shiny
|poke|p2|Sylveon, F
|poke|p2|Bisharp, F
|poke|p2|Landorus-Therian, M
|poke|p2|Manaphy
|poke|p2|Medicham, M
|poke|p2|Excadrill, M
|rule|Swagger Clause: Swagger is banned
|rule|Baton Pass Clause: Limit one PokÃ©mon knowing Baton Pass
|rule|Sleep Clause Mod: Limit one foe put to sleep
|rule|Species Clause: Limit one of each PokÃ©mon
|rule|OHKO Clause: OHKO moves are banned
|rule|Moody Clause: Moody is banned
|rule|Evasion Moves Clause: Evasion moves are banned
|rule|Endless Battle Clause: Forcing endless battles is banned
|rule|HP Percentage Mod: HP is shown in percentages
|teampreview
|c|âRSMessiii|hf gl
|c|âSixxus|same to you 
|join|cliffdsixx
|c|âSixxus|Same to you.
|
|start
|switch|p1a: Hitman 47|Absol, M|271\/271
|switch|p2a: Medicham|Medicham, M|261\/261
|-ability|p1a: Hitman 47|Pressure
|turn|1
|
|switch|p1a: Whomping Willow|Trevenant, M, shiny|374\/374
|detailschange|p2a: Medicham|Medicham-Mega, M
|message|Medicham has Mega Evolved into Mega Medicham!
|move|p2a: Medicham|Fake Out|p1a: Whomping Willow
|-immune|p1a: Whomping Willow|[msg]
|
|turn|2
|
|switch|p2a: Sylveon|Sylveon, F|393\/393
|move|p1a: Whomping Willow|Will-O-Wisp|p2a: Sylveon|[miss]
|-miss|p1a: Whomping Willow|p2a: Sylveon
|
|turn|3
|
|move|p2a: Sylveon|Hyper Voice|p1a: Whomping Willow
|-damage|p1a: Whomping Willow|245\/374
|move|p1a: Whomping Willow|Leech Seed|p2a: Sylveon
|-start|p2a: Sylveon|move: Leech Seed
|
|-damage|p2a: Sylveon|344\/393|[from] Leech Seed|[of] p1a: Whomping Willow
|-heal|p1a: Whomping Willow|294\/374|[silent]
|turn|4
|c| cliffdsixx|here zeph, mood setter for ya 
|c| cliffdsixx|https:\/\/www.youtube.com\/watch?v=qi6EHQzWfy8
|
|switch|p2a: Landorus-Therian|Landorus-Therian, M|381\/381
|-ability|p2a: Landorus-Therian|Intimidate|[of] p1a: Whomping Willow
|-unboost|p1a: Whomping Willow|atk|1
|switch|p1a: Anamanaguchi|Heatran, F|386\/386
|
|turn|5
|c|âSixxus|SHH, I'M ALREADY NERVOUS
|
|switch|p1a: Whomping Willow|Trevenant, M, shiny|294\/374
|move|p2a: Landorus-Therian|Stealth Rock|p1a: Whomping Willow
|-sidestart|p1: Sixxus|move: Stealth Rock
|
|turn|6
|
|move|p2a: Landorus-Therian|U-turn|p1a: Whomping Willow
|-damage|p1a: Whomping Willow|197\/374
|
|switch|p2a: Sylveon|Sylveon, F|344\/393
|move|p1a: Whomping Willow|Will-O-Wisp|p2a: Sylveon
|-status|p2a: Sylveon|brn
|
|-heal|p2a: Sylveon|368\/393 brn|[from] item: Leftovers
|-damage|p2a: Sylveon|319\/393 brn|[from] brn
|turn|7
|
|switch|p2a: Landorus-Therian|Landorus-Therian, M|381\/381
|-ability|p2a: Landorus-Therian|Intimidate|[of] p1a: Whomping Willow
|-unboost|p1a: Whomping Willow|atk|1
|move|p1a: Whomping Willow|Horn Leech|p2a: Landorus-Therian
|-damage|p2a: Landorus-Therian|327\/381
|-heal|p1a: Whomping Willow|224\/374|[from] drain|[of] p2a: Landorus-Therian
|
|-heal|p2a: Landorus-Therian|350\/381|[from] item: Leftovers
|turn|8
|
|move|p2a: Landorus-Therian|U-turn|p1a: Whomping Willow
|-damage|p1a: Whomping Willow|118\/374
|
|switch|p2a: Sylveon|Sylveon, F|319\/393 brn
|-enditem|p1a: Whomping Willow|Sitrus Berry|[eat]
|-heal|p1a: Whomping Willow|211\/374|[from] item: Sitrus Berry
|move|p1a: Whomping Willow|Will-O-Wisp|p2a: Sylveon
|-fail|p2a: Sylveon|brn
|
|-heal|p2a: Sylveon|343\/393 brn|[from] item: Leftovers
|-damage|p2a: Sylveon|294\/393 brn|[from] brn
|-item|p1a: Whomping Willow|Sitrus Berry|[from] ability: Harvest
|turn|9
|
|switch|p1a: Hitman 47|Absol, M|271\/271
|-damage|p1a: Hitman 47|238\/271|[from] Stealth Rock
|-ability|p1a: Hitman 47|Pressure
|move|p2a: Sylveon|Hyper Voice|p1a: Hitman 47
|-supereffective|p1a: Hitman 47
|-damage|p1a: Hitman 47|0 fnt
|faint|p1a: Hitman 47
|
|-heal|p2a: Sylveon|318\/393 brn|[from] item: Leftovers
|-damage|p2a: Sylveon|269\/393 brn|[from] brn
|c|âRSMessiii|overpredcuiting
|c|âRSMessiii|?
|c|âSixxus|Very hard overpredict
|
|switch|p1a: Bitchin' Nuggets|Azumarill, M, shiny|404\/404
|-damage|p1a: Bitchin' Nuggets|354\/404|[from] Stealth Rock
|turn|10
|c|âRSMessiii|thats too bad
|
|move|p2a: Sylveon|Hyper Voice|p1a: Bitchin' Nuggets
|-damage|p1a: Bitchin' Nuggets|171\/404
|-enditem|p1a: Bitchin' Nuggets|Sitrus Berry|[eat]
|-heal|p1a: Bitchin' Nuggets|272\/404|[from] item: Sitrus Berry
|move|p1a: Bitchin' Nuggets|Belly Drum|p1a: Bitchin' Nuggets
|-damage|p1a: Bitchin' Nuggets|70\/404
|-setboost|p1a: Bitchin' Nuggets|atk|6|[from] move: Belly Drum
|
|-heal|p2a: Sylveon|293\/393 brn|[from] item: Leftovers
|-damage|p2a: Sylveon|244\/393 brn|[from] brn
|turn|11
|
|switch|p2a: Manaphy|Manaphy|353\/353
|move|p1a: Bitchin' Nuggets|Aqua Jet|p2a: Manaphy
|-resisted|p2a: Manaphy
|-damage|p2a: Manaphy|183\/353
|
|-heal|p2a: Manaphy|205\/353|[from] item: Leftovers
|turn|12
|
|move|p2a: Manaphy|Psychic|p1a: Bitchin' Nuggets
|-damage|p1a: Bitchin' Nuggets|0 fnt
|faint|p1a: Bitchin' Nuggets
|
|-heal|p2a: Manaphy|227\/353|[from] item: Leftovers
|
|switch|p1a: Nasty Shoes|Thundurus, M|300\/300
|-damage|p1a: Nasty Shoes|225\/300|[from] Stealth Rock
|turn|13
|
|switch|p2a: Sylveon|Sylveon, F|244\/393 brn
|move|p1a: Nasty Shoes|Nasty Plot|p1a: Nasty Shoes
|-boost|p1a: Nasty Shoes|spa|2
|
|-heal|p2a: Sylveon|268\/393 brn|[from] item: Leftovers
|-damage|p2a: Sylveon|219\/393 brn|[from] brn
|turn|14
|
|switch|p2a: Excadrill|Excadrill, M|371\/371
|-ability|p2a: Excadrill|Mold Breaker
|move|p1a: Nasty Shoes|Sludge Bomb|p2a: Excadrill
|-immune|p2a: Excadrill|[msg]
|
|turn|15
|
|move|p2a: Excadrill|Rock Slide|p1a: Nasty Shoes
|-supereffective|p1a: Nasty Shoes
|-damage|p1a: Nasty Shoes|0 fnt
|faint|p1a: Nasty Shoes
|
|
|switch|p1a: Mr. Squirrel|Garchomp, F|358\/358
|-damage|p1a: Mr. Squirrel|336\/358|[from] Stealth Rock
|turn|16
|
|switch|p2a: Landorus-Therian|Landorus-Therian, M|350\/381
|-ability|p2a: Landorus-Therian|Intimidate|[of] p1a: Mr. Squirrel
|-unboost|p1a: Mr. Squirrel|atk|1
|move|p1a: Mr. Squirrel|Stone Edge|p2a: Landorus-Therian
|-damage|p2a: Landorus-Therian|287\/381
|
|-heal|p2a: Landorus-Therian|310\/381|[from] item: Leftovers
|turn|17
|
|switch|p1a: Whomping Willow|Trevenant, M, shiny|211\/374
|-damage|p1a: Whomping Willow|165\/374|[from] Stealth Rock
|-enditem|p1a: Whomping Willow|Sitrus Berry|[eat]
|-heal|p1a: Whomping Willow|258\/374|[from] item: Sitrus Berry
|move|p2a: Landorus-Therian|Earthquake|p1a: Whomping Willow
|-resisted|p1a: Whomping Willow
|-damage|p1a: Whomping Willow|147\/374
|
|-heal|p2a: Landorus-Therian|333\/381|[from] item: Leftovers
|-item|p1a: Whomping Willow|Sitrus Berry|[from] ability: Harvest
|-enditem|p1a: Whomping Willow|Sitrus Berry|[eat]
|-heal|p1a: Whomping Willow|240\/374|[from] item: Sitrus Berry
|turn|18
|
|move|p2a: Landorus-Therian|U-turn|p1a: Whomping Willow
|-damage|p1a: Whomping Willow|139\/374
|
|switch|p2a: Sylveon|Sylveon, F|219\/393 brn
|move|p1a: Whomping Willow|Leech Seed|p2a: Sylveon
|-start|p2a: Sylveon|move: Leech Seed
|
|-heal|p2a: Sylveon|243\/393 brn|[from] item: Leftovers
|-damage|p2a: Sylveon|194\/393 brn|[from] Leech Seed|[of] p1a: Whomping Willow
|-heal|p1a: Whomping Willow|188\/374|[silent]
|-damage|p2a: Sylveon|145\/393 brn|[from] brn
|turn|19
|
|move|p2a: Sylveon|Hyper Voice|p1a: Whomping Willow
|-damage|p1a: Whomping Willow|61\/374
|move|p1a: Whomping Willow|Horn Leech|p2a: Sylveon
|-damage|p2a: Sylveon|46\/393 brn
|-heal|p1a: Whomping Willow|111\/374|[from] drain|[of] p2a: Sylveon
|
|-heal|p2a: Sylveon|70\/393 brn|[from] item: Leftovers
|-damage|p2a: Sylveon|21\/393 brn|[from] Leech Seed|[of] p1a: Whomping Willow
|-heal|p1a: Whomping Willow|160\/374|[silent]
|-damage|p2a: Sylveon|0 fnt|[from] brn
|faint|p2a: Sylveon
|
|switch|p2a: Bisharp|Bisharp, F|329\/329
|turn|20
|
|switch|p1a: Anamanaguchi|Heatran, F|386\/386
|-damage|p1a: Anamanaguchi|338\/386|[from] Stealth Rock
|move|p2a: Bisharp|Knock Off|p1a: Anamanaguchi
|-damage|p1a: Anamanaguchi|167\/386
|-enditem|p1a: Anamanaguchi|Leftovers|[from] move: Knock Off|[of] p2a: Bisharp
|
|turn|21
|
|switch|p2a: Manaphy|Manaphy|227\/353
|move|p1a: Anamanaguchi|Lava Plume|p2a: Manaphy
|-resisted|p2a: Manaphy
|-damage|p2a: Manaphy|170\/353
|
|-heal|p2a: Manaphy|192\/353|[from] item: Leftovers
|turn|22
|
|move|p2a: Manaphy|Scald|p1a: Anamanaguchi
|-supereffective|p1a: Anamanaguchi
|-damage|p1a: Anamanaguchi|9\/386
|move|p1a: Anamanaguchi|Toxic|p2a: Manaphy
|-status|p2a: Manaphy|tox
|
|-heal|p2a: Manaphy|214\/353 tox|[from] item: Leftovers
|-damage|p2a: Manaphy|192\/353 tox|[from] psn
|turn|23
|
|move|p2a: Manaphy|Rain Dance|p2a: Manaphy
|-weather|RainDance
|move|p1a: Anamanaguchi|Roar|p2a: Manaphy
|drag|p2a: Landorus-Therian|Landorus-Therian, M|333\/381
|-ability|p2a: Landorus-Therian|Intimidate|[of] p1a: Anamanaguchi
|-unboost|p1a: Anamanaguchi|atk|1
|
|-weather|RainDance|[upkeep]
|-heal|p2a: Landorus-Therian|356\/381|[from] item: Leftovers
|turn|24
|
|move|p2a: Landorus-Therian|Earthquake|p1a: Anamanaguchi
|-crit|p1a: Anamanaguchi
|-supereffective|p1a: Anamanaguchi
|-damage|p1a: Anamanaguchi|0 fnt
|faint|p1a: Anamanaguchi
|
|-weather|RainDance|[upkeep]
|-heal|p2a: Landorus-Therian|379\/381|[from] item: Leftovers
|
|switch|p1a: Mr. Squirrel|Garchomp, F|336\/358
|-damage|p1a: Mr. Squirrel|314\/358|[from] Stealth Rock
|turn|25
|
|move|p1a: Mr. Squirrel|Stone Edge|p2a: Landorus-Therian
|-damage|p2a: Landorus-Therian|276\/381
|move|p2a: Landorus-Therian|U-turn|p1a: Mr. Squirrel
|-crit|p1a: Mr. Squirrel
|-damage|p1a: Mr. Squirrel|179\/358
|
|switch|p2a: Medicham|Medicham-Mega, M|261\/261
|
|-weather|RainDance|[upkeep]
|turn|26
|
|switch|p1a: Whomping Willow|Trevenant, M, shiny|160\/374
|-damage|p1a: Whomping Willow|114\/374|[from] Stealth Rock
|move|p2a: Medicham|Fake Out|p1a: Whomping Willow
|-immune|p1a: Whomping Willow|[msg]
|
|-weather|RainDance|[upkeep]
|turn|27
|
|move|p2a: Medicham|Zen Headbutt|p1a: Whomping Willow
|-damage|p1a: Whomping Willow|0 fnt
|faint|p1a: Whomping Willow
|
|-weather|none
|
|switch|p1a: Mr. Squirrel|Garchomp, F|179\/358
|-damage|p1a: Mr. Squirrel|157\/358|[from] Stealth Rock
|turn|28
|
|move|p1a: Mr. Squirrel|Stone Edge|p2a: Medicham
|-resisted|p2a: Medicham
|-damage|p2a: Medicham|193\/261
|move|p2a: Medicham|High Jump Kick|p1a: Mr. Squirrel
|-damage|p1a: Mr. Squirrel|0 fnt
|faint|p1a: Mr. Squirrel
|
|win|RSMessiii
|c|âRSMessiii|gg
|c|âSixxus|gg
|leave|cliffdsixx
|leave|Sixxus
|player|p1