|join|RSMessiii
|join|CleanerThanRotom-W
|player|p1|RSMessiii|102
|player|p2|CleanerThanRotom-W|226
|gametype|singles
|gen|6
|tier|OU
|rated
|clearpoke
|poke|p1|Gliscor, M
|poke|p1|Clefable, M
|poke|p1|Chansey, F
|poke|p1|Slowbro, F
|poke|p1|Skarmory, F
|poke|p1|Celebi
|poke|p2|Sableye, F
|poke|p2|Chansey, F
|poke|p2|Cresselia, F
|poke|p2|Gothitelle, M
|poke|p2|Skarmory, F
|poke|p2|Quagsire, F
|rule|Swagger Clause: Swagger is banned
|rule|Baton Pass Clause: Limit one PokÃ©mon knowing Baton Pass
|rule|Sleep Clause Mod: Limit one foe put to sleep
|rule|Species Clause: Limit one of each PokÃ©mon
|rule|OHKO Clause: OHKO moves are banned
|rule|Moody Clause: Moody is banned
|rule|Evasion Moves Clause: Evasion moves are banned
|rule|Endless Battle Clause: Forcing endless battles is banned
|rule|HP Percentage Mod: HP is shown in percentages
|teampreview
CleanerThanRotom-W made this room private.
|
|start
|switch|p1a: Daenerys Targayren|Clefable, M|393\/393
|switch|p2a: Sableye|Sableye, F|303\/303
|turn|1
|
|switch|p2a: Gothitelle|Gothitelle, M|301\/301
|move|p1a: Daenerys Targayren|Moonblast|p2a: Gothitelle
|-damage|p2a: Gothitelle|210\/301
|
|turn|2
|
|move|p1a: Daenerys Targayren|Protect|p1a: Daenerys Targayren
|-singleturn|p1a: Daenerys Targayren|Protect
|move|p2a: Gothitelle|Trick|p1a: Daenerys Targayren
|-activate|p1a: Daenerys Targayren|Protect
|
|turn|3
|
|move|p2a: Gothitelle|Trick|p1a: Daenerys Targayren
|-activate|p2a: Gothitelle|move: Trick|[of] p1a: Daenerys Targayren
|-item|p1a: Daenerys Targayren|Choice Scarf|[from] move: Trick
|-item|p2a: Gothitelle|Leftovers|[from] move: Trick
|move|p1a: Daenerys Targayren|Moonblast|p2a: Gothitelle
|-crit|p2a: Gothitelle
|-damage|p2a: Gothitelle|54\/301
|
|-heal|p2a: Gothitelle|72\/301|[from] item: Leftovers
|turn|4
|
|move|p2a: Gothitelle|Rest|p2a: Gothitelle
|-status|p2a: Gothitelle|slp
|-heal|p2a: Gothitelle|301\/301 slp|[silent]
|-status|p2a: Gothitelle|slp|[from] move: Rest
|move|p1a: Daenerys Targayren|Moonblast|p2a: Gothitelle
|-damage|p2a: Gothitelle|201\/301 slp
|-unboost|p2a: Gothitelle|spa|1
|
|-heal|p2a: Gothitelle|219\/301 slp|[from] item: Leftovers
|turn|5
|
|cant|p2a: Gothitelle|slp
|move|p1a: Daenerys Targayren|Moonblast|p2a: Gothitelle
|-damage|p2a: Gothitelle|116\/301 slp
|-unboost|p2a: Gothitelle|spa|1
|
|-heal|p2a: Gothitelle|134\/301 slp|[from] item: Leftovers
|turn|6
|
|cant|p2a: Gothitelle|slp
|move|p1a: Daenerys Targayren|Moonblast|p2a: Gothitelle
|-crit|p2a: Gothitelle
|-damage|p2a: Gothitelle|0 fnt
|faint|p2a: Gothitelle
|
|
|switch|p2a: Chansey|Chansey, F|703\/703
|turn|7
|
|switch|p1a: Missandei|Chansey, F|703\/703
|switch|p2a: Sableye|Sableye, F|303\/303
|
|turn|8
|
|switch|p1a: Berristan Selmy|Slowbro, F|393\/393
|detailschange|p2a: Sableye|Sableye-Mega, F
|message|Sableye has Mega Evolved into Mega Sableye!
|move|p2a: Sableye|Calm Mind|p2a: Sableye
|-boost|p2a: Sableye|spa|1
|-boost|p2a: Sableye|spd|1
|
|turn|9
|
|switch|p1a: Daenerys Targayren|Clefable, M|393\/393
|move|p2a: Sableye|Dark Pulse|p1a: Daenerys Targayren
|-resisted|p1a: Daenerys Targayren
|-damage|p1a: Daenerys Targayren|348\/393
|
|turn|10
|
|switch|p1a: Daario Nahaaris|Gliscor, M|353\/353
|switch|p2a: Chansey|Chansey, F|703\/703
|
|-status|p1a: Daario Nahaaris|tox|[from] item: Toxic Orb
|turn|11
|
|switch|p2a: Sableye|Sableye-Mega, F|303\/303
|move|p1a: Daario Nahaaris|Knock Off|p2a: Sableye
|-damage|p2a: Sableye|259\/303
|
|turn|12
|
|move|p1a: Daario Nahaaris|Earthquake|p2a: Sableye
|-damage|p2a: Sableye|162\/303
|move|p2a: Sableye|Will-O-Wisp|p1a: Daario Nahaaris
|-fail|p1a: Daario Nahaaris
|
|turn|13
|
|move|p1a: Daario Nahaaris|Knock Off|p2a: Sableye
|-damage|p2a: Sableye|119\/303
|move|p2a: Sableye|Will-O-Wisp|p1a: Daario Nahaaris
|-fail|p1a: Daario Nahaaris
|
|turn|14
|
|move|p1a: Daario Nahaaris|Earthquake|p2a: Sableye
|-damage|p2a: Sableye|19\/303
|move|p2a: Sableye|Recover|p2a: Sableye
|-heal|p2a: Sableye|171\/303
|
|turn|15
|
|move|p1a: Daario Nahaaris|Earthquake|p2a: Sableye
|-damage|p2a: Sableye|74\/303
|move|p2a: Sableye|Recover|p2a: Sableye
|-heal|p2a: Sableye|226\/303
|
|turn|16
|
|switch|p1a: Arianne Martell|Celebi|404\/404
|move|p2a: Sableye|Recover|p2a: Sableye
|-heal|p2a: Sableye|303\/303
|
|turn|17
|
|move|p1a: Arianne Martell|Giga Drain|p2a: Sableye
|-damage|p2a: Sableye|246\/303
|move|p2a: Sableye|Calm Mind|p2a: Sableye
|-boost|p2a: Sableye|spa|1
|-boost|p2a: Sableye|spd|1
|
|turn|18
|
|move|p1a: Arianne Martell|Perish Song|p1a: Arianne Martell
|-fieldactivate|move: Perish Song
|move|p2a: Sableye|Will-O-Wisp|p1a: Arianne Martell
|-status|p1a: Arianne Martell|brn
|
|-start|p1a: Arianne Martell|perish3
|-start|p2a: Sableye|perish3
|-damage|p1a: Arianne Martell|354\/404 brn|[from] brn
|turn|19
|
|switch|p1a: Missandei|Chansey, F|703\/703
|move|p2a: Sableye|Dark Pulse|p1a: Missandei
|-damage|p1a: Missandei|628\/703
|
|-start|p2a: Sableye|perish2
|turn|20
|
|switch|p2a: Chansey|Chansey, F|703\/703
|move|p1a: Missandei|Seismic Toss|p2a: Chansey
|-damage|p2a: Chansey|603\/703
|
|turn|21
|
|switch|p2a: Sableye|Sableye-Mega, F|246\/303
|switch|p1a: Daario Nahaaris|Gliscor, M|353\/353 tox
|
|turn|22
|
|move|p1a: Daario Nahaaris|Earthquake|p2a: Sableye
|-damage|p2a: Sableye|161\/303
|move|p2a: Sableye|Calm Mind|p2a: Sableye
|-boost|p2a: Sableye|spa|1
|-boost|p2a: Sableye|spd|1
|
|turn|23
|
|switch|p1a: Daenerys Targayren|Clefable, M|348\/393
|move|p2a: Sableye|Recover|p2a: Sableye
|-heal|p2a: Sableye|303\/303
|
|turn|24
|
|switch|p1a: Missandei|Chansey, F|628\/703
|switch|p2a: Skarmory|Skarmory, F|334\/334
|
|turn|25
|
|move|p2a: Skarmory|Spikes|p1a: Missandei
|-sidestart|p1: RSMessiii|Spikes
|move|p1a: Missandei|Stealth Rock|p2a: Skarmory
|-sidestart|p2: CleanerThanRotom-W|move: Stealth Rock
|
|turn|26
|
|switch|p1a: Daario Nahaaris|Gliscor, M|353\/353 tox
|move|p2a: Skarmory|Spikes|p1a: Daario Nahaaris
|-sidestart|p1: RSMessiii|Spikes
|
|turn|27
|
|move|p1a: Daario Nahaaris|Knock Off|p2a: Skarmory
|-damage|p2a: Skarmory|290\/334
|-enditem|p2a: Skarmory|Shed Shell|[from] move: Knock Off|[of] p1a: Daario Nahaaris
|move|p2a: Skarmory|Spikes|p1a: Daario Nahaaris
|-sidestart|p1: RSMessiii|Spikes
|
|turn|28
|
|move|p1a: Daario Nahaaris|Taunt|p2a: Skarmory
|-start|p2a: Skarmory|move: Taunt
|cant|p2a: Skarmory|move: Taunt|Roost
|
|turn|29
|
|switch|p2a: Quagsire|Quagsire, F|393\/393
|-damage|p2a: Quagsire|369\/393|[from] Stealth Rock
|move|p1a: Daario Nahaaris|Knock Off|p2a: Quagsire
|-damage|p2a: Quagsire|311\/393
|-enditem|p2a: Quagsire|Leftovers|[from] move: Knock Off|[of] p1a: Daario Nahaaris
|
|turn|30
|
|move|p1a: Daario Nahaaris|Taunt|p2a: Quagsire
|-start|p2a: Quagsire|move: Taunt
|move|p2a: Quagsire|Scald|p1a: Daario Nahaaris
|-supereffective|p1a: Daario Nahaaris
|-damage|p1a: Daario Nahaaris|237\/353 tox
|
|-heal|p1a: Daario Nahaaris|281\/353 tox|[from] ability: Poison Heal
|turn|31
|
|switch|p2a: Sableye|Sableye-Mega, F|303\/303
|-damage|p2a: Sableye|266\/303|[from] Stealth Rock
|move|p1a: Daario Nahaaris|Earthquake|p2a: Sableye
|-damage|p2a: Sableye|179\/303
|
|-heal|p1a: Daario Nahaaris|325\/353 tox|[from] ability: Poison Heal
|turn|32
|
|move|p1a: Daario Nahaaris|Knock Off|p2a: Sableye
|-damage|p2a: Sableye|134\/303
|move|p2a: Sableye|Recover|p2a: Sableye
|-heal|p2a: Sableye|286\/303
|
|-heal|p1a: Daario Nahaaris|353\/353 tox|[from] ability: Poison Heal
|turn|33
|
|switch|p1a: Arianne Martell|Celebi|354\/404
|-damage|p1a: Arianne Martell|253\/404|[from] Spikes
|move|p2a: Sableye|Calm Mind|p2a: Sableye
|-boost|p2a: Sableye|spa|1
|-boost|p2a: Sableye|spd|1
|
|-heal|p1a: Arianne Martell|278\/404|[from] item: Leftovers
|turn|34
|
|move|p1a: Arianne Martell|Perish Song|p1a: Arianne Martell
|-fieldactivate|move: Perish Song
|move|p2a: Sableye|Dark Pulse|p1a: Arianne Martell
|-supereffective|p1a: Arianne Martell
|-damage|p1a: Arianne Martell|80\/404
|
|-start|p1a: Arianne Martell|perish3
|-start|p2a: Sableye|perish3
|-heal|p1a: Arianne Martell|105\/404|[from] item: Leftovers
|turn|35
|
|switch|p2a: Chansey|Chansey, F|603\/703
|-damage|p2a: Chansey|516\/703|[from] Stealth Rock
|move|p1a: Arianne Martell|Recover|p1a: Arianne Martell
|-heal|p1a: Arianne Martell|307\/404
|
|-start|p1a: Arianne Martell|perish2
|-heal|p1a: Arianne Martell|332\/404|[from] item: Leftovers
|turn|36
|
|switch|p1a: Jorah Mormont|Skarmory, F|333\/333
|move|p2a: Chansey|Stealth Rock|p1a: Jorah Mormont
|-sidestart|p1: RSMessiii|move: Stealth Rock
|
|turn|37
|
|switch|p2a: Sableye|Sableye-Mega, F|286\/303
|-damage|p2a: Sableye|249\/303|[from] Stealth Rock
|move|p1a: Jorah Mormont|Defog|p2a: Sableye
|move|p2a: Sableye|Defog|p1a: Jorah Mormont|[from]Magic Bounce
|-unboost|p1a: Jorah Mormont|evasion|1
|-sideend|p1: RSMessiii|Spikes|[from] move: Defog|[of] p1a: Jorah Mormont
|-sideend|p1: RSMessiii|Stealth Rock|[from] move: Defog|[of] p1a: Jorah Mormont
|-sideend|p2: CleanerThanRotom-W|Stealth Rock|[from] move: Defog|[of] p2a: Sableye
|
|turn|38
|
|switch|p1a: Daario Nahaaris|Gliscor, M|353\/353 tox
|move|p2a: Sableye|Calm Mind|p2a: Sableye
|-boost|p2a: Sableye|spa|1
|-boost|p2a: Sableye|spd|1
|
|turn|39
|
|switch|p1a: Daenerys Targayren|Clefable, M|348\/393
|move|p2a: Sableye|Calm Mind|p2a: Sableye
|-boost|p2a: Sableye|spa|1
|-boost|p2a: Sableye|spd|1
|
|turn|40
|
|switch|p1a: Daario Nahaaris|Gliscor, M|353\/353 tox
|switch|p2a: Chansey|Chansey, F|516\/703
|
|turn|41
|
|switch|p2a: Sableye|Sableye-Mega, F|249\/303
|move|p1a: Daario Nahaaris|Taunt|p2a: Sableye
|move|p2a: Sableye|Taunt|p1a: Daario Nahaaris|[from]Magic Bounce
|-start|p1a: Daario Nahaaris|move: Taunt
|
|turn|42
|
|move|p1a: Daario Nahaaris|Earthquake|p2a: Sableye
|-damage|p2a: Sableye|149\/303
|move|p2a: Sableye|Will-O-Wisp|p1a: Daario Nahaaris
|-fail|p1a: Daario Nahaaris
|
|turn|43
|
|switch|p1a: Daenerys Targayren|Clefable, M|348\/393
|move|p2a: Sableye|Recover|p2a: Sableye
|-heal|p2a: Sableye|301\/303
|
|turn|44
|
|switch|p1a: Daario Nahaaris|Gliscor, M|353\/353 tox
|switch|p2a: Chansey|Chansey, F|516\/703
|
|turn|45
|
|switch|p2a: Quagsire|Quagsire, F|311\/393
|move|p1a: Daario Nahaaris|Taunt|p2a: Quagsire
|-start|p2a: Quagsire|move: Taunt
|
|turn|46
|
|switch|p2a: Skarmory|Skarmory, F|290\/334
|move|p1a: Daario Nahaaris|Knock Off|p2a: Skarmory
|-damage|p2a: Skarmory|260\/334
|
|turn|47
|
|move|p1a: Daario Nahaaris|Taunt|p2a: Skarmory
|-start|p2a: Skarmory|move: Taunt
|cant|p2a: Skarmory|move: Taunt|Spikes
|
|turn|48
|
|switch|p2a: Quagsire|Quagsire, F|311\/393
|move|p1a: Daario Nahaaris|Knock Off|p2a: Quagsire
|-damage|p2a: Quagsire|273\/393
|
|turn|49
|
|switch|p2a: Skarmory|Skarmory, F|260\/334
|move|p1a: Daario Nahaaris|Earthquake|p2a: Skarmory
|-immune|p2a: Skarmory|[msg]
|
|turn|50
|
|switch|p2a: Sableye|Sableye-Mega, F|301\/303
|move|p1a: Daario Nahaaris|Taunt|p2a: Sableye
|move|p2a: Sableye|Taunt|p1a: Daario Nahaaris|[from]Magic Bounce
|-start|p1a: Daario Nahaaris|move: Taunt
|
|turn|51
|
|switch|p1a: Berristan Selmy|Slowbro, F|393\/393
|move|p2a: Sableye|Calm Mind|p2a: Sableye
|-boost|p2a: Sableye|spa|1
|-boost|p2a: Sableye|spd|1
|
|turn|52
|
|switch|p1a: Daenerys Targayren|Clefable, M|348\/393
|move|p2a: Sableye|Will-O-Wisp|p1a: Daenerys Targayren
|-status|p1a: Daenerys Targayren|brn
|
|-damage|p1a: Daenerys Targayren|299\/393 brn|[from] brn
|turn|53
|
|move|p1a: Daenerys Targayren|Heal Bell|p1a: Daenerys Targayren
|-cureteam|p1a: Daenerys Targayren|[from] move: HealBell
|move|p2a: Sableye|Dark Pulse|p1a: Daenerys Targayren
|-resisted|p1a: Daenerys Targayren
|-damage|p1a: Daenerys Targayren|254\/393
|
|turn|54
|
|switch|p1a: Arianne Martell|Celebi|332\/404
|move|p2a: Sableye|Calm Mind|p2a: Sableye
|-boost|p2a: Sableye|spa|1
|-boost|p2a: Sableye|spd|1
|
|-heal|p1a: Arianne Martell|357\/404|[from] item: Leftovers
|turn|55
|
|move|p1a: Arianne Martell|Baton Pass|p1a: Arianne Martell
|
|switch|p1a: Daenerys Targayren|Clefable, M|254\/393
|move|p2a: Sableye|Dark Pulse|p1a: Daenerys Targayren
|-resisted|p1a: Daenerys Targayren
|-damage|p1a: Daenerys Targayren|206\/393
|
|turn|56
|
|move|p1a: Daenerys Targayren|Moonblast|p2a: Sableye
|-supereffective|p2a: Sableye
|-damage|p2a: Sableye|151\/303
|move|p2a: Sableye|Recover|p2a: Sableye
|-heal|p2a: Sableye|303\/303
|
|turn|57
|
|switch|p2a: Skarmory|Skarmory, F|260\/334
|move|p1a: Daenerys Targayren|Moonblast|p2a: Skarmory
|-resisted|p2a: Skarmory
|-damage|p2a: Skarmory|182\/334
|
|turn|58
|
|switch|p1a: Berristan Selmy|Slowbro, F|393\/393
|move|p2a: Skarmory|Spikes|p1a: Berristan Selmy
|-sidestart|p1: RSMessiii|Spikes
|
|turn|59
|
|switch|p2a: Chansey|Chansey, F|516\/703
|move|p1a: Berristan Selmy|Calm Mind|p1a: Berristan Selmy
|-boost|p1a: Berristan Selmy|spa|1
|-boost|p1a: Berristan Selmy|spd|1
|
|turn|60
|
|switch|p2a: Cresselia|Cresselia, F|444\/444
|switch|p1a: Jorah Mormont|Skarmory, F|333\/333
|
|turn|61
|
|switch|p2a: Sableye|Sableye-Mega, F|303\/303
|move|p1a: Jorah Mormont|Defog|p2a: Sableye
|move|p2a: Sableye|Defog|p1a: Jorah Mormont|[from]Magic Bounce
|-unboost|p1a: Jorah Mormont|evasion|1
|-sideend|p1: RSMessiii|Spikes|[from] move: Defog|[of] p1a: Jorah Mormont
|
|turn|62
|
|switch|p1a: Arianne Martell|Celebi|357\/404
|move|p2a: Sableye|Will-O-Wisp|p1a: Arianne Martell
|-status|p1a: Arianne Martell|brn
|
|-heal|p1a: Arianne Martell|382\/404 brn|[from] item: Leftovers
|-damage|p1a: Arianne Martell|332\/404 brn|[from] brn
|turn|63
|
|switch|p2a: Skarmory|Skarmory, F|182\/334
|move|p1a: Arianne Martell|Giga Drain|p2a: Skarmory
|-resisted|p2a: Skarmory
|-damage|p2a: Skarmory|152\/334
|-heal|p1a: Arianne Martell|347\/404 brn|[from] drain|[of] p2a: Skarmory
|
|-heal|p1a: Arianne Martell|372\/404 brn|[from] item: Leftovers
|-damage|p1a: Arianne Martell|322\/404 brn|[from] brn
|turn|64
|
|move|p1a: Arianne Martell|Baton Pass|p1a: Arianne Martell
|
|switch|p1a: Daario Nahaaris|Gliscor, M|353\/353
|move|p2a: Skarmory|Roost|p2a: Skarmory
|-heal|p2a: Skarmory|319\/334
|
|-status|p1a: Daario Nahaaris|tox|[from] item: Toxic Orb
|turn|65
|
|move|p1a: Daario Nahaaris|Taunt|p2a: Skarmory
|-start|p2a: Skarmory|move: Taunt
|cant|p2a: Skarmory|move: Taunt|Spikes
|
|turn|66
|
|move|p1a: Daario Nahaaris|Knock Off|p2a: Skarmory
|-damage|p2a: Skarmory|291\/334
|move|p2a: Skarmory|Counter|p1a: Daario Nahaaris
|-damage|p1a: Daario Nahaaris|297\/353 tox
|
|-heal|p1a: Daario Nahaaris|341\/353 tox|[from] ability: Poison Heal
|turn|67
|
|switch|p1a: Berristan Selmy|Slowbro, F|393\/393
|move|p2a: Skarmory|Counter|p1a: Berristan Selmy
|-fail|p1a: Berristan Selmy
|
|-end|p2a: Skarmory|move: Taunt
|turn|68
|
|switch|p1a: Daario Nahaaris|Gliscor, M|341\/353 tox
|move|p2a: Skarmory|Spikes|p1a: Daario Nahaaris
|-sidestart|p1: RSMessiii|Spikes
|
|-heal|p1a: Daario Nahaaris|353\/353 tox|[from] ability: Poison Heal
|turn|69
|
|switch|p1a: Jorah Mormont|Skarmory, F|333\/333
|move|p2a: Skarmory|Spikes|p1a: Jorah Mormont
|-sidestart|p1: RSMessiii|Spikes
|
|turn|70
|
|switch|p2a: Quagsire|Quagsire, F|273\/393
|move|p1a: Jorah Mormont|Defog|p2a: Quagsire
|-unboost|p2a: Quagsire|evasion|1
|-sideend|p1: RSMessiii|Spikes|[from] move: Defog|[of] p1a: Jorah Mormont
|
|turn|71
|
|switch|p1a: Arianne Martell|Celebi|322\/404
|move|p2a: Quagsire|Scald|p1a: Arianne Martell
|-resisted|p1a: Arianne Martell
|-damage|p1a: Arianne Martell|298\/404
|
|-heal|p1a: Arianne Martell|323\/404|[from] item: Leftovers
|turn|72
|
|switch|p2a: Skarmory|Skarmory, F|291\/334
|move|p1a: Arianne Martell|Baton Pass|p1a: Arianne Martell
|
|switch|p1a: Berristan Selmy|Slowbro, F|393\/393
|
|turn|73
|
|switch|p2a: Cresselia|Cresselia, F|444\/444
|move|p1a: Berristan Selmy|Calm Mind|p1a: Berristan Selmy
|-boost|p1a: Berristan Selmy|spa|1
|-boost|p1a: Berristan Selmy|spd|1
|
|turn|74
|
|switch|p1a: Missandei|Chansey, F|628\/703
|move|p2a: Cresselia|Toxic|p1a: Missandei
|-status|p1a: Missandei|tox
|
|-damage|p1a: Missandei|585\/703 tox|[from] psn
|turn|75
|
|switch|p2a: Chansey|Chansey, F|516\/703
|switch|p1a: Arianne Martell|Celebi|323\/404
|
|-heal|p1a: Arianne Martell|348\/404|[from] item: Leftovers
|turn|76
|
|move|p1a: Arianne Martell|Baton Pass|p1a: Arianne Martell
|
|switch|p1a: Jorah Mormont|Skarmory, F|333\/333
|move|p2a: Chansey|Stealth Rock|p1a: Jorah Mormont
|-sidestart|p1: RSMessiii|move: Stealth Rock
|
|turn|77
|
|move|p1a: Jorah Mormont|Defog|p2a: Chansey
|-unboost|p2a: Chansey|evasion|1
|-sideend|p1: RSMessiii|Stealth Rock|[from] move: Defog|[of] p1a: Jorah Mormont
|move|p2a: Chansey|Seismic Toss|p1a: Jorah Mormont
|-damage|p1a: Jorah Mormont|233\/333
|
|turn|78
|
|move|p1a: Jorah Mormont|Spikes|p2a: Chansey
|-sidestart|p2: CleanerThanRotom-W|Spikes
|move|p2a: Chansey|Stealth Rock|p1a: Jorah Mormont
|-sidestart|p1: RSMessiii|move: Stealth Rock
|
|turn|79
|
|switch|p2a: Skarmory|Skarmory, F|291\/334
|move|p1a: Jorah Mormont|Defog|p2a: Skarmory
|-unboost|p2a: Skarmory|evasion|1
|-sideend|p2: CleanerThanRotom-W|Spikes|[from] move: Defog|[of] p2a: Skarmory
|-sideend|p1: RSMessiii|Stealth Rock|[from] move: Defog|[of] p1a: Jorah Mormont
|
|turn|80
|
|switch|p2a: Sableye|Sableye-Mega, F|303\/303
|move|p1a: Jorah Mormont|Spikes|p2a: Sableye
|move|p2a: Sableye|Spikes|p1a: Jorah Mormont|[from]Magic Bounce
|-sidestart|p1: RSMessiii|Spikes
|
|turn|81
|
|switch|p1a: Arianne Martell|Celebi|348\/404
|-damage|p1a: Arianne Martell|298\/404|[from] Spikes
|move|p2a: Sableye|Will-O-Wisp|p1a: Arianne Martell
|-status|p1a: Arianne Martell|brn
|
|-heal|p1a: Arianne Martell|323\/404 brn|[from] item: Leftovers
|-damage|p1a: Arianne Martell|273\/404 brn|[from] brn
|turn|82
|
|move|p1a: Arianne Martell|Recover|p1a: Arianne Martell
|-heal|p1a: Arianne Martell|404\/404 brn
|move|p2a: Sableye|Calm Mind|p2a: Sableye
|-boost|p2a: Sableye|spa|1
|-boost|p2a: Sableye|spd|1
|
|-damage|p1a: Arianne Martell|354\/404 brn|[from] brn
|turn|83
|
|move|p1a: Arianne Martell|Perish Song|p1a: Arianne Martell
|-fieldactivate|move: Perish Song
|move|p2a: Sableye|Dark Pulse|p1a: Arianne Martell
|-supereffective|p1a: Arianne Martell
|-damage|p1a: Arianne Martell|160\/404 brn
|
|-start|p1a: Arianne Martell|perish3
|-start|p2a: Sableye|perish3
|-heal|p1a: Arianne Martell|185\/404 brn|[from] item: Leftovers
|-damage|p1a: Arianne Martell|135\/404 brn|[from] brn
|turn|84
|
|switch|p1a: Missandei|Chansey, F|585\/703
|-damage|p1a: Missandei|498\/703|[from] Spikes
|move|p2a: Sableye|Dark Pulse|p1a: Missandei
|-crit|p1a: Missandei
|-damage|p1a: Missandei|398\/703
|
|-start|p2a: Sableye|perish2
|turn|85
|
|switch|p2a: Chansey|Chansey, F|516\/703
|move|p1a: Missandei|Soft-Boiled|p1a: Missandei
|-heal|p1a: Missandei|703\/703
|
|turn|86
|
|move|p2a: Chansey|Stealth Rock|p1a: Missandei
|-sidestart|p1: RSMessiii|move: Stealth Rock
|move|p1a: Missandei|Stealth Rock|p2a: Chansey
|-sidestart|p2: CleanerThanRotom-W|move: Stealth Rock
|
|turn|87
|
|switch|p1a: Daario Nahaaris|Gliscor, M|353\/353 tox
|-damage|p1a: Daario Nahaaris|309\/353 tox|[from] Stealth Rock
|move|p2a: Chansey|Seismic Toss|p1a: Daario Nahaaris
|-damage|p1a: Daario Nahaaris|209\/353 tox
|
|-heal|p1a: Daario Nahaaris|253\/353 tox|[from] ability: Poison Heal
|turn|88
|
|switch|p2a: Sableye|Sableye-Mega, F|303\/303
|-damage|p2a: Sableye|266\/303|[from] Stealth Rock
|move|p1a: Daario Nahaaris|Knock Off|p2a: Sableye
|-damage|p2a: Sableye|224\/303
|
|-heal|p1a: Daario Nahaaris|297\/353 tox|[from] ability: Poison Heal
|turn|89
|
|move|p1a: Daario Nahaaris|Earthquake|p2a: Sableye
|-damage|p2a: Sableye|130\/303
|move|p2a: Sableye|Calm Mind|p2a: Sableye
|-boost|p2a: Sableye|spa|1
|-boost|p2a: Sableye|spd|1
|
|-heal|p1a: Daario Nahaaris|341\/353 tox|[from] ability: Poison Heal
|turn|90
|
|move|p1a: Daario Nahaaris|Earthquake|p2a: Sableye
|-damage|p2a: Sableye|31\/303
|move|p2a: Sableye|Recover|p2a: Sableye
|-heal|p2a: Sableye|183\/303
|
|-heal|p1a: Daario Nahaaris|353\/353 tox|[from] ability: Poison Heal
|turn|91
|
|move|p1a: Daario Nahaaris|Earthquake|p2a: Sableye
|-damage|p2a: Sableye|81\/303
|move|p2a: Sableye|Recover|p2a: Sableye
|-heal|p2a: Sableye|233\/303
|
|turn|92
|
|move|p1a: Daario Nahaaris|Earthquake|p2a: Sableye
|-damage|p2a: Sableye|131\/303
|move|p2a: Sableye|Calm Mind|p2a: Sableye
|-boost|p2a: Sableye|spa|1
|-boost|p2a: Sableye|spd|1
|
|turn|93
|
|switch|p1a: Daenerys Targayren|Clefable, M|206\/393
|-damage|p1a: Daenerys Targayren|157\/393|[from] Stealth Rock
|-damage|p1a: Daenerys Targayren|108\/393|[from] Spikes
|move|p2a: Sableye|Recover|p2a: Sableye
|-heal|p2a: Sableye|283\/303
|
|turn|94
|
|move|p1a: Daenerys Targayren|Moonblast|p2a: Sableye
|-supereffective|p2a: Sableye
|-damage|p2a: Sableye|131\/303
|move|p2a: Sableye|Dark Pulse|p1a: Daenerys Targayren
|-resisted|p1a: Daenerys Targayren
|-damage|p1a: Daenerys Targayren|64\/393
|
|turn|95
|
|switch|p2a: Chansey|Chansey, F|516\/703
|-damage|p2a: Chansey|429\/703|[from] Stealth Rock
|move|p1a: Daenerys Targayren|Moonblast|p2a: Chansey
|-damage|p2a: Chansey|363\/703
|
|turn|96
|
|switch|p1a: Jorah Mormont|Skarmory, F|233\/333
|-damage|p1a: Jorah Mormont|192\/333|[from] Stealth Rock
|move|p2a: Chansey|Soft-Boiled|p2a: Chansey
|-heal|p2a: Chansey|703\/703
|
|turn|97
|
|move|p1a: Jorah Mormont|Defog|p2a: Chansey
|-unboost|p2a: Chansey|evasion|1
|-sideend|p2: CleanerThanRotom-W|Stealth Rock|[from] move: Defog|[of] p2a: Chansey
|-sideend|p1: RSMessiii|Spikes|[from] move: Defog|[of] p1a: Jorah Mormont
|-sideend|p1: RSMessiii|Stealth Rock|[from] move: Defog|[of] p1a: Jorah Mormont
|move|p2a: Chansey|Seismic Toss|p1a: Jorah Mormont
|-damage|p1a: Jorah Mormont|92\/333
|
|turn|98
|
|switch|p2a: Sableye|Sableye-Mega, F|131\/303
|move|p1a: Jorah Mormont|Roost|p1a: Jorah Mormont
|-heal|p1a: Jorah Mormont|259\/333
|
|turn|99
|
|switch|p1a: Daenerys Targayren|Clefable, M|64\/393
|move|p2a: Sableye|Recover|p2a: Sableye
|-heal|p2a: Sableye|283\/303
|
|turn|100
|
|switch|p1a: Daario Nahaaris|Gliscor, M|353\/353 tox
|move|p2a: Sableye|Will-O-Wisp|p1a: Daario Nahaaris
|-fail|p1a: Daario Nahaaris
|
|turn|101
|
|switch|p1a: Arianne Martell|Celebi|135\/404
|move|p2a: Sableye|Calm Mind|p2a: Sableye
|-boost|p2a: Sableye|spa|1
|-boost|p2a: Sableye|spd|1
|
|-heal|p1a: Arianne Martell|160\/404|[from] item: Leftovers
|turn|102
|
|move|p1a: Arianne Martell|Recover|p1a: Arianne Martell
|-heal|p1a: Arianne Martell|362\/404
|move|p2a: Sableye|Dark Pulse|p1a: Arianne Martell
|-supereffective|p1a: Arianne Martell
|-damage|p1a: Arianne Martell|170\/404
|
|-heal|p1a: Arianne Martell|195\/404|[from] item: Leftovers
|turn|103
|
|move|p1a: Arianne Martell|Perish Song|p1a: Arianne Martell
|-fieldactivate|move: Perish Song
|move|p2a: Sableye|Dark Pulse|p1a: Arianne Martell
|-supereffective|p1a: Arianne Martell
|-damage|p1a: Arianne Martell|3\/404
|
|-start|p1a: Arianne Martell|perish3
|-start|p2a: Sableye|perish3
|-heal|p1a: Arianne Martell|28\/404|[from] item: Leftovers
|turn|104
|
|move|p1a: Arianne Martell|Recover|p1a: Arianne Martell
|-heal|p1a: Arianne Martell|230\/404
|move|p2a: Sableye|Dark Pulse|p1a: Arianne Martell
|-supereffective|p1a: Arianne Martell
|-damage|p1a: Arianne Martell|60\/404
|
|-start|p1a: Arianne Martell|perish2
|-start|p2a: Sableye|perish2
|-heal|p1a: Arianne Martell|85\/404|[from] item: Leftovers
|turn|105
|
|switch|p1a: Daario Nahaaris|Gliscor, M|353\/353 tox
|move|p2a: Sableye|Dark Pulse|p1a: Daario Nahaaris
|-damage|p1a: Daario Nahaaris|244\/353 tox
|
|-start|p2a: Sableye|perish1
|-heal|p1a: Daario Nahaaris|288\/353 tox|[from] ability: Poison Heal
|turn|106
|
|switch|p1a: Arianne Martell|Celebi|85\/404
|switch|p2a: Skarmory|Skarmory, F|291\/334
|
|-heal|p1a: Arianne Martell|110\/404|[from] item: Leftovers
|turn|107
|
|move|p1a: Arianne Martell|Recover|p1a: Arianne Martell
|-heal|p1a: Arianne Martell|312\/404
|move|p2a: Skarmory|Spikes|p1a: Arianne Martell
|-sidestart|p1: RSMessiii|Spikes
|
|-heal|p1a: Arianne Martell|337\/404|[from] item: Leftovers
|turn|108
|
|move|p1a: Arianne Martell|Baton Pass|p1a: Arianne Martell
|
|switch|p1a: Jorah Mormont|Skarmory, F|259\/333
|move|p2a: Skarmory|Spikes|p1a: Jorah Mormont
|-sidestart|p1: RSMessiii|Spikes
|
|turn|109
|
|switch|p2a: Quagsire|Quagsire, F|273\/393
|move|p1a: Jorah Mormont|Defog|p2a: Quagsire
|-unboost|p2a: Quagsire|evasion|1
|-sideend|p1: RSMessiii|Spikes|[from] move: Defog|[of] p1a: Jorah Mormont
|
|turn|110
|
|switch|p1a: Arianne Martell|Celebi|337\/404
|move|p2a: Quagsire|Scald|p1a: Arianne Martell
|-crit|p1a: Arianne Martell
|-resisted|p1a: Arianne Martell
|-damage|p1a: Arianne Martell|300\/404
|-status|p1a: Arianne Martell|brn
|
|-heal|p1a: Arianne Martell|325\/404 brn|[from] item: Leftovers
|-damage|p1a: Arianne Martell|275\/404 brn|[from] brn
|turn|111
|
|switch|p2a: Chansey|Chansey, F|703\/703
|move|p1a: Arianne Martell|Baton Pass|p1a: Arianne Martell
|
|switch|p1a: Daario Nahaaris|Gliscor, M|288\/353 tox
|
|-heal|p1a: Daario Nahaaris|332\/353 tox|[from] ability: Poison Heal
|turn|112
|
|switch|p2a: Skarmory|Skarmory, F|291\/334
|move|p1a: Daario Nahaaris|Knock Off|p2a: Skarmory
|-damage|p2a: Skarmory|265\/334
|
|-heal|p1a: Daario Nahaaris|353\/353 tox|[from] ability: Poison Heal
|turn|113
|
|switch|p2a: Sableye|Sableye-Mega, F|283\/303
|move|p1a: Daario Nahaaris|Taunt|p2a: Sableye
|move|p2a: Sableye|Taunt|p1a: Daario Nahaaris|[from]Magic Bounce
|-start|p1a: Daario Nahaaris|move: Taunt
|
|turn|114
|
|switch|p2a: Skarmory|Skarmory, F|265\/334
|move|p1a: Daario Nahaaris|Earthquake|p2a: Skarmory
|-immune|p2a: Skarmory|[msg]
|
|turn|115
|
|switch|p1a: Jorah Mormont|Skarmory, F|259\/333
|move|p2a: Skarmory|Spikes|p1a: Jorah Mormont
|-sidestart|p1: RSMessiii|Spikes
|
|turn|116
|
|switch|p2a: Sableye|Sableye-Mega, F|283\/303
|move|p1a: Jorah Mormont|Spikes|p2a: Sableye
|move|p2a: Sableye|Spikes|p1a: Jorah Mormont|[from]Magic Bounce
|-sidestart|p1: RSMessiii|Spikes
|
|turn|117
|
|move|p1a: Jorah Mormont|Defog|p2a: Sableye
|move|p2a: Sableye|Defog|p1a: Jorah Mormont|[from]Magic Bounce
|-unboost|p1a: Jorah Mormont|evasion|1
|-sideend|p1: RSMessiii|Spikes|[from] move: Defog|[of] p1a: Jorah Mormont
|move|p2a: Sableye|Will-O-Wisp|p1a: Jorah Mormont
|-status|p1a: Jorah Mormont|brn
|
|-damage|p1a: Jorah Mormont|218\/333 brn|[from] brn
|turn|118
|
|switch|p1a: Arianne Martell|Celebi|275\/404
|move|p2a: Sableye|Calm Mind|p2a: Sableye
|-boost|p2a: Sableye|spa|1
|-boost|p2a: Sableye|spd|1
|
|-heal|p1a: Arianne Martell|300\/404|[from] item: Leftovers
|turn|119
|
|move|p1a: Arianne Martell|Perish Song|p1a: Arianne Martell
|-fieldactivate|move: Perish Song
|move|p2a: Sableye|Dark Pulse|p1a: Arianne Martell
|-supereffective|p1a: Arianne Martell
|-damage|p1a: Arianne Martell|126\/404
|
|-start|p1a: Arianne Martell|perish3
|-start|p2a: Sableye|perish3
|-heal|p1a: Arianne Martell|151\/404|[from] item: Leftovers
|turn|120
|
|move|p1a: Arianne Martell|Recover|p1a: Arianne Martell
|-heal|p1a: Arianne Martell|353\/404
|move|p2a: Sableye|Dark Pulse|p1a: Arianne Martell
|-supereffective|p1a: Arianne Martell
|-damage|p1a: Arianne Martell|161\/404
|
|-start|p1a: Arianne Martell|perish2
|-start|p2a: Sableye|perish2
|-heal|p1a: Arianne Martell|186\/404|[from] item: Leftovers
|turn|121
|
|switch|p1a: Missandei|Chansey, F|703\/703
|move|p2a: Sableye|Calm Mind|p2a: Sableye
|-boost|p2a: Sableye|spa|1
|-boost|p2a: Sableye|spd|1
|
|-start|p2a: Sableye|perish1
|turn|122
|
|switch|p2a: Chansey|Chansey, F|703\/703
|move|p1a: Missandei|Stealth Rock|p2a: Chansey
|-sidestart|p2: CleanerThanRotom-W|move: Stealth Rock
|
|turn|123
|
|move|p2a: Chansey|Stealth Rock|p1a: Missandei
|-sidestart|p1: RSMessiii|move: Stealth Rock
|move|p1a: Missandei|Toxic|p2a: Chansey
|-status|p2a: Chansey|tox
|
|-damage|p2a: Chansey|660\/703 tox|[from] psn
|turn|124
|
|switch|p2a: Skarmory|Skarmory, F|265\/334
|-damage|p2a: Skarmory|224\/334|[from] Stealth Rock
|switch|p1a: Daario Nahaaris|Gliscor, M|353\/353 tox
|-damage|p1a: Daario Nahaaris|309\/353 tox|[from] Stealth Rock
|
|-heal|p1a: Daario Nahaaris|353\/353 tox|[from] ability: Poison Heal
|turn|125
|
|move|p1a: Daario Nahaaris|Taunt|p2a: Skarmory
|-start|p2a: Skarmory|move: Taunt
|cant|p2a: Skarmory|move: Taunt|Spikes
|
|turn|126
|
|move|p1a: Daario Nahaaris|Knock Off|p2a: Skarmory
|-damage|p2a: Skarmory|195\/334
|move|p2a: Skarmory|Counter|p1a: Daario Nahaaris
|-damage|p1a: Daario Nahaaris|295\/353 tox
|
|-heal|p1a: Daario Nahaaris|339\/353 tox|[from] ability: Poison Heal
|turn|127
|
|move|p1a: Daario Nahaaris|Knock Off|p2a: Skarmory
|-damage|p2a: Skarmory|168\/334
|move|p2a: Skarmory|Counter|p1a: Daario Nahaaris
|-damage|p1a: Daario Nahaaris|285\/353 tox
|
|-heal|p1a: Daario Nahaaris|329\/353 tox|[from] ability: Poison Heal
|-end|p2a: Skarmory|move: Taunt
|turn|128
|
|switch|p2a: Sableye|Sableye-Mega, F|283\/303
|-damage|p2a: Sableye|246\/303|[from] Stealth Rock
|move|p1a: Daario Nahaaris|Knock Off|p2a: Sableye
|-damage|p2a: Sableye|207\/303
|
|-heal|p1a: Daario Nahaaris|353\/353 tox|[from] ability: Poison Heal
|turn|129
|
|move|p1a: Daario Nahaaris|Knock Off|p2a: Sableye
|-crit|p2a: Sableye
|-damage|p2a: Sableye|148\/303
|move|p2a: Sableye|Calm Mind|p2a: Sableye
|-boost|p2a: Sableye|spa|1
|-boost|p2a: Sableye|spd|1
|
|turn|130
|
|move|p1a: Daario Nahaaris|Earthquake|p2a: Sableye
|-damage|p2a: Sableye|60\/303
|move|p2a: Sableye|Recover|p2a: Sableye
|-heal|p2a: Sableye|212\/303
|
|turn|131
|
|switch|p1a: Arianne Martell|Celebi|186\/404
|-damage|p1a: Arianne Martell|136\/404|[from] Stealth Rock
|move|p2a: Sableye|Recover|p2a: Sableye
|-heal|p2a: Sableye|303\/303
|
|-heal|p1a: Arianne Martell|161\/404|[from] item: Leftovers
|turn|132
|
|move|p1a: Arianne Martell|Recover|p1a: Arianne Martell
|-heal|p1a: Arianne Martell|363\/404
|move|p2a: Sableye|Calm Mind|p2a: Sableye
|-boost|p2a: Sableye|spa|1
|-boost|p2a: Sableye|spd|1
|
|-heal|p1a: Arianne Martell|388\/404|[from] item: Leftovers
|turn|133
|
|move|p1a: Arianne Martell|Perish Song|p1a: Arianne Martell
|-fieldactivate|move: Perish Song
|move|p2a: Sableye|Dark Pulse|p1a: Arianne Martell
|-supereffective|p1a: Arianne Martell
|-damage|p1a: Arianne Martell|148\/404
|
|-start|p1a: Arianne Martell|perish3
|-start|p2a: Sableye|perish3
|-heal|p1a: Arianne Martell|173\/404|[from] item: Leftovers
|turn|134
|
|switch|p1a: Daario Nahaaris|Gliscor, M|353\/353 tox
|-damage|p1a: Daario Nahaaris|309\/353 tox|[from] Stealth Rock
|move|p2a: Sableye|Dark Pulse|p1a: Daario Nahaaris
|-damage|p1a: Daario Nahaaris|159\/353 tox
|
|-start|p2a: Sableye|perish2
|-heal|p1a: Daario Nahaaris|203\/353 tox|[from] ability: Poison Heal
|turn|135
|
|move|p1a: Daario Nahaaris|Roost|p1a: Daario Nahaaris
|-heal|p1a: Daario Nahaaris|353\/353 tox
|move|p2a: Sableye|Dark Pulse|p1a: Daario Nahaaris
|-damage|p1a: Daario Nahaaris|209\/353 tox
|
|-start|p2a: Sableye|perish1
|-heal|p1a: Daario Nahaaris|253\/353 tox|[from] ability: Poison Heal
|turn|136
|
|switch|p1a: Berristan Selmy|Slowbro, F|393\/393
|-damage|p1a: Berristan Selmy|344\/393|[from] Stealth Rock
|switch|p2a: Quagsire|Quagsire, F|273\/393
|-damage|p2a: Quagsire|249\/393|[from] Stealth Rock
|
|turn|137
|
|move|p1a: Berristan Selmy|Scald|p2a: Quagsire
|-damage|p2a: Quagsire|107\/393
|-status|p2a: Quagsire|brn
|move|p2a: Quagsire|Recover|p2a: Quagsire
|-heal|p2a: Quagsire|304\/393 brn
|
|-damage|p2a: Quagsire|255\/393 brn|[from] brn
|turn|138
|
|switch|p1a: Daario Nahaaris|Gliscor, M|253\/353 tox
|-damage|p1a: Daario Nahaaris|209\/353 tox|[from] Stealth Rock
|switch|p2a: Chansey|Chansey, F|660\/703
|-damage|p2a: Chansey|573\/703|[from] Stealth Rock
|
|-heal|p1a: Daario Nahaaris|253\/353 tox|[from] ability: Poison Heal
|turn|139
|
|switch|p2a: Sableye|Sableye-Mega, F|303\/303
|-damage|p2a: Sableye|266\/303|[from] Stealth Rock
|move|p1a: Daario Nahaaris|Knock Off|p2a: Sableye
|-damage|p2a: Sableye|228\/303
|
|-heal|p1a: Daario Nahaaris|297\/353 tox|[from] ability: Poison Heal
|turn|140
|
|switch|p1a: Arianne Martell|Celebi|173\/404
|-damage|p1a: Arianne Martell|123\/404|[from] Stealth Rock
|move|p2a: Sableye|Calm Mind|p2a: Sableye
|-boost|p2a: Sableye|spa|1
|-boost|p2a: Sableye|spd|1
|
|-heal|p1a: Arianne Martell|148\/404|[from] item: Leftovers
|turn|141
|
|move|p1a: Arianne Martell|Recover|p1a: Arianne Martell
|-heal|p1a: Arianne Martell|350\/404
|move|p2a: Sableye|Dark Pulse|p1a: Arianne Martell
|-supereffective|p1a: Arianne Martell
|-damage|p1a: Arianne Martell|168\/404
|
|-heal|p1a: Arianne Martell|193\/404|[from] item: Leftovers
|turn|142
|
|move|p1a: Arianne Martell|Recover|p1a: Arianne Martell
|-heal|p1a: Arianne Martell|395\/404
|move|p2a: Sableye|Dark Pulse|p1a: Arianne Martell
|-supereffective|p1a: Arianne Martell
|-damage|p1a: Arianne Martell|209\/404
|
|-heal|p1a: Arianne Martell|234\/404|[from] item: Leftovers
|turn|143
|
|move|p1a: Arianne Martell|Perish Song|p1a: Arianne Martell
|-fieldactivate|move: Perish Song
|move|p2a: Sableye|Dark Pulse|p1a: Arianne Martell
|-supereffective|p1a: Arianne Martell
|-damage|p1a: Arianne Martell|46\/404
|
|-start|p1a: Arianne Martell|perish3
|-start|p2a: Sableye|perish3
|-heal|p1a: Arianne Martell|71\/404|[from] item: Leftovers
|turn|144
|
|switch|p1a: Daario Nahaaris|Gliscor, M|297\/353 tox
|-damage|p1a: Daario Nahaaris|253\/353 tox|[from] Stealth Rock
|move|p2a: Sableye|Calm Mind|p2a: Sableye
|-boost|p2a: Sableye|spa|1
|-boost|p2a: Sableye|spd|1
|
|-start|p2a: Sableye|perish2
|-heal|p1a: Daario Nahaaris|297\/353 tox|[from] ability: Poison Heal
|turn|145
|
|switch|p2a: Skarmory|Skarmory, F|168\/334
|-damage|p2a: Skarmory|127\/334|[from] Stealth Rock
|move|p1a: Daario Nahaaris|Knock Off|p2a: Skarmory
|-damage|p2a: Skarmory|100\/334
|
|-heal|p1a: Daario Nahaaris|341\/353 tox|[from] ability: Poison Heal
|turn|146
|
|move|p1a: Daario Nahaaris|Taunt|p2a: Skarmory
|-start|p2a: Skarmory|move: Taunt
|cant|p2a: Skarmory|move: Taunt|Roost
|
|-heal|p1a: Daario Nahaaris|353\/353 tox|[from] ability: Poison Heal
|turn|147
|
|switch|p2a: Sableye|Sableye-Mega, F|228\/303
|-damage|p2a: Sableye|191\/303|[from] Stealth Rock
|move|p1a: Daario Nahaaris|Knock Off|p2a: Sableye
|-damage|p2a: Sableye|149\/303
|
|turn|148
|
|move|p1a: Daario Nahaaris|Knock Off|p2a: Sableye
|-damage|p2a: Sableye|110\/303
|move|p2a: Sableye|Recover|p2a: Sableye
|-heal|p2a: Sableye|262\/303
|
|turn|149
|
|move|p1a: Daario Nahaaris|Earthquake|p2a: Sableye
|-damage|p2a: Sableye|174\/303
|move|p2a: Sableye|Calm Mind|p2a: Sableye
|-boost|p2a: Sableye|spa|1
|-boost|p2a: Sableye|spd|1
|
|turn|150
|
|switch|p1a: Daenerys Targayren|Clefable, M|64\/393
|-damage|p1a: Daenerys Targayren|15\/393|[from] Stealth Rock
|move|p2a: Sableye|Dark Pulse|p1a: Daenerys Targayren
|-resisted|p1a: Daenerys Targayren
|-damage|p1a: Daenerys Targayren|0 fnt
|faint|p1a: Daenerys Targayren
|
|
|switch|p1a: Arianne Martell|Celebi|71\/404
|-damage|p1a: Arianne Martell|21\/404|[from] Stealth Rock
|turn|151
|
|move|p1a: Arianne Martell|Recover|p1a: Arianne Martell
|-heal|p1a: Arianne Martell|223\/404
|move|p2a: Sableye|Dark Pulse|p1a: Arianne Martell
|-supereffective|p1a: Arianne Martell
|-damage|p1a: Arianne Martell|25\/404
|
|-heal|p1a: Arianne Martell|50\/404|[from] item: Leftovers
|turn|152
|
|move|p1a: Arianne Martell|Recover|p1a: Arianne Martell
|-heal|p1a: Arianne Martell|252\/404
|move|p2a: Sableye|Dark Pulse|p1a: Arianne Martell
|-supereffective|p1a: Arianne Martell
|-damage|p1a: Arianne Martell|82\/404
|
|-heal|p1a: Arianne Martell|107\/404|[from] item: Leftovers
|turn|153
|
|move|p1a: Arianne Martell|Recover|p1a: Arianne Martell
|-heal|p1a: Arianne Martell|309\/404
|move|p2a: Sableye|Calm Mind|p2a: Sableye
|-boost|p2a: Sableye|spa|1
|-boost|p2a: Sableye|spd|1
|
|-heal|p1a: Arianne Martell|334\/404|[from] item: Leftovers
|turn|154
|
|move|p1a: Arianne Martell|Perish Song|p1a: Arianne Martell
|-fieldactivate|move: Perish Song
|move|p2a: Sableye|Calm Mind|p2a: Sableye
|-boost|p2a: Sableye|spa|1
|-boost|p2a: Sableye|spd|1
|
|-start|p1a: Arianne Martell|perish3
|-start|p2a: Sableye|perish3
|-heal|p1a: Arianne Martell|359\/404|[from] item: Leftovers
|turn|155
|
|switch|p1a: Missandei|Chansey, F|703\/703
|-damage|p1a: Missandei|616\/703|[from] Stealth Rock
|move|p2a: Sableye|Calm Mind|p2a: Sableye
|-boost|p2a: Sableye|spa|1
|-boost|p2a: Sableye|spd|1
|
|-start|p2a: Sableye|perish2
|turn|156
|
|switch|p1a: Daario Nahaaris|Gliscor, M|353\/353 tox
|-damage|p1a: Daario Nahaaris|309\/353 tox|[from] Stealth Rock
|move|p2a: Sableye|Calm Mind|p2a: Sableye
|-boost|p2a: Sableye|spa|1
|-boost|p2a: Sableye|spd|1
|
|-start|p2a: Sableye|perish1
|-heal|p1a: Daario Nahaaris|353\/353 tox|[from] ability: Poison Heal
|turn|157
|
|move|p1a: Daario Nahaaris|Knock Off|p2a: Sableye
|-crit|p2a: Sableye
|-damage|p2a: Sableye|116\/303
|move|p2a: Sableye|Dark Pulse|p1a: Daario Nahaaris
|-damage|p1a: Daario Nahaaris|76\/353 tox
|
|-start|p2a: Sableye|perish0
|-heal|p1a: Daario Nahaaris|120\/353 tox|[from] ability: Poison Heal
|faint|p2a: Sableye
|
|switch|p2a: Cresselia|Cresselia, F|444\/444
|-damage|p2a: Cresselia|389\/444|[from] Stealth Rock
|turn|158
|
|move|p1a: Daario Nahaaris|Roost|p1a: Daario Nahaaris
|-heal|p1a: Daario Nahaaris|297\/353 tox
|move|p2a: Cresselia|Psyshock|p1a: Daario Nahaaris
|-damage|p1a: Daario Nahaaris|231\/353 tox
|
|-heal|p2a: Cresselia|416\/444|[from] item: Leftovers
|-heal|p1a: Daario Nahaaris|275\/353 tox|[from] ability: Poison Heal
|turn|159
|
|move|p1a: Daario Nahaaris|Knock Off|p2a: Cresselia
|-supereffective|p2a: Cresselia
|-damage|p2a: Cresselia|308\/444
|-enditem|p2a: Cresselia|Leftovers|[from] move: Knock Off|[of] p1a: Daario Nahaaris
|move|p2a: Cresselia|Skill Swap|p1a: Daario Nahaaris
|-activate|p2a: Cresselia|move: Skill Swap|Poison Heal|Levitate|[of] p1a: Daario Nahaaris
|
|-damage|p1a: Daario Nahaaris|187\/353 tox|[from] psn
|turn|160
|
|switch|p1a: Arianne Martell|Celebi|359\/404
|-damage|p1a: Arianne Martell|309\/404|[from] Stealth Rock
|move|p2a: Cresselia|Moonlight|p2a: Cresselia
|-heal|p2a: Cresselia|444\/444
|
|-heal|p1a: Arianne Martell|334\/404|[from] item: Leftovers
|turn|161
|
|move|p1a: Arianne Martell|Baton Pass|p1a: Arianne Martell
|
|switch|p1a: Daario Nahaaris|Gliscor, M|187\/353 tox
|-damage|p1a: Daario Nahaaris|143\/353 tox|[from] Stealth Rock
|move|p2a: Cresselia|Toxic|p1a: Daario Nahaaris
|-fail|p1a: Daario Nahaaris|tox
|
|-heal|p1a: Daario Nahaaris|187\/353 tox|[from] ability: Poison Heal
|turn|162
|
|move|p1a: Daario Nahaaris|Taunt|p2a: Cresselia
|-start|p2a: Cresselia|move: Taunt
|move|p2a: Cresselia|Psyshock|p1a: Daario Nahaaris
|-crit|p1a: Daario Nahaaris
|-damage|p1a: Daario Nahaaris|94\/353 tox
|
|-heal|p1a: Daario Nahaaris|138\/353 tox|[from] ability: Poison Heal
|turn|163
|
|move|p1a: Daario Nahaaris|Roost|p1a: Daario Nahaaris
|-heal|p1a: Daario Nahaaris|315\/353 tox
|move|p2a: Cresselia|Psyshock|p1a: Daario Nahaaris
|-damage|p1a: Daario Nahaaris|254\/353 tox
|
|-heal|p1a: Daario Nahaaris|298\/353 tox|[from] ability: Poison Heal
|turn|164
|
|move|p1a: Daario Nahaaris|Knock Off|p2a: Cresselia
|-supereffective|p2a: Cresselia
|-damage|p2a: Cresselia|372\/444
|move|p2a: Cresselia|Psyshock|p1a: Daario Nahaaris
|-damage|p1a: Daario Nahaaris|234\/353 tox
|
|-heal|p1a: Daario Nahaaris|278\/353 tox|[from] ability: Poison Heal
|-end|p2a: Cresselia|move: Taunt
|turn|165
|
|move|p1a: Daario Nahaaris|Taunt|p2a: Cresselia
|-start|p2a: Cresselia|move: Taunt
|move|p2a: Cresselia|Psyshock|p1a: Daario Nahaaris
|-damage|p1a: Daario Nahaaris|217\/353 tox
|
|-heal|p1a: Daario Nahaaris|261\/353 tox|[from] ability: Poison Heal
|turn|166
|
|move|p1a: Daario Nahaaris|Knock Off|p2a: Cresselia
|-supereffective|p2a: Cresselia
|-damage|p2a: Cresselia|294\/444
|move|p2a: Cresselia|Psyshock|p1a: Daario Nahaaris
|-damage|p1a: Daario Nahaaris|194\/353 tox
|
|-heal|p1a: Daario Nahaaris|238\/353 tox|[from] ability: Poison Heal
|turn|167
|
|move|p1a: Daario Nahaaris|Knock Off|p2a: Cresselia
|-supereffective|p2a: Cresselia
|-damage|p2a: Cresselia|214\/444
|move|p2a: Cresselia|Psyshock|p1a: Daario Nahaaris
|-damage|p1a: Daario Nahaaris|177\/353 tox
|
|-heal|p1a: Daario Nahaaris|221\/353 tox|[from] ability: Poison Heal
|-end|p2a: Cresselia|move: Taunt
|turn|168
|
|move|p1a: Daario Nahaaris|Taunt|p2a: Cresselia
|-start|p2a: Cresselia|move: Taunt
|move|p2a: Cresselia|Psyshock|p1a: Daario Nahaaris
|-damage|p1a: Daario Nahaaris|161\/353 tox
|
|-heal|p1a: Daario Nahaaris|205\/353 tox|[from] ability: Poison Heal
|turn|169
|
|move|p1a: Daario Nahaaris|Knock Off|p2a: Cresselia
|-supereffective|p2a: Cresselia
|-damage|p2a: Cresselia|142\/444
|move|p2a: Cresselia|Psyshock|p1a: Daario Nahaaris
|-damage|p1a: Daario Nahaaris|139\/353 tox
|
|-heal|p1a: Daario Nahaaris|183\/353 tox|[from] ability: Poison Heal
|turn|170
|
|move|p1a: Daario Nahaaris|Knock Off|p2a: Cresselia
|-supereffective|p2a: Cresselia
|-damage|p2a: Cresselia|64\/444
|move|p2a: Cresselia|Psyshock|p1a: Daario Nahaaris
|-damage|p1a: Daario Nahaaris|120\/353 tox
|
|-heal|p1a: Daario Nahaaris|164\/353 tox|[from] ability: Poison Heal
|-end|p2a: Cresselia|move: Taunt
|turn|171
|
|move|p1a: Daario Nahaaris|Taunt|p2a: Cresselia
|-start|p2a: Cresselia|move: Taunt
|cant|p2a: Cresselia|move: Taunt|Moonlight
|
|-heal|p1a: Daario Nahaaris|208\/353 tox|[from] ability: Poison Heal
|turn|172
|
|move|p1a: Daario Nahaaris|Roost|p1a: Daario Nahaaris
|-heal|p1a: Daario Nahaaris|353\/353 tox
|move|p2a: Cresselia|Psyshock|p1a: Daario Nahaaris
|-damage|p1a: Daario Nahaaris|293\/353 tox
|
|-heal|p1a: Daario Nahaaris|337\/353 tox|[from] ability: Poison Heal
|turn|173
|
|move|p1a: Daario Nahaaris|Knock Off|p2a: Cresselia
|-supereffective|p2a: Cresselia
|-damage|p2a: Cresselia|0 fnt
|faint|p2a: Cresselia
|
|-heal|p1a: Daario Nahaaris|353\/353 tox|[from] ability: Poison Heal
|
|switch|p2a: Chansey|Chansey, F|573\/703
|-damage|p2a: Chansey|486\/703|[from] Stealth Rock
|turn|174
|
|move|p1a: Daario Nahaaris|Taunt|p2a: Chansey
|-start|p2a: Chansey|move: Taunt
|move|p2a: Chansey|Seismic Toss|p1a: Daario Nahaaris
|-damage|p1a: Daario Nahaaris|253\/353 tox
|
|-heal|p1a: Daario Nahaaris|297\/353 tox|[from] ability: Poison Heal
|turn|175
|
|move|p1a: Daario Nahaaris|Knock Off|p2a: Chansey
|-damage|p2a: Chansey|396\/703
|-enditem|p2a: Chansey|Eviolite|[from] move: Knock Off|[of] p1a: Daario Nahaaris
|move|p2a: Chansey|Seismic Toss|p1a: Daario Nahaaris
|-damage|p1a: Daario Nahaaris|197\/353 tox
|
|-heal|p1a: Daario Nahaaris|241\/353 tox|[from] ability: Poison Heal
|turn|176
|
|move|p1a: Daario Nahaaris|Earthquake|p2a: Chansey
|-damage|p2a: Chansey|185\/703
|move|p2a: Chansey|Seismic Toss|p1a: Daario Nahaaris
|-damage|p1a: Daario Nahaaris|141\/353 tox
|
|-heal|p1a: Daario Nahaaris|185\/353 tox|[from] ability: Poison Heal
|-end|p2a: Chansey|move: Taunt
|turn|177
|
|move|p1a: Daario Nahaaris|Taunt|p2a: Chansey
|-start|p2a: Chansey|move: Taunt
|move|p2a: Chansey|Seismic Toss|p1a: Daario Nahaaris
|-damage|p1a: Daario Nahaaris|85\/353 tox
|
|-heal|p1a: Daario Nahaaris|129\/353 tox|[from] ability: Poison Heal
|turn|178
|
|move|p1a: Daario Nahaaris|Roost|p1a: Daario Nahaaris
|-heal|p1a: Daario Nahaaris|306\/353 tox
|move|p2a: Chansey|Seismic Toss|p1a: Daario Nahaaris
|-damage|p1a: Daario Nahaaris|206\/353 tox
|
|-heal|p1a: Daario Nahaaris|250\/353 tox|[from] ability: Poison Heal
|turn|179
|
|move|p1a: Daario Nahaaris|Earthquake|p2a: Chansey
|-damage|p2a: Chansey|0 fnt
|faint|p2a: Chansey
|
|-heal|p1a: Daario Nahaaris|294\/353 tox|[from] ability: Poison Heal
|
|switch|p2a: Quagsire|Quagsire, F|255\/393 brn
|-damage|p2a: Quagsire|231\/393 brn|[from] Stealth Rock
|turn|180
|
|move|p1a: Daario Nahaaris|Taunt|p2a: Quagsire
|-start|p2a: Quagsire|move: Taunt
|move|p2a: Quagsire|Scald|p1a: Daario Nahaaris
|-supereffective|p1a: Daario Nahaaris
|-damage|p1a: Daario Nahaaris|172\/353 tox
|
|-heal|p1a: Daario Nahaaris|216\/353 tox|[from] ability: Poison Heal
|-damage|p2a: Quagsire|182\/393 brn|[from] brn
|turn|181
|
|move|p1a: Daario Nahaaris|Knock Off|p2a: Quagsire
|-damage|p2a: Quagsire|143\/393 brn
|move|p2a: Quagsire|Scald|p1a: Daario Nahaaris
|-supereffective|p1a: Daario Nahaaris
|-damage|p1a: Daario Nahaaris|96\/353 tox
|
|-heal|p1a: Daario Nahaaris|140\/353 tox|[from] ability: Poison Heal
|-damage|p2a: Quagsire|94\/393 brn|[from] brn
|turn|182
|
|move|p1a: Daario Nahaaris|Roost|p1a: Daario Nahaaris
|-heal|p1a: Daario Nahaaris|317\/353 tox
|move|p2a: Quagsire|Scald|p1a: Daario Nahaaris
|-supereffective|p1a: Daario Nahaaris
|-damage|p1a: Daario Nahaaris|191\/353 tox
|
|-heal|p1a: Daario Nahaaris|235\/353 tox|[from] ability: Poison Heal
|-damage|p2a: Quagsire|45\/393 brn|[from] brn
|-end|p2a: Quagsire|move: Taunt
|turn|183
|
|move|p1a: Daario Nahaaris|Taunt|p2a: Quagsire
|-start|p2a: Quagsire|move: Taunt
|move|p2a: Quagsire|Scald|p1a: Daario Nahaaris
|-crit|p1a: Daario Nahaaris
|-supereffective|p1a: Daario Nahaaris
|-damage|p1a: Daario Nahaaris|55\/353 tox
|
|-heal|p1a: Daario Nahaaris|99\/353 tox|[from] ability: Poison Heal
|-damage|p2a: Quagsire|0 fnt|[from] brn
|faint|p2a: Quagsire
|c|âRSMessiii|gg
|
|switch|p2a: Skarmory|Skarmory, F|100\/334
|-damage|p2a: Skarmory|59\/334|[from] Stealth Rock
|turn|184
|
|move|p1a: Daario Nahaaris|Taunt|p2a: Skarmory
|-start|p2a: Skarmory|move: Taunt
|cant|p2a: Skarmory|move: Taunt|Spikes
|
|-heal|p1a: Daario Nahaaris|143\/353 tox|[from] ability: Poison Heal
|turn|185
|
|switch|p1a: Berristan Selmy|Slowbro, F|393\/393
|-damage|p1a: Berristan Selmy|344\/393|[from] Stealth Rock
|move|p2a: Skarmory|Counter|p1a: Berristan Selmy
|-fail|p1a: Berristan Selmy
|
|turn|186
|
|detailschange|p1a: Berristan Selmy|Slowbro-Mega, F
|message|Slowbro has Mega Evolved into Mega Slowbro!
|move|p1a: Berristan Selmy|Calm Mind|p1a: Berristan Selmy
|-boost|p1a: Berristan Selmy|spa|1
|-boost|p1a: Berristan Selmy|spd|1
|move|p2a: Skarmory|Counter|p1a: Berristan Selmy
|-fail|p1a: Berristan Selmy
|
|-end|p2a: Skarmory|move: Taunt
|turn|187
|
|move|p2a: Skarmory|Spikes|p1a: Berristan Selmy
|-sidestart|p1: RSMessiii|Spikes
|move|p1a: Berristan Selmy|Calm Mind|p1a: Berristan Selmy
|-boost|p1a: Berristan Selmy|spa|1
|-boost|p1a: Berristan Selmy|spd|1
|
|turn|188
|
|move|p2a: Skarmory|Spikes|p1a: Berristan Selmy
|-sidestart|p1: RSMessiii|Spikes
|move|p1a: Berristan Selmy|Scald|p2a: Skarmory
|-damage|p2a: Skarmory|0 fnt
|faint|p2a: Skarmory
|
|win|RSMessiii
|raw|Ladder updating...
|raw|RSMessiii's rating: 1774 &rarr; <strong>1798<\/strong><br \/>(+24 for winning)
|raw|CleanerThanRotom-W's rating: 1847 &rarr; <strong>1823<\/strong><br \/>(-24 for losing)
|leave|CleanerThanRotom-W
|player|p2