|join|RSMessiii
|join|SunnyORAS
|player|p1|RSMessiii|266
|player|p2|SunnyORAS|169
|gametype|singles
|gen|6
|tier|OU
|rated
|clearpoke
|poke|p1|Gliscor, M
|poke|p1|Clefable, M
|poke|p1|Chansey, F
|poke|p1|Slowbro, F
|poke|p1|Scizor, F
|poke|p1|Celebi
|poke|p2|Scizor, M, shiny
|poke|p2|Manaphy, shiny
|poke|p2|Thundurus, M
|poke|p2|Landorus-Therian, M
|poke|p2|Cobalion
|poke|p2|Latios, M
|rule|Swagger Clause: Swagger is banned
|rule|Baton Pass Clause: Limit one PokÃ©mon knowing Baton Pass
|rule|Sleep Clause Mod: Limit one foe put to sleep
|rule|Species Clause: Limit one of each PokÃ©mon
|rule|OHKO Clause: OHKO moves are banned
|rule|Moody Clause: Moody is banned
|rule|Evasion Moves Clause: Evasion moves are banned
|rule|Endless Battle Clause: Forcing endless battles is banned
|rule|HP Percentage Mod: HP is shown in percentages
|teampreview
|
|start
|switch|p1a: Slowbro|Slowbro, F|393\/393
|switch|p2a: Landorus-Therian|Landorus-Therian, M|381\/381
|-ability|p2a: Landorus-Therian|Intimidate|[of] p1a: Slowbro
|-unboost|p1a: Slowbro|atk|1
|turn|1
|
|move|p2a: Landorus-Therian|Stealth Rock|p1a: Slowbro
|-sidestart|p1: RSMessiii|move: Stealth Rock
|move|p1a: Slowbro|Scald|p2a: Landorus-Therian
|-supereffective|p2a: Landorus-Therian
|-damage|p2a: Landorus-Therian|169\/381
|
|-heal|p2a: Landorus-Therian|192\/381|[from] item: Leftovers
|turn|2
|
|move|p2a: Landorus-Therian|U-turn|p1a: Slowbro
|-supereffective|p1a: Slowbro
|-damage|p1a: Slowbro|289\/393
|
|switch|p2a: Thundurus|Thundurus, M|299\/299
|move|p1a: Slowbro|Scald|p2a: Thundurus
|-damage|p2a: Thundurus|187\/299
|
|-heal|p2a: Thundurus|205\/299|[from] item: Leftovers
|-heal|p1a: Slowbro|313\/393|[from] item: Leftovers
|turn|3
|
|switch|p1a: Celebi|Celebi|404\/404
|-damage|p1a: Celebi|354\/404|[from] Stealth Rock
|move|p2a: Thundurus|Volt Switch|p1a: Celebi
|-resisted|p1a: Celebi
|-damage|p1a: Celebi|309\/404
|
|switch|p2a: Landorus-Therian|Landorus-Therian, M|192\/381
|-ability|p2a: Landorus-Therian|Intimidate|[of] p1a: Celebi
|-unboost|p1a: Celebi|atk|1
|
|-heal|p1a: Celebi|334\/404|[from] item: Leftovers
|-heal|p2a: Landorus-Therian|215\/381|[from] item: Leftovers
|turn|4
|
|switch|p1a: Slowbro|Slowbro, F|393\/393
|-damage|p1a: Slowbro|344\/393|[from] Stealth Rock
|move|p2a: Landorus-Therian|U-turn|p1a: Slowbro
|-supereffective|p1a: Slowbro
|-damage|p1a: Slowbro|246\/393
|
|switch|p2a: Scizor|Scizor, M, shiny|291\/291
|
|-heal|p1a: Slowbro|270\/393|[from] item: Leftovers
|turn|5
|
|switch|p2a: Manaphy|Manaphy, shiny|351\/351
|move|p1a: Slowbro|Fire Blast|p2a: Manaphy
|-resisted|p2a: Manaphy
|-damage|p2a: Manaphy|311\/351
|
|-heal|p2a: Manaphy|332\/351|[from] item: Leftovers
|-heal|p1a: Slowbro|294\/393|[from] item: Leftovers
|turn|6
|
|switch|p1a: Celebi|Celebi|334\/404
|-damage|p1a: Celebi|284\/404|[from] Stealth Rock
|move|p2a: Manaphy|Tail Glow|p2a: Manaphy
|-boost|p2a: Manaphy|spa|3
|
|-heal|p2a: Manaphy|351\/351|[from] item: Leftovers
|-heal|p1a: Celebi|309\/404|[from] item: Leftovers
|turn|7
|
|switch|p2a: Scizor|Scizor, M, shiny|291\/291
|move|p1a: Celebi|Giga Drain|p2a: Scizor
|-resisted|p2a: Scizor
|-damage|p2a: Scizor|264\/291
|-heal|p1a: Celebi|323\/404|[from] drain|[of] p2a: Scizor
|
|-heal|p1a: Celebi|348\/404|[from] item: Leftovers
|turn|8
|
|detailschange|p2a: Scizor|Scizor-Mega, M, shiny
|message|Scizor has Mega Evolved into Mega Scizor!
|move|p1a: Celebi|U-turn|p2a: Scizor
|-resisted|p2a: Scizor
|-damage|p2a: Scizor|245\/291
|
|switch|p1a: Scizor|Scizor, F|343\/343
|-damage|p1a: Scizor|301\/343|[from] Stealth Rock
|move|p2a: Scizor|Bug Bite|p1a: Scizor
|-resisted|p1a: Scizor
|-damage|p1a: Scizor|232\/343
|
|turn|9
|
|switch|p2a: Cobalion|Cobalion|358\/358
|detailschange|p1a: Scizor|Scizor-Mega, F
|message|Scizor has Mega Evolved into Mega Scizor!
|move|p1a: Scizor|Defog|p2a: Cobalion
|-unboost|p2a: Cobalion|evasion|1
|-sideend|p1: RSMessiii|Stealth Rock|[from] move: Defog|[of] p1a: Scizor
|
|turn|10
|
|switch|p1a: Gliscor|Gliscor, M|353\/353
|move|p2a: Cobalion|Taunt|p1a: Gliscor
|-start|p1a: Gliscor|move: Taunt
|
|-status|p1a: Gliscor|tox|[from] item: Toxic Orb
|turn|11
|
|switch|p2a: Landorus-Therian|Landorus-Therian, M|215\/381
|-ability|p2a: Landorus-Therian|Intimidate|[of] p1a: Gliscor
|-unboost|p1a: Gliscor|atk|1
|move|p1a: Gliscor|Knock Off|p2a: Landorus-Therian
|-damage|p2a: Landorus-Therian|177\/381
|-enditem|p2a: Landorus-Therian|Leftovers|[from] move: Knock Off|[of] p1a: Gliscor
|
|turn|12
|
|switch|p1a: Scizor|Scizor-Mega, F|232\/343
|move|p2a: Landorus-Therian|Stealth Rock|p1a: Scizor
|-sidestart|p1: RSMessiii|move: Stealth Rock
|
|turn|13
|
|move|p2a: Landorus-Therian|Earthquake|p1a: Scizor
|-damage|p1a: Scizor|148\/343
|move|p1a: Scizor|Defog|p2a: Landorus-Therian
|-unboost|p2a: Landorus-Therian|evasion|1
|-sideend|p1: RSMessiii|Stealth Rock|[from] move: Defog|[of] p1a: Scizor
|
|turn|14
|
|move|p2a: Landorus-Therian|U-turn|p1a: Scizor
|-resisted|p1a: Scizor
|-damage|p1a: Scizor|127\/343
|
|switch|p2a: Manaphy|Manaphy, shiny|351\/351
|move|p1a: Scizor|Roost|p1a: Scizor
|-heal|p1a: Scizor|299\/343
|
|turn|15
|
|move|p2a: Manaphy|Tail Glow|p2a: Manaphy
|-boost|p2a: Manaphy|spa|3
|move|p1a: Scizor|U-turn|p2a: Manaphy
|-damage|p2a: Manaphy|237\/351
|
|switch|p1a: Celebi|Celebi|348\/404
|
|-heal|p2a: Manaphy|258\/351|[from] item: Leftovers
|-heal|p1a: Celebi|373\/404|[from] item: Leftovers
|turn|16
|
|switch|p2a: Latios|Latios, M|301\/301
|move|p1a: Celebi|Giga Drain|p2a: Latios
|-resisted|p2a: Latios
|-damage|p2a: Latios|258\/301
|-heal|p1a: Celebi|395\/404|[from] drain|[of] p2a: Latios
|
|-heal|p1a: Celebi|404\/404|[from] item: Leftovers
|turn|17
|
|switch|p2a: Scizor|Scizor-Mega, M, shiny|245\/291
|move|p1a: Celebi|U-turn|p2a: Scizor
|-resisted|p2a: Scizor
|-damage|p2a: Scizor|225\/291
|
|switch|p1a: Slowbro|Slowbro, F|393\/393
|
|turn|18
|
|switch|p2a: Latios|Latios, M|258\/301
|move|p1a: Slowbro|Scald|p2a: Latios
|-resisted|p2a: Latios
|-damage|p2a: Latios|213\/301
|-status|p2a: Latios|brn
|
|-damage|p2a: Latios|176\/301 brn|[from] brn
|turn|19
|
|switch|p1a: Clefable|Clefable, M|393\/393
|move|p2a: Latios|Trick|p1a: Clefable
|-activate|p2a: Latios|move: Trick|[of] p1a: Clefable
|-item|p1a: Clefable|Choice Scarf|[from] move: Trick
|-item|p2a: Latios|Leftovers|[from] move: Trick
|
|-heal|p2a: Latios|194\/301 brn|[from] item: Leftovers
|-damage|p2a: Latios|157\/301 brn|[from] brn
|turn|20
|
|switch|p2a: Cobalion|Cobalion|358\/358
|switch|p1a: Celebi|Celebi|404\/404
|
|turn|21
|
|move|p2a: Cobalion|Taunt|p1a: Celebi
|-start|p1a: Celebi|move: Taunt
|move|p1a: Celebi|U-turn|p2a: Cobalion
|-resisted|p2a: Cobalion
|-damage|p2a: Cobalion|349\/358
|
|switch|p1a: Slowbro|Slowbro, F|393\/393
|
|-heal|p2a: Cobalion|358\/358|[from] item: Leftovers
|turn|22
|
|move|p2a: Cobalion|Volt Switch|p1a: Slowbro
|-supereffective|p1a: Slowbro
|-damage|p1a: Slowbro|293\/393
|
|switch|p2a: Manaphy|Manaphy, shiny|258\/351
|move|p1a: Slowbro|Scald|p2a: Manaphy
|-resisted|p2a: Manaphy
|-damage|p2a: Manaphy|209\/351
|
|-heal|p2a: Manaphy|230\/351|[from] item: Leftovers
|-heal|p1a: Slowbro|317\/393|[from] item: Leftovers
|turn|23
|
|switch|p1a: Celebi|Celebi|404\/404
|move|p2a: Manaphy|Scald|p1a: Celebi
|-resisted|p1a: Celebi
|-damage|p1a: Celebi|356\/404
|-status|p1a: Celebi|brn
|
|-heal|p2a: Manaphy|251\/351|[from] item: Leftovers
|-heal|p1a: Celebi|381\/404 brn|[from] item: Leftovers
|-damage|p1a: Celebi|331\/404 brn|[from] brn
|turn|24
|
|switch|p2a: Latios|Latios, M|157\/301 brn
|move|p1a: Celebi|U-turn|p2a: Latios
|-supereffective|p2a: Latios
|-damage|p2a: Latios|97\/301 brn
|
|switch|p1a: Chansey|Chansey, F|703\/703
|
|-heal|p2a: Latios|115\/301 brn|[from] item: Leftovers
|-damage|p2a: Latios|78\/301 brn|[from] brn
|turn|25
|
|switch|p2a: Landorus-Therian|Landorus-Therian, M|177\/381
|-ability|p2a: Landorus-Therian|Intimidate|[of] p1a: Chansey
|-unboost|p1a: Chansey|atk|1
|move|p1a: Chansey|Stealth Rock|p2a: Landorus-Therian
|-sidestart|p2: SunnyORAS|move: Stealth Rock
|
|turn|26
|
|switch|p1a: Gliscor|Gliscor, M|353\/353 tox
|move|p2a: Landorus-Therian|Stealth Rock|p1a: Gliscor
|-sidestart|p1: RSMessiii|move: Stealth Rock
|
|turn|27
|
|move|p1a: Gliscor|Knock Off|p2a: Landorus-Therian
|-damage|p2a: Landorus-Therian|141\/381
|move|p2a: Landorus-Therian|U-turn|p1a: Gliscor
|-resisted|p1a: Gliscor
|-damage|p1a: Gliscor|322\/353 tox
|
|switch|p2a: Manaphy|Manaphy, shiny|251\/351
|-damage|p2a: Manaphy|208\/351|[from] Stealth Rock
|
|-heal|p2a: Manaphy|229\/351|[from] item: Leftovers
|-heal|p1a: Gliscor|353\/353 tox|[from] ability: Poison Heal
|turn|28
|
|switch|p1a: Celebi|Celebi|331\/404
|-damage|p1a: Celebi|281\/404|[from] Stealth Rock
|move|p2a: Manaphy|Scald|p1a: Celebi
|-resisted|p1a: Celebi
|-damage|p1a: Celebi|231\/404
|-status|p1a: Celebi|brn
|
|-heal|p2a: Manaphy|250\/351|[from] item: Leftovers
|-heal|p1a: Celebi|256\/404 brn|[from] item: Leftovers
|-damage|p1a: Celebi|206\/404 brn|[from] brn
|turn|29
|
|switch|p2a: Scizor|Scizor-Mega, M, shiny|225\/291
|-damage|p2a: Scizor|189\/291|[from] Stealth Rock
|move|p1a: Celebi|Recover|p1a: Celebi
|-heal|p1a: Celebi|404\/404 brn
|
|-damage|p1a: Celebi|354\/404 brn|[from] brn
|turn|30
|
|move|p2a: Scizor|Swords Dance|p2a: Scizor
|-boost|p2a: Scizor|atk|2
|move|p1a: Celebi|U-turn|p2a: Scizor
|-resisted|p2a: Scizor
|-damage|p2a: Scizor|180\/291
|
|switch|p1a: Slowbro|Slowbro, F|393\/393
|-damage|p1a: Slowbro|344\/393|[from] Stealth Rock
|
|-heal|p1a: Slowbro|368\/393|[from] item: Leftovers
|turn|31
|c|âRSMessiii|no calc allowed :P
|c|âSunnyORAS|:P
|
|move|p2a: Scizor|Bug Bite|p1a: Slowbro
|-supereffective|p1a: Slowbro
|-damage|p1a: Slowbro|0 fnt
|faint|p1a: Slowbro
|
|
|switch|p1a: Gliscor|Gliscor, M|353\/353 tox
|-damage|p1a: Gliscor|309\/353 tox|[from] Stealth Rock
|turn|32
|
|move|p2a: Scizor|Bullet Punch|p1a: Gliscor
|-damage|p1a: Gliscor|96\/353 tox
|move|p1a: Gliscor|Taunt|p2a: Scizor
|-start|p2a: Scizor|move: Taunt
|
|-heal|p1a: Gliscor|140\/353 tox|[from] ability: Poison Heal
|turn|33
|-message|RSMessiii forfeited.
|
|win|SunnyORAS
|raw|Ladder updating...
|leave|RSMessiii
|player|p1
|raw|RSMessiii's rating: 1597 &rarr; <strong>1571<\/strong><br \/>(-26 for losing)
|raw|SunnyORAS's rating: 1488 &rarr; <strong>1514<\/strong><br \/>(+26 for winning)
|c|âSunnyORAS|ggz
|c|âSunnyORAS|hue