|join|RSMessiii
|join|iplaytennislol
|player|p1|RSMessiii|169
|player|p2|iplaytennislol|175
|gametype|singles
|gen|6
|tier|OU
|rated
|clearpoke
|poke|p1|Gliscor, M
|poke|p1|Clefable, M
|poke|p1|Chansey, F
|poke|p1|Slowbro, F
|poke|p1|Skarmory, M
|poke|p1|Celebi
|poke|p2|Excadrill, M
|poke|p2|Azelf
|poke|p2|Pinsir, F
|poke|p2|Thundurus, M
|poke|p2|Keldeo
|poke|p2|Kyurem-Black
|rule|Swagger Clause: Swagger is banned
|rule|Baton Pass Clause: Limit one PokÃ©mon knowing Baton Pass
|rule|Sleep Clause Mod: Limit one foe put to sleep
|rule|Species Clause: Limit one of each PokÃ©mon
|rule|OHKO Clause: OHKO moves are banned
|rule|Moody Clause: Moody is banned
|rule|Evasion Moves Clause: Evasion moves are banned
|rule|Endless Battle Clause: Forcing endless battles is banned
|rule|HP Percentage Mod: HP is shown in percentages
|teampreview
|join|Gizmo
|join|QueenOfLuvdiscs
|join|yrs
|join|WECAMEASROMANS
|join|tst_100
|join|HI ROLL
|join|PuddlesA1
|c| HI ROLL|LOL
|join|Dragonite VII
|c| Gizmo|man
|c| Gizmo|you have
|c| Gizmo|so many
|c| Gizmo|pink pokemon
|c| HI ROLL|only 3
|join|Cosine180
|c| Gizmo|that's a lot
|c| HI ROLL|some teams have like 4\/5
|c| HI ROLL|lol
|c| Dragonite VII|Is celebi there for manaphy?
|join|MoB Barley
|c| Gizmo|tennis
|c| Dragonite VII|or is there some other purpose?
|c| Gizmo|you have a kyub and a pinsir
|join|Squirrelll
|c|âiplaytennislol|gizmo
|join|Starmaster
|c|âiplaytennislol|ik
|c|âiplaytennislol|i got to play them well
|c| Gizmo|i don't want to see you lose this
|c| Cosine180|another team that gets 6:0ed by gardevoir zzz
|c|âiplaytennislol|im pretty bad so
|c|âiplaytennislol|idk
|c| HI ROLL|also u have thund
|join|IHSAHN2
|c| Cosine180|gotta use that more
|c| HI ROLL|gootta be mixed knock off
|c| Gizmo|garde pins and scizor
|c| HI ROLL|,,,
|c| WECAMEASROMANS|damn i wish my girlfriend's vagina was as pink as that team
|c| Gizmo|are the old megas
|
|start
|switch|p1a: Daario Nahaaris|Gliscor, M|353\/353
|switch|p2a: Azelf|Azelf|291\/291
|turn|1
|c| WECAMEASROMANS|too bad she's black
|c| Gizmo|that are dirtier now
|
|move|p2a: Azelf|Taunt|p1a: Daario Nahaaris
|-start|p1a: Daario Nahaaris|move: Taunt
|move|p1a: Daario Nahaaris|Knock Off|p2a: Azelf
|-supereffective|p2a: Azelf
|-damage|p2a: Azelf|75\/291
|-enditem|p2a: Azelf|Focus Sash|[from] move: Knock Off|[of] p1a: Daario Nahaaris
|
|-status|p1a: Daario Nahaaris|tox|[from] item: Toxic Orb
|turn|2
|c| Gizmo|pics or gtfo romans
|c| Starmaster|wcar is a shit
|join|boob inspector
|c| MoB Barley|romans
|
|move|p2a: Azelf|Stealth Rock|p1a: Daario Nahaaris
|-sidestart|p1: RSMessiii|move: Stealth Rock
|move|p1a: Daario Nahaaris|Knock Off|p2a: Azelf
|-supereffective|p2a: Azelf
|-damage|p2a: Azelf|0 fnt
|faint|p2a: Azelf
|
|c| Dragonite VII|oml romans
|c| MoB Barley|u said ur gf was a red head
|
|switch|p2a: Keldeo|Keldeo|323\/323
|turn|3
|c| HI ROLL|^
|c| Gizmo|romans has one for every day of the week
|c| Starmaster|she had black hair
|leave|Cosine180
|c| Dragonite VII|he has no gf
|
|switch|p1a: Berristan Selmy|Slowbro, F|393\/393
|-damage|p1a: Berristan Selmy|344\/393|[from] Stealth Rock
|move|p2a: Keldeo|Scald|p1a: Berristan Selmy
|-resisted|p1a: Berristan Selmy
|-damage|p1a: Berristan Selmy|217\/393
|-status|p1a: Berristan Selmy|brn
|
|-damage|p1a: Berristan Selmy|168\/393 brn|[from] brn
|turn|4
|c| WECAMEASROMANS|black girls can be redheads
|c| Starmaster|in the pics he showed
|c| Starmaster|lol
|c| Dragonite VII|hello?
|c| Gizmo|wait
|c| Gizmo|LOL NIGGA
|c| Gizmo|PICS PLZ
|c| HI ROLL|lol wcar,
|
|switch|p1a: Arianne Martell|Celebi|404\/404
|-damage|p1a: Arianne Martell|354\/404|[from] Stealth Rock
|move|p2a: Keldeo|Scald|p1a: Arianne Martell
|-resisted|p1a: Arianne Martell
|-damage|p1a: Arianne Martell|280\/404
|
|-heal|p1a: Arianne Martell|305\/404|[from] item: Leftovers
|turn|5
|c| MoB Barley|romans
|c| Starmaster|HIS GIRLFRIEND IS CHINESE
|c| MoB Barley|gtfo
|c| Starmaster|HE SHARED PICS ONCE
|
|move|p2a: Keldeo|Scald|p1a: Arianne Martell
|-resisted|p1a: Arianne Martell
|-damage|p1a: Arianne Martell|231\/404
|move|p1a: Arianne Martell|Giga Drain|p2a: Keldeo
|-supereffective|p2a: Keldeo
|-damage|p2a: Keldeo|141\/323
|-heal|p1a: Arianne Martell|322\/404|[from] drain|[of] p2a: Keldeo
|
|-heal|p1a: Arianne Martell|347\/404|[from] item: Leftovers
|turn|6
|c| WECAMEASROMANS|..
|c| Gizmo|nah
|join|I'm Bi...sharp
|c| HI ROLL|loool
|c| Gizmo|romans broke up with one of em
|
|move|p2a: Keldeo|Scald|p1a: Arianne Martell
|-resisted|p1a: Arianne Martell
|-damage|p1a: Arianne Martell|265\/404
|move|p1a: Arianne Martell|Baton Pass|p1a: Arianne Martell
|c| Gizmo|cuz he has that stupid ass alt
|
|switch|p1a: Missandei|Chansey, F|703\/703
|-damage|p1a: Missandei|616\/703|[from] Stealth Rock
|
|turn|7
|join|based n bad
|
|switch|p2a: Excadrill|Excadrill, M|362\/362
|-ability|p2a: Excadrill|Mold Breaker
|move|p1a: Missandei|Stealth Rock|p2a: Excadrill
|-sidestart|p2: iplaytennislol|move: Stealth Rock
|
|turn|8
|c| WECAMEASROMANS|lol FUK U KATIE?
|
|switch|p1a: Jorah Mormont|Skarmory, M|333\/333
|-damage|p1a: Jorah Mormont|292\/333|[from] Stealth Rock
|move|p2a: Excadrill|Rapid Spin|p1a: Jorah Mormont
|-resisted|p1a: Jorah Mormont
|-damage|p1a: Jorah Mormont|285\/333
|-sideend|p2: iplaytennislol|Stealth Rock|[from] move: Rapid Spin|[of] p2a: Excadrill
|
|turn|9
|c| Gizmo|yus
|c| WECAMEASROMANS|katie was sum other bitch
|c| WECAMEASROMANS|like a year ago
|
|switch|p2a: Thundurus|Thundurus, M|299\/299
|move|p1a: Jorah Mormont|Defog|p2a: Thundurus
|-unboost|p2a: Thundurus|evasion|1
|-sideend|p1: RSMessiii|Stealth Rock|[from] move: Defog|[of] p1a: Jorah Mormont
|
|turn|10
|c| boob inspector|i agree fuk katie
|join|Too much swog
|c| boob inspector|sensually
|c| WECAMEASROMANS|she gave gud head tho ngl
|c| Dragonite VII|np thundy pls
|
|switch|p1a: Daenerys Targayren|Clefable, M|393\/393
|move|p2a: Thundurus|Knock Off|p1a: Daenerys Targayren
|-resisted|p1a: Daenerys Targayren
|-damage|p1a: Daenerys Targayren|332\/393
|-enditem|p1a: Daenerys Targayren|Leftovers|[from] move: Knock Off|[of] p2a: Thundurus
|-damage|p2a: Thundurus|270\/299|[from] item: Life Orb
|
|turn|11
|c| MoB Barley|dragonite
|c| Gizmo|np lo 3 attacks
|c| Gizmo|oh alright
|c| MoB Barley|is romans talking that ish
|c| Gizmo|basic bitch
|
|switch|p2a: Excadrill|Excadrill, M|362\/362
|-ability|p2a: Excadrill|Mold Breaker
|move|p1a: Daenerys Targayren|Wish|p1a: Daenerys Targayren
|
|turn|12
|c| Dragonite VII|lmao
|
|switch|p2a: Kyurem-Black|Kyurem-Black|391\/391
|-ability|p2a: Kyurem-Black|Teravolt
|switch|p1a: Berristan Selmy|Slowbro, F|299\/393 brn
|
|-heal|p1a: Berristan Selmy|393\/393 brn|[from] move: Wish|[wisher] Daenerys Targayren
|-damage|p1a: Berristan Selmy|344\/393 brn|[from] brn
|turn|13
|
|move|p2a: Kyurem-Black|Fusion Bolt|p1a: Berristan Selmy
|-supereffective|p1a: Berristan Selmy
|-damage|p1a: Berristan Selmy|53\/393 brn
|-damage|p2a: Kyurem-Black|352\/391|[from] item: Life Orb
|move|p1a: Berristan Selmy|Fire Blast|p2a: Kyurem-Black
|-damage|p2a: Kyurem-Black|242\/391
|
|-damage|p1a: Berristan Selmy|4\/393 brn|[from] brn
|turn|14
|c| MoB Barley|romans
|c| WECAMEASROMANS|OW
|c| WECAMEASROMANS|wut
|c| HI ROLL|l0l
|c| Starmaster|pursuit now
|
|move|p2a: Kyurem-Black|Ice Beam|p1a: Berristan Selmy
|-resisted|p1a: Berristan Selmy
|-damage|p1a: Berristan Selmy|0 fnt
|-damage|p2a: Kyurem-Black|203\/391|[from] item: Life Orb
|faint|p1a: Berristan Selmy
|
|c| MoB Barley|ur gf is a black red head
|c| MoB Barley|y\/n
|c| WECAMEASROMANS|n
|c| WECAMEASROMANS|shes white
|
|switch|p1a: Daenerys Targayren|Clefable, M|332\/393
|turn|15
|join|sugarhigh
|c| WECAMEASROMANS|twas a joke
|
|switch|p2a: Excadrill|Excadrill, M|362\/362
|-ability|p2a: Excadrill|Mold Breaker
|move|p1a: Daenerys Targayren|Moonblast|p2a: Excadrill
|-resisted|p2a: Excadrill
|-damage|p2a: Excadrill|290\/362
|-unboost|p2a: Excadrill|spa|1
|
|turn|16
|
|switch|p2a: Kyurem-Black|Kyurem-Black|203\/391
|-ability|p2a: Kyurem-Black|Teravolt
|move|p1a: Daenerys Targayren|Protect|p1a: Daenerys Targayren
|-fail|p1a: Daenerys Targayren
|
|turn|17
|c| MoB Barley|ur gf is a chinese ginger
|c| MoB Barley|y\/n
|
|switch|p2a: Excadrill|Excadrill, M|290\/362
|-ability|p2a: Excadrill|Mold Breaker
|move|p1a: Daenerys Targayren|Moonblast|p2a: Excadrill
|-resisted|p2a: Excadrill
|-damage|p2a: Excadrill|211\/362
|
|turn|18
|c| HI ROLL|WECAMEASROMANS: too bad she's black
|c| WECAMEASROMANS|n
|c| WECAMEASROMANS|i just said
|c| Starmaster|chinese whore
|c| WECAMEASROMANS|shes white
|
|switch|p2a: Kyurem-Black|Kyurem-Black|203\/391
|-ability|p2a: Kyurem-Black|Teravolt
|switch|p1a: Jorah Mormont|Skarmory, M|285\/333
|
|turn|19
|c| MoB Barley|she's middle eastern?
|c| sugarhigh|wcar
|
|move|p2a: Kyurem-Black|Fusion Bolt|p1a: Jorah Mormont
|-supereffective|p1a: Jorah Mormont
|-damage|p1a: Jorah Mormont|54\/333
|-damage|p2a: Kyurem-Black|164\/391|[from] item: Life Orb
|move|p1a: Jorah Mormont|Roost|p1a: Jorah Mormont
|-heal|p1a: Jorah Mormont|221\/333
|
|turn|20
|c| sugarhigh|give
|c| sugarhigh|me nudes
|join|The Goomster
|c| sugarhigh|yn
|c| WECAMEASROMANS|n :c
|c| WECAMEASROMANS|those bewbies are mine
|c| sugarhigh|i will repay u with teams
|c| sugarhigh|yn
|c| WECAMEASROMANS|fck u
|c| sugarhigh|:3
|
|switch|p1a: Missandei|Chansey, F|616\/703
|move|p2a: Kyurem-Black|Ice Beam|p1a: Missandei
|-damage|p1a: Missandei|519\/703
|-damage|p2a: Kyurem-Black|125\/391|[from] item: Life Orb
|
|turn|21
|c| boob inspector|wecameasromans
|c| boob inspector|I eed the pics
|c| boob inspector|to inspect her boobs
|
|switch|p2a: Excadrill|Excadrill, M|211\/362
|-ability|p2a: Excadrill|Mold Breaker
|move|p1a: Missandei|Seismic Toss|p2a: Excadrill
|-damage|p2a: Excadrill|111\/362
|
|turn|22
|
|move|p2a: Excadrill|Iron Head|p1a: Missandei
|-damage|p1a: Missandei|294\/703
|cant|p1a: Missandei|flinch
|
|turn|23
|c| Starmaster|wcar thats prob an offer
|
|move|p2a: Excadrill|Iron Head|p1a: Missandei
|-damage|p1a: Missandei|78\/703
|cant|p1a: Missandei|flinch
|
|turn|24
|c| Starmaster|u shud take nigga
|c|âiplaytennislol|ez
|join|Polarance
|c| Starmaster|LOL tennis god
|c| MoB Barley|lol
|c| HI ROLL|LOL
|
|switch|p1a: Jorah Mormont|Skarmory, M|221\/333
|move|p2a: Excadrill|Iron Head|p1a: Jorah Mormont
|-resisted|p1a: Jorah Mormont
|-damage|p1a: Jorah Mormont|181\/333
|
|turn|25
|c| boob inspector|clssic tennising
|leave|Polarance
|
|switch|p2a: Thundurus|Thundurus, M|270\/299
|move|p1a: Jorah Mormont|Roost|p1a: Jorah Mormont
|-heal|p1a: Jorah Mormont|333\/333
|
|turn|26
|join|Moooon
|
|switch|p1a: Missandei|Chansey, F|78\/703
|move|p2a: Thundurus|Thunderbolt|p1a: Missandei
|-damage|p1a: Missandei|0 fnt
|-damage|p2a: Thundurus|241\/299|[from] item: Life Orb
|faint|p1a: Missandei
|
|
|switch|p1a: Daenerys Targayren|Clefable, M|332\/393
|turn|27
|join|ApplepieFTW
|
|move|p2a: Thundurus|Thunderbolt|p1a: Daenerys Targayren
|-damage|p1a: Daenerys Targayren|149\/393
|-damage|p2a: Thundurus|212\/299|[from] item: Life Orb
|move|p1a: Daenerys Targayren|Moonblast|p2a: Thundurus
|-damage|p2a: Thundurus|92\/299
|-unboost|p2a: Thundurus|spa|1
|
|turn|28
|leave|Moooon
|c| HI ROLL|damn
|c|âiplaytennislol|zzzzz
|c| HI ROLL|thats shit
|c| MoB Barley|unaware
|
|switch|p2a: Excadrill|Excadrill, M|111\/362
|-ability|p2a: Excadrill|Mold Breaker
|move|p1a: Daenerys Targayren|Wish|p1a: Daenerys Targayren
|
|turn|29
|c| MoB Barley|?
|c| HI ROLL|tho u flinched 2wice
|c| MoB Barley|u fool
|c| MoB Barley|he would've died
|c|âiplaytennislol|ooooooooooooo
|join|TheObsessed
|c| HI ROLL|OH LOL
|c|âiplaytennislol|im bad
|
|move|p1a: Daenerys Targayren|Protect|p1a: Daenerys Targayren
|-singleturn|p1a: Daenerys Targayren|Protect
|move|p2a: Excadrill|Iron Head|p1a: Daenerys Targayren
|-activate|p1a: Daenerys Targayren|Protect
|
|-heal|p1a: Daenerys Targayren|345\/393|[from] move: Wish|[wisher] Daenerys Targayren
|turn|30
|
|switch|p2a: Thundurus|Thundurus, M|92\/299
|move|p1a: Daenerys Targayren|Moonblast|p2a: Thundurus
|-damage|p2a: Thundurus|0 fnt
|faint|p2a: Thundurus
|
|
|switch|p2a: Pinsir|Pinsir, F|271\/271
|turn|31
|c| HI ROLL|sacking thund
|
|switch|p1a: Jorah Mormont|Skarmory, M|333\/333
|detailschange|p2a: Pinsir|Pinsir-Mega, F
|message|Pinsir has Mega Evolved into Mega Pinsir!
|move|p2a: Pinsir|Frustration|p1a: Jorah Mormont
|-resisted|p1a: Jorah Mormont
|-damage|p1a: Jorah Mormont|262\/333
|
|turn|32
|c| MoB Barley|<
|c| HI ROLL|,
|join|Zagmzp
|leave|Starmaster
|
|move|p2a: Pinsir|Swords Dance|p2a: Pinsir
|-boost|p2a: Pinsir|atk|2
|move|p1a: Jorah Mormont|Roost|p1a: Jorah Mormont
|-heal|p1a: Jorah Mormont|333\/333
|
|turn|33
|c| ApplepieFTW|who needs wincons tbf
|join|Starmaster
|
|move|p2a: Pinsir|Swords Dance|p2a: Pinsir
|-boost|p2a: Pinsir|atk|2
|move|p1a: Jorah Mormont|Whirlwind|p2a: Pinsir
|drag|p2a: Kyurem-Black|Kyurem-Black|125\/391
|-ability|p2a: Kyurem-Black|Teravolt
|
|turn|34
|
|move|p2a: Kyurem-Black|Ice Beam|p1a: Jorah Mormont
|-damage|p1a: Jorah Mormont|109\/333
|-damage|p2a: Kyurem-Black|86\/391|[from] item: Life Orb
|move|p1a: Jorah Mormont|Roost|p1a: Jorah Mormont
|-heal|p1a: Jorah Mormont|276\/333
|
|turn|35
|c| boob inspector|niggas relax
|c| Gizmo|oml
|
|move|p2a: Kyurem-Black|Ice Beam|p1a: Jorah Mormont
|-damage|p1a: Jorah Mormont|64\/333
|-status|p1a: Jorah Mormont|frz
|-damage|p2a: Kyurem-Black|47\/391|[from] item: Life Orb
|cant|p1a: Jorah Mormont|frz
|
|turn|36
|c| MoB Barley|ladder?
|c| boob inspector|worse coes to wrose
|c| Gizmo|please don't lose to stall
|c| Gizmo|when you have an lo kyub
|c| MoB Barley|gg
|c|âiplaytennislol|ez
|c| boob inspector|hell juts flinch or freeze
|c| HI ROLL|lol
|c| boob inspector|see
|c| Starmaster|lol lukE and bad
|c| boob inspector|ez
|c| Starmaster|strikes again
|c| boob inspector|classic tennis play
|c| Gizmo|please have roost
|
|move|p2a: Kyurem-Black|Ice Beam|p1a: Jorah Mormont
|-damage|p1a: Jorah Mormont|0 fnt
|-damage|p2a: Kyurem-Black|8\/391|[from] item: Life Orb
|faint|p1a: Jorah Mormont
|
|c| Gizmo|please save yourself
|
|switch|p1a: Daenerys Targayren|Clefable, M|345\/393
|turn|37
|c| Gizmo|watch this coba berry celebi
|
|move|p2a: Kyurem-Black|Fusion Bolt|p1a: Daenerys Targayren
|-damage|p1a: Daenerys Targayren|168\/393
|-damage|p2a: Kyurem-Black|0 fnt|[from] item: Life Orb
|faint|p2a: Kyurem-Black
|move|p1a: Daenerys Targayren|Wish|p1a: Daenerys Targayren
|
|c| Gizmo|with hp rock
|c| WECAMEASROMANS|dis nigga has iron head right
|
|switch|p2a: Pinsir|Pinsir-Mega, F|271\/271
|turn|38
|
|move|p2a: Pinsir|Frustration|p1a: Daenerys Targayren
|-damage|p1a: Daenerys Targayren|0 fnt
|faint|p1a: Daenerys Targayren
|
|leave|tst_100
|
|switch|p1a: Daario Nahaaris|Gliscor, M|353\/353 tox
|turn|39
|c| ApplepieFTW|daw no exca on wish then double back
|c| Gizmo|is it gonna be
|c| Gizmo|sub tox glisc shenanigans?
|
|switch|p2a: Keldeo|Keldeo|141\/323
|move|p1a: Daario Nahaaris|Knock Off|p2a: Keldeo
|-resisted|p2a: Keldeo
|-damage|p2a: Keldeo|102\/323
|-boost|p2a: Keldeo|atk|1|[from] ability: Justified
|-enditem|p2a: Keldeo|Choice Specs|[from] move: Knock Off|[of] p1a: Daario Nahaaris
|
|turn|40
|c| Gizmo|oh good.
|c| MoB Barley|nice ice move
|
|switch|p1a: Arianne Martell|Celebi|265\/404
|move|p2a: Keldeo|Icy Wind|p1a: Arianne Martell
|-supereffective|p1a: Arianne Martell
|-damage|p1a: Arianne Martell|165\/404
|-unboost|p1a: Arianne Martell|spe|1
|
|-heal|p1a: Arianne Martell|190\/404|[from] item: Leftovers
|turn|41
|c| Starmaster|k he loses to pins
|c| Starmaster|so w\/e
|
|switch|p2a: Pinsir|Pinsir-Mega, F|271\/271
|move|p1a: Arianne Martell|Giga Drain|p2a: Pinsir
|-crit|p2a: Pinsir
|-resisted|p2a: Pinsir
|-damage|p2a: Pinsir|234\/271
|-heal|p1a: Arianne Martell|209\/404|[from] drain|[of] p2a: Pinsir
|
|-heal|p1a: Arianne Martell|234\/404|[from] item: Leftovers
|turn|42
|
|move|p2a: Pinsir|Frustration|p1a: Arianne Martell
|-supereffective|p1a: Arianne Martell
|-damage|p1a: Arianne Martell|0 fnt
|faint|p1a: Arianne Martell
|
|
|switch|p1a: Daario Nahaaris|Gliscor, M|353\/353 tox
|turn|43
|c|âiplaytennislol|gg scrub
|c|âiplaytennislol|fuck stall
|c|âRSMessiii|gg hax noob
|c|âiplaytennislol|:]
|c| QueenOfLuvdiscs|wow
|c| The Goomy|^^^^^^^^^^^^^^^^^^^^^^^^^^^^^^^
|c| Gizmo|"It was a fuck"
|c| QueenOfLuvdiscs|ok tennis
|c| The Goomy|such hax
|c| The Goomy|very wow
|c| Gizmo|IT WAS A FUCK
|c| boob inspector|strong game
|c| boob inspector|v. well played tennis
|c|âRSMessiii|idk why people must axt like u lol
|
|move|p2a: Pinsir|Frustration|p1a: Daario Nahaaris
|-damage|p1a: Daario Nahaaris|142\/353 tox
|move|p1a: Daario Nahaaris|Knock Off|p2a: Pinsir
|-damage|p2a: Pinsir|194\/271
|
|-heal|p1a: Daario Nahaaris|186\/353 tox|[from] ability: Poison Heal
|turn|44
|c| boob inspector|1 freeze and 2 flinches
|c|âiplaytennislol|stall ruins pokemon
|c| QueenOfLuvdiscs|-
|c| boob inspector|2ez
|c| WECAMEASROMANS|man
|c|âRSMessiii|not really
|c| WECAMEASROMANS|now you're not getting nudes of my gf
|c|âiplaytennislol|yes
|c|âRSMessiii|it make sit more diverse
|c|âiplaytennislol|really
|c| Gizmo|wcar
|c| boob inspector|wecame
|c| Gizmo|pics
|c| boob inspector|I need them
|c|âiplaytennislol|it makes the game unfun
|
|move|p2a: Pinsir|Frustration|p1a: Daario Nahaaris
|-damage|p1a: Daario Nahaaris|0 fnt
|faint|p1a: Daario Nahaaris
|
|win|iplaytennislol
|raw|Ladder updating...
|join|vHydra
|c| Gizmo|pics wcar pics
|c| boob inspector|to inspect her boobs
|leave|MoB Barley
|c|âRSMessiii|that is not for u to deicde
|c|âiplaytennislol|thanks for the points
|raw|RSMessiii's rating: 1750 &rarr; <strong>1724<\/strong><br \/>(-26 for losing)
|raw|iplaytennislol's rating: 1654 &rarr; <strong>1679<\/strong><br \/>(+25 for winning)
|leave|iplaytennislol
|player|p2
|c|âRSMessiii|if its fun more me..
|leave|TheObsessed