|join|RSMessiii
|join|Drina Auguste
|player|p1|RSMessiii|2
|player|p2|Drina Auguste|98
|gametype|singles
|gen|6
|tier|OU
|rated
|clearpoke
|poke|p1|Gliscor, M
|poke|p1|Clefable, M
|poke|p1|Chansey, F
|poke|p1|Slowbro, F
|poke|p1|Skarmory, F
|poke|p1|Chesnaught, M
|poke|p2|Chesnaught, F
|poke|p2|Starmie
|poke|p2|Landorus-Therian, M
|poke|p2|Jirachi
|poke|p2|Talonflame, M
|poke|p2|Altaria, F
|rule|Swagger Clause: Swagger is banned
|rule|Baton Pass Clause: Limit one PokÃ©mon knowing Baton Pass
|rule|Sleep Clause Mod: Limit one foe put to sleep
|rule|Species Clause: Limit one of each PokÃ©mon
|rule|OHKO Clause: OHKO moves are banned
|rule|Moody Clause: Moody is banned
|rule|Evasion Moves Clause: Evasion moves are banned
|rule|Endless Battle Clause: Forcing endless battles is banned
|rule|HP Percentage Mod: HP is shown in percentages
|teampreview
|
|start
|switch|p1a: Jorah Mormont|Skarmory, F|333\/333
|switch|p2a: Landorus-Therian|Landorus-Therian, M|381\/381
|-ability|p2a: Landorus-Therian|Intimidate|[of] p1a: Jorah Mormont
|-unboost|p1a: Jorah Mormont|atk|1
|turn|1
|
|switch|p1a: Chesnaught|Chesnaught, M|379\/379
|move|p2a: Landorus-Therian|Stealth Rock|p1a: Chesnaught
|-sidestart|p1: RSMessiii|move: Stealth Rock
|
|turn|2
|
|move|p1a: Chesnaught|Spiky Shield|p1a: Chesnaught
|-singleturn|p1a: Chesnaught|move: Protect
|move|p2a: Landorus-Therian|Knock Off|p1a: Chesnaught
|-activate|p1a: Chesnaught|move: Protect
|-damage|p2a: Landorus-Therian|334\/381|[from] Spiky Shield|[of] p1a: Chesnaught
|
|-heal|p2a: Landorus-Therian|357\/381|[from] item: Leftovers
|turn|3
|
|switch|p1a: Jorah Mormont|Skarmory, F|333\/333
|-damage|p1a: Jorah Mormont|292\/333|[from] Stealth Rock
|move|p2a: Landorus-Therian|Knock Off|p1a: Jorah Mormont
|-damage|p1a: Jorah Mormont|229\/333
|-enditem|p1a: Jorah Mormont|Shed Shell|[from] move: Knock Off|[of] p2a: Landorus-Therian
|
|-heal|p2a: Landorus-Therian|380\/381|[from] item: Leftovers
|turn|4
|
|move|p2a: Landorus-Therian|U-turn|p1a: Jorah Mormont
|-resisted|p1a: Jorah Mormont
|-damage|p1a: Jorah Mormont|218\/333
|
|switch|p2a: Talonflame|Talonflame, M|359\/359
|move|p1a: Jorah Mormont|Defog|p2a: Talonflame
|-unboost|p2a: Talonflame|evasion|1
|-sideend|p1: RSMessiii|Stealth Rock|[from] move: Defog|[of] p1a: Jorah Mormont
|
|turn|5
|
|switch|p2a: Landorus-Therian|Landorus-Therian, M|380\/381
|-ability|p2a: Landorus-Therian|Intimidate|[of] p1a: Jorah Mormont
|-unboost|p1a: Jorah Mormont|atk|1
|switch|p1a: Berristan Selmy|Slowbro, F|393\/393
|
|-heal|p2a: Landorus-Therian|381\/381|[from] item: Leftovers
|turn|6
|
|move|p2a: Landorus-Therian|Stealth Rock|p1a: Berristan Selmy
|-sidestart|p1: RSMessiii|move: Stealth Rock
|move|p1a: Berristan Selmy|Scald|p2a: Landorus-Therian
|-supereffective|p2a: Landorus-Therian
|-damage|p2a: Landorus-Therian|151\/381
|
|-heal|p2a: Landorus-Therian|174\/381|[from] item: Leftovers
|turn|7
|
|move|p2a: Landorus-Therian|U-turn|p1a: Berristan Selmy
|-supereffective|p1a: Berristan Selmy
|-damage|p1a: Berristan Selmy|285\/393
|
|switch|p2a: Starmie|Starmie|323\/323
|move|p1a: Berristan Selmy|Scald|p2a: Starmie
|-resisted|p2a: Starmie
|-damage|p2a: Starmie|274\/323
|-status|p2a: Starmie|brn
|
|-heal|p2a: Starmie|294\/323 brn|[from] item: Leftovers
|-damage|p2a: Starmie|254\/323 brn|[from] brn
|turn|8
|
|switch|p2a: Chesnaught|Chesnaught, F|379\/379
|switch|p1a: Missandei|Chansey, F|703\/703
|-damage|p1a: Missandei|616\/703|[from] Stealth Rock
|
|turn|9
|
|switch|p2a: Talonflame|Talonflame, M|359\/359
|switch|p1a: Jorah Mormont|Skarmory, F|218\/333
|-damage|p1a: Jorah Mormont|177\/333|[from] Stealth Rock
|
|turn|10
|
|switch|p2a: Landorus-Therian|Landorus-Therian, M|174\/381
|-ability|p2a: Landorus-Therian|Intimidate|[of] p1a: Jorah Mormont
|-unboost|p1a: Jorah Mormont|atk|1
|move|p1a: Jorah Mormont|Roost|p1a: Jorah Mormont
|-heal|p1a: Jorah Mormont|333\/333
|
|-heal|p2a: Landorus-Therian|197\/381|[from] item: Leftovers
|turn|11
|
|move|p2a: Landorus-Therian|Knock Off|p1a: Jorah Mormont
|-damage|p1a: Jorah Mormont|292\/333
|move|p1a: Jorah Mormont|Defog|p2a: Landorus-Therian
|-unboost|p2a: Landorus-Therian|evasion|1
|-sideend|p1: RSMessiii|Stealth Rock|[from] move: Defog|[of] p1a: Jorah Mormont
|
|-heal|p2a: Landorus-Therian|220\/381|[from] item: Leftovers
|turn|12
|
|move|p2a: Landorus-Therian|Stealth Rock|p1a: Jorah Mormont
|-sidestart|p1: RSMessiii|move: Stealth Rock
|move|p1a: Jorah Mormont|Brave Bird|p2a: Landorus-Therian
|-damage|p2a: Landorus-Therian|156\/381
|-damage|p1a: Jorah Mormont|271\/333|[from] recoil|[of] p2a: Landorus-Therian
|
|-heal|p2a: Landorus-Therian|179\/381|[from] item: Leftovers
|turn|13
|
|move|p2a: Landorus-Therian|U-turn|p1a: Jorah Mormont
|-resisted|p1a: Jorah Mormont
|-damage|p1a: Jorah Mormont|260\/333
|
|switch|p2a: Jirachi|Jirachi|403\/403
|move|p1a: Jorah Mormont|Defog|p2a: Jirachi
|-unboost|p2a: Jirachi|evasion|1
|-sideend|p1: RSMessiii|Stealth Rock|[from] move: Defog|[of] p1a: Jorah Mormont
|
|turn|14
|
|switch|p1a: Berristan Selmy|Slowbro, F|393\/393
|move|p2a: Jirachi|Wish|p2a: Jirachi
|
|turn|15
|
|switch|p1a: Missandei|Chansey, F|616\/703
|move|p2a: Jirachi|U-turn|p1a: Missandei
|-damage|p1a: Missandei|540\/703
|
|switch|p2a: Landorus-Therian|Landorus-Therian, M|179\/381
|-ability|p2a: Landorus-Therian|Intimidate|[of] p1a: Missandei
|-unboost|p1a: Missandei|atk|1
|
|-heal|p2a: Landorus-Therian|380\/381|[from] move: Wish|[wisher] Jirachi
|-heal|p2a: Landorus-Therian|381\/381|[from] item: Leftovers
|turn|16
|
|switch|p1a: Jorah Mormont|Skarmory, F|260\/333
|move|p2a: Landorus-Therian|Stealth Rock|p1a: Jorah Mormont
|-sidestart|p1: RSMessiii|move: Stealth Rock
|
|turn|17
|
|move|p2a: Landorus-Therian|U-turn|p1a: Jorah Mormont
|-resisted|p1a: Jorah Mormont
|-damage|p1a: Jorah Mormont|250\/333
|
|switch|p2a: Starmie|Starmie|254\/323
|move|p1a: Jorah Mormont|Defog|p2a: Starmie
|-unboost|p2a: Starmie|evasion|1
|-sideend|p1: RSMessiii|Stealth Rock|[from] move: Defog|[of] p1a: Jorah Mormont
|
|-heal|p2a: Starmie|274\/323|[from] item: Leftovers
|turn|18
|
|switch|p2a: Landorus-Therian|Landorus-Therian, M|381\/381
|-ability|p2a: Landorus-Therian|Intimidate|[of] p1a: Jorah Mormont
|-unboost|p1a: Jorah Mormont|atk|1
|switch|p1a: Missandei|Chansey, F|540\/703
|
|turn|19
|
|move|p2a: Landorus-Therian|Stealth Rock|p1a: Missandei
|-sidestart|p1: RSMessiii|move: Stealth Rock
|move|p1a: Missandei|Toxic|p2a: Landorus-Therian
|-status|p2a: Landorus-Therian|tox
|
|-damage|p2a: Landorus-Therian|358\/381 tox|[from] psn
|turn|20
|
|move|p2a: Landorus-Therian|U-turn|p1a: Missandei
|-damage|p1a: Missandei|426\/703
|
|switch|p2a: Chesnaught|Chesnaught, F|379\/379
|move|p1a: Missandei|Stealth Rock|p2a: Chesnaught
|-sidestart|p2: Drina Auguste|move: Stealth Rock
|
|turn|21
|
|switch|p2a: Starmie|Starmie|274\/323
|-damage|p2a: Starmie|234\/323|[from] Stealth Rock
|move|p1a: Missandei|Soft-Boiled|p1a: Missandei
|-heal|p1a: Missandei|703\/703
|
|-heal|p2a: Starmie|254\/323|[from] item: Leftovers
|turn|22
|
|switch|p2a: Jirachi|Jirachi|403\/403
|-damage|p2a: Jirachi|378\/403|[from] Stealth Rock
|move|p1a: Missandei|Toxic|p2a: Jirachi
|-fail|p2a: Jirachi
|
|-heal|p2a: Jirachi|403\/403|[from] item: Leftovers
|turn|23
|
|switch|p1a: Daario Nahaaris|Gliscor, M|353\/353
|-damage|p1a: Daario Nahaaris|309\/353|[from] Stealth Rock
|move|p2a: Jirachi|U-turn|p1a: Daario Nahaaris
|-resisted|p1a: Daario Nahaaris
|-damage|p1a: Daario Nahaaris|286\/353
|
|switch|p2a: Starmie|Starmie|254\/323
|-damage|p2a: Starmie|214\/323|[from] Stealth Rock
|
|-heal|p2a: Starmie|234\/323|[from] item: Leftovers
|-status|p1a: Daario Nahaaris|tox|[from] item: Toxic Orb
|turn|24
|
|move|p2a: Starmie|Rapid Spin|p1a: Daario Nahaaris
|-damage|p1a: Daario Nahaaris|277\/353 tox
|-sideend|p2: Drina Auguste|Stealth Rock|[from] move: Rapid Spin|[of] p2a: Starmie
|move|p1a: Daario Nahaaris|Knock Off|p2a: Starmie
|-supereffective|p2a: Starmie
|-damage|p2a: Starmie|78\/323
|-enditem|p2a: Starmie|Leftovers|[from] move: Knock Off|[of] p1a: Daario Nahaaris
|
|-heal|p1a: Daario Nahaaris|321\/353 tox|[from] ability: Poison Heal
|turn|25
|
|switch|p1a: Missandei|Chansey, F|703\/703
|-damage|p1a: Missandei|616\/703|[from] Stealth Rock
|move|p2a: Starmie|Recover|p2a: Starmie
|-heal|p2a: Starmie|240\/323
|
|turn|26
|
|switch|p2a: Chesnaught|Chesnaught, F|379\/379
|move|p1a: Missandei|Stealth Rock|p2a: Chesnaught
|-sidestart|p2: Drina Auguste|move: Stealth Rock
|
|turn|27
|
|switch|p1a: Chesnaught|Chesnaught, M|379\/379
|-damage|p1a: Chesnaught|356\/379|[from] Stealth Rock
|move|p2a: Chesnaught|Spikes|p1a: Chesnaught
|-sidestart|p1: RSMessiii|Spikes
|
|-heal|p1a: Chesnaught|379\/379|[from] item: Leftovers
|turn|28
|
|switch|p2a: Talonflame|Talonflame, M|359\/359
|-damage|p2a: Talonflame|180\/359|[from] Stealth Rock
|move|p1a: Chesnaught|Leech Seed|p2a: Talonflame|[miss]
|-miss|p1a: Chesnaught|p2a: Talonflame
|
|-heal|p2a: Talonflame|202\/359|[from] item: Leftovers
|turn|29
|
|switch|p1a: Berristan Selmy|Slowbro, F|393\/393
|-damage|p1a: Berristan Selmy|344\/393|[from] Stealth Rock
|-damage|p1a: Berristan Selmy|295\/393|[from] Spikes
|move|p2a: Talonflame|Roost|p2a: Talonflame
|-heal|p2a: Talonflame|359\/359
|
|turn|30
|
|switch|p2a: Starmie|Starmie|240\/323
|-damage|p2a: Starmie|200\/323|[from] Stealth Rock
|move|p1a: Berristan Selmy|Calm Mind|p1a: Berristan Selmy
|-boost|p1a: Berristan Selmy|spa|1
|-boost|p1a: Berristan Selmy|spd|1
|
|turn|31
|
|move|p2a: Starmie|Rapid Spin|p1a: Berristan Selmy
|-damage|p1a: Berristan Selmy|287\/393
|-sideend|p2: Drina Auguste|Stealth Rock|[from] move: Rapid Spin|[of] p2a: Starmie
|move|p1a: Berristan Selmy|Scald|p2a: Starmie
|-resisted|p2a: Starmie
|-damage|p2a: Starmie|113\/323
|
|turn|32
|
|move|p2a: Starmie|Recover|p2a: Starmie
|-heal|p2a: Starmie|275\/323
|move|p1a: Berristan Selmy|Calm Mind|p1a: Berristan Selmy
|-boost|p1a: Berristan Selmy|spa|1
|-boost|p1a: Berristan Selmy|spd|1
|
|turn|33
|
|move|p2a: Starmie|Scald|p1a: Berristan Selmy
|-resisted|p1a: Berristan Selmy
|-damage|p1a: Berristan Selmy|259\/393
|move|p1a: Berristan Selmy|Scald|p2a: Starmie
|-resisted|p2a: Starmie
|-damage|p2a: Starmie|164\/323
|
|turn|34
|
|detailschange|p1a: Berristan Selmy|Slowbro-Mega, F
|message|Slowbro has Mega Evolved into Mega Slowbro!
|move|p2a: Starmie|Scald|p1a: Berristan Selmy
|-resisted|p1a: Berristan Selmy
|-damage|p1a: Berristan Selmy|233\/393
|move|p1a: Berristan Selmy|Calm Mind|p1a: Berristan Selmy
|-boost|p1a: Berristan Selmy|spa|1
|-boost|p1a: Berristan Selmy|spd|1
|
|turn|35
|
|move|p2a: Starmie|Recover|p2a: Starmie
|-heal|p2a: Starmie|323\/323
|move|p1a: Berristan Selmy|Rest|p1a: Berristan Selmy
|-status|p1a: Berristan Selmy|slp
|-heal|p1a: Berristan Selmy|393\/393 slp|[silent]
|-status|p1a: Berristan Selmy|slp|[from] move: Rest
|
|turn|36
|
|switch|p2a: Altaria|Altaria, F|353\/353
|cant|p1a: Berristan Selmy|slp
|move|p1a: Berristan Selmy|Sleep Talk|p1a: Berristan Selmy
|move|p1a: Berristan Selmy|Calm Mind|p1a: Berristan Selmy|[from]Sleep Talk
|-boost|p1a: Berristan Selmy|spa|1
|-boost|p1a: Berristan Selmy|spd|1
|
|turn|37
|
|detailschange|p2a: Altaria|Altaria-Mega, F
|message|Altaria has Mega Evolved into Mega Altaria!
|move|p2a: Altaria|Dragon Dance|p2a: Altaria
|-boost|p2a: Altaria|atk|1
|-boost|p2a: Altaria|spe|1
|cant|p1a: Berristan Selmy|slp
|move|p1a: Berristan Selmy|Sleep Talk|p1a: Berristan Selmy
|move|p1a: Berristan Selmy|Rest|p1a: Berristan Selmy|[from]Sleep Talk
|-fail|p1a: Berristan Selmy
|
|turn|38
|
|move|p2a: Altaria|Dragon Dance|p2a: Altaria
|-boost|p2a: Altaria|atk|1
|-boost|p2a: Altaria|spe|1
|-curestatus|p1a: Berristan Selmy|slp
|move|p1a: Berristan Selmy|Scald|p2a: Altaria
|-resisted|p2a: Altaria
|-damage|p2a: Altaria|198\/353
|
|turn|39
|
|move|p2a: Altaria|Frustration|p1a: Berristan Selmy
|-damage|p1a: Berristan Selmy|240\/393
|move|p1a: Berristan Selmy|Scald|p2a: Altaria
|-crit|p2a: Altaria
|-resisted|p2a: Altaria
|-damage|p2a: Altaria|0 fnt
|faint|p2a: Altaria
|
|-message|Drina Auguste forfeited.
|
|win|RSMessiii
|raw|Ladder updating...
|leave|Drina Auguste
|player|p2
|raw|Ladder (probably) updated, but score could not be retrieved (timeout).
|raw|Ladder (probably) updated, but score could not be retrieved (Error: socket hang up).