|join|sourpuffboys
|join|RSMessiii
|player|p1|sourpuffboys|1
|player|p2|RSMessiii|2
|gametype|singles
|gen|6
|tier|OU
|clearpoke
|poke|p1|Bisharp, F
|poke|p1|Gardevoir, M
|poke|p1|Landorus-Therian, M
|poke|p1|Thundurus, M
|poke|p1|Greninja, M
|poke|p1|Lucario, F
|poke|p2|Gardevoir, F
|poke|p2|Scizor, M
|poke|p2|Latias, F
|poke|p2|Heatran, M
|poke|p2|Kyurem-Black
|poke|p2|Landorus-Therian, M
|rule|Swagger Clause: Swagger is banned
|rule|Baton Pass Clause: Limit one PokÃ©mon knowing Baton Pass
|rule|Sleep Clause Mod: Limit one foe put to sleep
|rule|Species Clause: Limit one of each PokÃ©mon
|rule|OHKO Clause: OHKO moves are banned
|rule|Moody Clause: Moody is banned
|rule|Evasion Moves Clause: Evasion moves are banned
|rule|Endless Battle Clause: Forcing endless battles is banned
|rule|HP Percentage Mod: HP is shown in percentages
|teampreview
|c|âRSMessiii|nooo bisharp 
|c|âsourpuffboys|thats the homie
|c|âRSMessiii|this thing gives me constant nightmares
|
|start
|switch|p1a: O Red|Landorus-Therian, M|327\/327
|switch|p2a: Landorus-Therian|Landorus-Therian, M|323\/323
|-ability|p2a: Landorus-Therian|Intimidate|[of] p1a: O Red
|-unboost|p1a: O Red|atk|1
|-ability|p1a: O Red|Intimidate|[of] p2a: Landorus-Therian
|-unboost|p2a: Landorus-Therian|atk|1
|turn|1
|
|move|p2a: Landorus-Therian|U-turn|p1a: O Red
|-resisted|p1a: O Red
|-damage|p1a: O Red|289\/327
|
|switch|p2a: Kyurem-Black|Kyurem-Black|391\/391
|-ability|p2a: Kyurem-Black|Teravolt
|move|p1a: O Red|Knock Off|p2a: Kyurem-Black
|-damage|p2a: Kyurem-Black|306\/391
|-enditem|p2a: Kyurem-Black|Life Orb|[from] move: Knock Off|[of] p1a: O Red
|
|turn|2
|
|move|p1a: O Red|Stealth Rock|p2a: Kyurem-Black
|-sidestart|p2: RSMessiii|move: Stealth Rock
|move|p2a: Kyurem-Black|Ice Beam|p1a: O Red
|-supereffective|p1a: O Red
|-damage|p1a: O Red|0 fnt
|faint|p1a: O Red
|
|
|switch|p1a: Tay Roc|Gardevoir, M|277\/277
|-ability|p1a: Tay Roc|Teravolt|[from] ability: Trace|[of] p2a: Kyurem-Black
|-ability|p1a: Tay Roc|Teravolt
|turn|3
|
|switch|p2a: Heatran|Heatran, M|385\/385
|-damage|p2a: Heatran|337\/385|[from] Stealth Rock
|switch|p1a: Daylyt|Thundurus, M|299\/299
|
|-heal|p2a: Heatran|361\/385|[from] item: Leftovers
|turn|4
|
|move|p1a: Daylyt|Focus Blast|p2a: Heatran
|-supereffective|p2a: Heatran
|-damage|p2a: Heatran|161\/385
|move|p2a: Heatran|Lava Plume|p1a: Daylyt
|-damage|p1a: Daylyt|155\/299
|
|-heal|p1a: Daylyt|173\/299|[from] item: Leftovers
|-heal|p2a: Heatran|185\/385|[from] item: Leftovers
|turn|5
|
|switch|p1a: Tay Roc|Gardevoir, M|277\/277
|-ability|p1a: Tay Roc|Flash Fire|[from] ability: Trace|[of] p2a: Heatran
|switch|p2a: Latias|Latias, F|319\/319
|-damage|p2a: Latias|280\/319|[from] Stealth Rock
|
|turn|6
|
|switch|p2a: Scizor|Scizor, M|343\/343
|-damage|p2a: Scizor|301\/343|[from] Stealth Rock
|switch|p1a: B Magic|Bisharp, F|319\/319
|
|turn|7
|
|switch|p1a: Daylyt|Thundurus, M|173\/299
|move|p2a: Scizor|U-turn|p1a: Daylyt
|-resisted|p1a: Daylyt
|-damage|p1a: Daylyt|24\/299
|
|switch|p2a: Latias|Latias, F|280\/319
|-damage|p2a: Latias|241\/319|[from] Stealth Rock
|
|-heal|p1a: Daylyt|42\/299|[from] item: Leftovers
|turn|8
|join|CidZero~Zero
|
|switch|p1a: B Magic|Bisharp, F|319\/319
|move|p2a: Latias|Hidden Power|p1a: B Magic
|-supereffective|p1a: B Magic
|-damage|p1a: B Magic|0 fnt
|-damage|p2a: Latias|210\/319|[from] item: Life Orb
|faint|p1a: B Magic
|
|
|switch|p1a: Ill Will|Greninja, M|285\/285
|turn|9
|
|switch|p2a: Heatran|Heatran, M|185\/385
|-damage|p2a: Heatran|137\/385|[from] Stealth Rock
|move|p1a: Ill Will|Hidden Power|p2a: Heatran
|-start|p1a: Ill Will|typechange|Fire|[from] Protean
|-start|p2a: Heatran|ability: Flash Fire
|
|-heal|p2a: Heatran|161\/385|[from] item: Leftovers
|turn|10
|
|move|p1a: Ill Will|Hydro Pump|p2a: Heatran
|-start|p1a: Ill Will|typechange|Water|[from] Protean
|-supereffective|p2a: Heatran
|-damage|p2a: Heatran|0 fnt
|-damage|p1a: Ill Will|257\/285|[from] item: Life Orb
|faint|p2a: Heatran
|
|
|switch|p2a: Kyurem-Black|Kyurem-Black|306\/391
|-damage|p2a: Kyurem-Black|209\/391|[from] Stealth Rock
|-ability|p2a: Kyurem-Black|Teravolt
|turn|11
|c| CidZero~Zero|such a good play that did nothing haha
|
|move|p1a: Ill Will|Ice Beam|p2a: Kyurem-Black
|-start|p1a: Ill Will|typechange|Ice|[from] Protean
|-damage|p2a: Kyurem-Black|14\/391
|-damage|p1a: Ill Will|229\/285|[from] item: Life Orb
|move|p2a: Kyurem-Black|Fusion Bolt|p1a: Ill Will
|-damage|p1a: Ill Will|22\/285
|
|turn|12
|
|move|p1a: Ill Will|Hidden Power|p2a: Kyurem-Black
|-start|p1a: Ill Will|typechange|Fire|[from] Protean
|-damage|p2a: Kyurem-Black|0 fnt
|-damage|p1a: Ill Will|0 fnt|[from] item: Life Orb
|faint|p2a: Kyurem-Black
|faint|p1a: Ill Will
|
|
|switch|p2a: Landorus-Therian|Landorus-Therian, M|323\/323
|-damage|p2a: Landorus-Therian|283\/323|[from] Stealth Rock
|switch|p1a: Daylyt|Thundurus, M|42\/299
|-ability|p2a: Landorus-Therian|Intimidate|[of] p1a: Daylyt
|-unboost|p1a: Daylyt|atk|1
|turn|13
|join|DuhHarro
|c| CidZero~Zero|yer late :P
|c| DuhHarro|i just got home haha
|
|move|p2a: Landorus-Therian|U-turn|p1a: Daylyt
|-resisted|p1a: Daylyt
|-damage|p1a: Daylyt|0 fnt
|faint|p1a: Daylyt
|
|switch|p2a: Latias|Latias, F|210\/319
|-damage|p2a: Latias|171\/319|[from] Stealth Rock
|
|c| CidZero~Zero|i think that's gg but i've been wrong b4
|
|switch|p1a: Tay Roc|Gardevoir, M|277\/277
|-ability|p1a: Tay Roc|Levitate|[from] ability: Trace|[of] p2a: Latias
|turn|14
|
|detailschange|p1a: Tay Roc|Gardevoir-Mega, M
|message|Gardevoir has Mega Evolved into Mega Gardevoir!
|move|p2a: Latias|Defog|p1a: Tay Roc
|-unboost|p1a: Tay Roc|evasion|1
|-sideend|p2: RSMessiii|Stealth Rock|[from] move: Defog|[of] p2a: Latias
|move|p1a: Tay Roc|Will-O-Wisp|p2a: Latias
|-status|p2a: Latias|brn
|
|-damage|p2a: Latias|132\/319 brn|[from] brn
|turn|15
|
|switch|p2a: Scizor|Scizor, M|301\/343
|move|p1a: Tay Roc|Will-O-Wisp|p2a: Scizor
|-status|p2a: Scizor|brn
|
|-damage|p2a: Scizor|259\/343 brn|[from] brn
|turn|16
|c|âRSMessiii|nice one
|
|switch|p1a: Chilla Jones|Lucario, F|281\/281
|move|p2a: Scizor|U-turn|p1a: Chilla Jones
|-resisted|p1a: Chilla Jones
|-damage|p1a: Chilla Jones|246\/281
|
|switch|p2a: Landorus-Therian|Landorus-Therian, M|283\/323
|-ability|p2a: Landorus-Therian|Intimidate|[of] p1a: Chilla Jones
|-unboost|p1a: Chilla Jones|atk|1
|
|turn|17
|
|move|p1a: Chilla Jones|Extreme Speed|p2a: Landorus-Therian
|-damage|p2a: Landorus-Therian|188\/323
|-damage|p1a: Chilla Jones|218\/281|[from] item: Life Orb
|move|p2a: Landorus-Therian|U-turn|p1a: Chilla Jones
|-resisted|p1a: Chilla Jones
|-damage|p1a: Chilla Jones|188\/281
|
|switch|p2a: Gardevoir|Gardevoir, F|277\/277
|-ability|p2a: Gardevoir|Justified|[from] ability: Trace|[of] p1a: Chilla Jones
|
|turn|18
|
|detailschange|p2a: Gardevoir|Gardevoir-Mega, F
|message|Gardevoir has Mega Evolved into Mega Gardevoir!
|move|p1a: Chilla Jones|Bullet Punch|p2a: Gardevoir
|-supereffective|p2a: Gardevoir
|-damage|p2a: Gardevoir|121\/277
|-damage|p1a: Chilla Jones|160\/281|[from] item: Life Orb
|move|p2a: Gardevoir|Hyper Voice|p1a: Chilla Jones
|-damage|p1a: Chilla Jones|0 fnt
|faint|p1a: Chilla Jones
|
|
|switch|p1a: Tay Roc|Gardevoir-Mega, M|277\/277
|turn|19
|
|move|p2a: Gardevoir|Hyper Voice|p1a: Tay Roc
|-damage|p1a: Tay Roc|82\/277
|move|p1a: Tay Roc|Hyper Voice|p2a: Gardevoir
|-damage|p2a: Gardevoir|0 fnt
|faint|p2a: Gardevoir
|
|c|âsourpuffboys|gg
|c|âRSMessiii|gg
|
|switch|p2a: Landorus-Therian|Landorus-Therian, M|188\/323
|-ability|p2a: Landorus-Therian|Intimidate|[of] p1a: Tay Roc
|-unboost|p1a: Tay Roc|atk|1
|turn|20
|
|move|p2a: Landorus-Therian|Earthquake|p1a: Tay Roc
|-damage|p1a: Tay Roc|0 fnt
|faint|p1a: Tay Roc
|
|win|RSMessiii
|c| DuhHarro|gg boys
|c|âsourpuffboys|nice matches
|c| DuhHarro|was the match #2? 
|c|âRSMessiii|thanks
|c| DuhHarro|this*
|c|âsourpuffboys|yda
|c|âRSMessiii|yes
|c| DuhHarro|damn
|c| DuhHarro|i missed the hype
|c|âRSMessiii|haha yea well post the battles anyay tho ;)
|c| DuhHarro|:)
|c|âRSMessiii|every turn was like wtf am i gonna do
|c|âsourpuffboys|can any of yall post?
|c|âRSMessiii|the hp fighting on bisharp porlly won me this one
|c|âRSMessiii|yea ill do
|leave|sourpuffboys
|player|p1