|join|RSMessiii
|join|Seathomg
|player|p1|RSMessiii|1
|player|p2|Seathomg|283
|gametype|singles
|gen|6
|tier|OU
|rated
|clearpoke
|poke|p1|Gliscor, M
|poke|p1|Clefable, M
|poke|p1|Chansey, F
|poke|p1|Slowbro, F
|poke|p1|Skarmory, F
|poke|p1|Chesnaught, F
|poke|p2|Slowbro, F
|poke|p2|Keldeo-Resolute
|poke|p2|Amoonguss, F
|poke|p2|Heatran, M
|poke|p2|Latios, M
|poke|p2|Landorus-Therian, M
|rule|Swagger Clause: Swagger is banned
|rule|Baton Pass Clause: Limit one PokÃ©mon knowing Baton Pass
|rule|Sleep Clause Mod: Limit one foe put to sleep
|rule|Species Clause: Limit one of each PokÃ©mon
|rule|OHKO Clause: OHKO moves are banned
|rule|Moody Clause: Moody is banned
|rule|Evasion Moves Clause: Evasion moves are banned
|rule|Endless Battle Clause: Forcing endless battles is banned
|rule|HP Percentage Mod: HP is shown in percentages
|teampreview
|
|start
|switch|p1a: Berristan Selmy|Slowbro, F|393\/393
|switch|p2a: Hug Me|Amoonguss, F|431\/431
|turn|1
|
|move|p1a: Berristan Selmy|Scald|p2a: Hug Me
|-resisted|p2a: Hug Me
|-damage|p2a: Hug Me|378\/431
|move|p2a: Hug Me|Spore|p1a: Berristan Selmy
|-status|p1a: Berristan Selmy|slp
|
|-heal|p2a: Hug Me|404\/431|[from] item: Black Sludge
|turn|2
|
|switch|p1a: Missandei|Chansey, F|703\/703
|move|p2a: Hug Me|Giga Drain|p1a: Missandei
|-damage|p1a: Missandei|661\/703
|-heal|p2a: Hug Me|425\/431|[from] drain|[of] p1a: Missandei
|
|-heal|p2a: Hug Me|431\/431|[from] item: Black Sludge
|turn|3
|
|switch|p2a: Machete|Landorus-Therian, M|319\/319
|-ability|p2a: Machete|Intimidate|[of] p1a: Missandei
|-unboost|p1a: Missandei|atk|1
|move|p1a: Missandei|Stealth Rock|p2a: Machete
|-sidestart|p2: Seathomg|move: Stealth Rock
|
|turn|4
|
|switch|p1a: Chesnaught|Chesnaught, F|379\/379
|move|p2a: Machete|Knock Off|p1a: Chesnaught
|-resisted|p1a: Chesnaught
|-damage|p1a: Chesnaught|342\/379
|-enditem|p1a: Chesnaught|Leftovers|[from] move: Knock Off|[of] p2a: Machete
|
|turn|5
|
|switch|p2a: LeTwins|Latios, M|299\/299
|-damage|p2a: LeTwins|262\/299|[from] Stealth Rock
|move|p1a: Chesnaught|Spikes|p2a: LeTwins
|-sidestart|p2: Seathomg|Spikes
|
|turn|6
|
|switch|p1a: Daenerys Targayren|Clefable, M|393\/393
|move|p2a: LeTwins|Psyshock|p1a: Daenerys Targayren
|-crit|p1a: Daenerys Targayren
|-damage|p1a: Daenerys Targayren|150\/393
|-damage|p2a: LeTwins|233\/299|[from] item: Life Orb
|
|-heal|p1a: Daenerys Targayren|174\/393|[from] item: Leftovers
|turn|7
|
|move|p2a: LeTwins|Psyshock|p1a: Daenerys Targayren
|-damage|p1a: Daenerys Targayren|21\/393
|-damage|p2a: LeTwins|204\/299|[from] item: Life Orb
|move|p1a: Daenerys Targayren|Wish|p1a: Daenerys Targayren
|
|-heal|p1a: Daenerys Targayren|45\/393|[from] item: Leftovers
|turn|8
|
|move|p1a: Daenerys Targayren|Protect|p1a: Daenerys Targayren
|-singleturn|p1a: Daenerys Targayren|Protect
|move|p2a: LeTwins|Defog|p1a: Daenerys Targayren
|-activate|p1a: Daenerys Targayren|Protect
|
|-heal|p1a: Daenerys Targayren|241\/393|[from] move: Wish|[wisher] Daenerys Targayren
|-heal|p1a: Daenerys Targayren|265\/393|[from] item: Leftovers
|turn|9
|
|move|p2a: LeTwins|Defog|p1a: Daenerys Targayren
|-unboost|p1a: Daenerys Targayren|evasion|1
|-sideend|p2: Seathomg|Spikes|[from] move: Defog|[of] p2a: LeTwins
|-sideend|p2: Seathomg|Stealth Rock|[from] move: Defog|[of] p2a: LeTwins
|move|p1a: Daenerys Targayren|Moonblast|p2a: LeTwins
|-supereffective|p2a: LeTwins
|-damage|p2a: LeTwins|0 fnt
|faint|p2a: LeTwins
|
|-heal|p1a: Daenerys Targayren|289\/393|[from] item: Leftovers
|
|switch|p2a: Bane|Heatran, M|385\/385
|turn|10
|
|switch|p1a: Missandei|Chansey, F|661\/703
|move|p2a: Bane|Stealth Rock|p1a: Missandei
|-sidestart|p1: RSMessiii|move: Stealth Rock
|
|turn|11
|
|switch|p2a: I deserve to die|Slowbro, F|393\/393
|move|p1a: Missandei|Stealth Rock|p2a: I deserve to die
|-sidestart|p2: Seathomg|move: Stealth Rock
|
|turn|12
|
|detailschange|p2a: I deserve to die|Slowbro-Mega, F
|-mega|p2a: I deserve to die|Slowbro|Slowbronite
|move|p1a: Missandei|Toxic|p2a: I deserve to die|[miss]
|-miss|p1a: Missandei|p2a: I deserve to die
|move|p2a: I deserve to die|Calm Mind|p2a: I deserve to die
|-boost|p2a: I deserve to die|spa|1
|-boost|p2a: I deserve to die|spd|1
|
|turn|13
|
|move|p1a: Missandei|Toxic|p2a: I deserve to die
|-status|p2a: I deserve to die|tox
|move|p2a: I deserve to die|Psyshock|p1a: Missandei
|-damage|p1a: Missandei|387\/703
|
|-damage|p2a: I deserve to die|369\/393 tox|[from] psn
|turn|14
|
|move|p1a: Missandei|Seismic Toss|p2a: I deserve to die
|-damage|p2a: I deserve to die|269\/393 tox
|move|p2a: I deserve to die|Calm Mind|p2a: I deserve to die
|-boost|p2a: I deserve to die|spa|1
|-boost|p2a: I deserve to die|spd|1
|
|-damage|p2a: I deserve to die|221\/393 tox|[from] psn
|turn|15
|
|move|p1a: Missandei|Soft-Boiled|p1a: Missandei
|-heal|p1a: Missandei|703\/703
|move|p2a: I deserve to die|Calm Mind|p2a: I deserve to die
|-boost|p2a: I deserve to die|spa|1
|-boost|p2a: I deserve to die|spd|1
|
|-damage|p2a: I deserve to die|149\/393 tox|[from] psn
|turn|16
|
|switch|p1a: Daenerys Targayren|Clefable, M|289\/393
|-damage|p1a: Daenerys Targayren|240\/393|[from] Stealth Rock
|move|p2a: I deserve to die|Rest|p2a: I deserve to die
|-status|p2a: I deserve to die|slp
|-heal|p2a: I deserve to die|393\/393 slp|[silent]
|-status|p2a: I deserve to die|slp|[from] move: Rest
|
|-heal|p1a: Daenerys Targayren|264\/393|[from] item: Leftovers
|turn|17
|
|move|p1a: Daenerys Targayren|Moonblast|p2a: I deserve to die
|-damage|p2a: I deserve to die|269\/393 slp
|cant|p2a: I deserve to die|slp
|
|-heal|p1a: Daenerys Targayren|288\/393|[from] item: Leftovers
|turn|18
|
|move|p1a: Daenerys Targayren|Moonblast|p2a: I deserve to die
|-damage|p2a: I deserve to die|143\/393 slp
|-unboost|p2a: I deserve to die|spa|1
|cant|p2a: I deserve to die|slp
|
|-heal|p1a: Daenerys Targayren|312\/393|[from] item: Leftovers
|turn|19
|
|switch|p2a: Hug Me|Amoonguss, F|431\/431
|-damage|p2a: Hug Me|378\/431|[from] Stealth Rock
|move|p1a: Daenerys Targayren|Moonblast|p2a: Hug Me
|-resisted|p2a: Hug Me
|-damage|p2a: Hug Me|319\/431
|-unboost|p2a: Hug Me|spa|1
|
|-heal|p1a: Daenerys Targayren|336\/393|[from] item: Leftovers
|-heal|p2a: Hug Me|345\/431|[from] item: Black Sludge
|turn|20
|
|move|p1a: Daenerys Targayren|Protect|p1a: Daenerys Targayren
|-singleturn|p1a: Daenerys Targayren|Protect
|move|p2a: Hug Me|Clear Smog|p1a: Daenerys Targayren
|-activate|p1a: Daenerys Targayren|Protect
|
|-heal|p1a: Daenerys Targayren|360\/393|[from] item: Leftovers
|-heal|p2a: Hug Me|371\/431|[from] item: Black Sludge
|turn|21
|
|switch|p1a: Daario Nahaaris|Gliscor, M|353\/353
|-damage|p1a: Daario Nahaaris|309\/353|[from] Stealth Rock
|move|p2a: Hug Me|Clear Smog|p1a: Daario Nahaaris
|-resisted|p1a: Daario Nahaaris
|-damage|p1a: Daario Nahaaris|292\/353
|-clearboost|p1a: Daario Nahaaris
|
|-heal|p2a: Hug Me|397\/431|[from] item: Black Sludge
|-status|p1a: Daario Nahaaris|tox|[from] item: Toxic Orb
|turn|22
|
|switch|p2a: Doping|Keldeo-Resolute|323\/323
|-damage|p2a: Doping|303\/323|[from] Stealth Rock
|move|p1a: Daario Nahaaris|Knock Off|p2a: Doping
|-resisted|p2a: Doping
|-damage|p2a: Doping|265\/323
|-boost|p2a: Doping|atk|1|[from] ability: Justified
|-enditem|p2a: Doping|Expert Belt|[from] move: Knock Off|[of] p1a: Daario Nahaaris
|
|-heal|p1a: Daario Nahaaris|336\/353 tox|[from] ability: Poison Heal
|turn|23
|
|switch|p1a: Chesnaught|Chesnaught, F|342\/379
|-damage|p1a: Chesnaught|319\/379|[from] Stealth Rock
|move|p2a: Doping|Icy Wind|p1a: Chesnaught
|-supereffective|p1a: Chesnaught
|-damage|p1a: Chesnaught|159\/379
|-unboost|p1a: Chesnaught|spe|1
|
|turn|24
|
|switch|p1a: Daenerys Targayren|Clefable, M|360\/393
|-damage|p1a: Daenerys Targayren|311\/393|[from] Stealth Rock
|move|p2a: Doping|Icy Wind|p1a: Daenerys Targayren
|-damage|p1a: Daenerys Targayren|237\/393
|-unboost|p1a: Daenerys Targayren|spe|1
|
|-heal|p1a: Daenerys Targayren|261\/393|[from] item: Leftovers
|turn|25
|
|move|p2a: Doping|Hydro Pump|p1a: Daenerys Targayren
|-damage|p1a: Daenerys Targayren|39\/393
|move|p1a: Daenerys Targayren|Wish|p1a: Daenerys Targayren
|
|-heal|p1a: Daenerys Targayren|63\/393|[from] item: Leftovers
|turn|26
|
|move|p1a: Daenerys Targayren|Protect|p1a: Daenerys Targayren
|-singleturn|p1a: Daenerys Targayren|Protect
|move|p2a: Doping|Hydro Pump|p1a: Daenerys Targayren
|-activate|p1a: Daenerys Targayren|Protect
|
|-heal|p1a: Daenerys Targayren|259\/393|[from] move: Wish|[wisher] Daenerys Targayren
|-heal|p1a: Daenerys Targayren|283\/393|[from] item: Leftovers
|turn|27
|
|move|p2a: Doping|Hydro Pump|p1a: Daenerys Targayren|[miss]
|-miss|p2a: Doping|p1a: Daenerys Targayren
|move|p1a: Daenerys Targayren|Wish|p1a: Daenerys Targayren
|
|-heal|p1a: Daenerys Targayren|307\/393|[from] item: Leftovers
|turn|28
|
|move|p2a: Doping|Hydro Pump|p1a: Daenerys Targayren|[miss]
|-miss|p2a: Doping|p1a: Daenerys Targayren
|move|p1a: Daenerys Targayren|Moonblast|p2a: Doping
|-supereffective|p2a: Doping
|-damage|p2a: Doping|49\/323
|
|-heal|p1a: Daenerys Targayren|393\/393|[from] move: Wish|[wisher] Daenerys Targayren
|turn|29
|c|âSeathomg|um
|
|move|p2a: Doping|Hydro Pump|p1a: Daenerys Targayren
|-damage|p1a: Daenerys Targayren|164\/393
|move|p1a: Daenerys Targayren|Wish|p1a: Daenerys Targayren
|
|-heal|p1a: Daenerys Targayren|188\/393|[from] item: Leftovers
|turn|30
|
|move|p1a: Daenerys Targayren|Protect|p1a: Daenerys Targayren
|-singleturn|p1a: Daenerys Targayren|Protect
|move|p2a: Doping|Hydro Pump|p1a: Daenerys Targayren
|-activate|p1a: Daenerys Targayren|Protect
|
|-heal|p1a: Daenerys Targayren|384\/393|[from] move: Wish|[wisher] Daenerys Targayren
|-heal|p1a: Daenerys Targayren|393\/393|[from] item: Leftovers
|turn|31
|
|move|p2a: Doping|Hydro Pump|p1a: Daenerys Targayren
|-damage|p1a: Daenerys Targayren|167\/393
|move|p1a: Daenerys Targayren|Wish|p1a: Daenerys Targayren
|
|-heal|p1a: Daenerys Targayren|191\/393|[from] item: Leftovers
|turn|32
|
|move|p1a: Daenerys Targayren|Protect|p1a: Daenerys Targayren
|-singleturn|p1a: Daenerys Targayren|Protect
|move|p2a: Doping|Hydro Pump|p1a: Daenerys Targayren
|-activate|p1a: Daenerys Targayren|Protect
|
|-heal|p1a: Daenerys Targayren|387\/393|[from] move: Wish|[wisher] Daenerys Targayren
|-heal|p1a: Daenerys Targayren|393\/393|[from] item: Leftovers
|turn|33
|-message|Seathomg forfeited.
|
|win|RSMessiii
|raw|Ladder updating...
|leave|Seathomg
|player|p2
|raw|RSMessiii's rating: 1655 &rarr; <strong>1664<\/strong><br \/>(+9 for winning)
|raw|Seathomg's rating: 1429 &rarr; <strong>1421<\/strong><br \/>(-8 for losing)