|join|Cienight
|join|RSMessiii
|player|p1|Cienight|84
|player|p2|RSMessiii|1
|gametype|singles
|gen|6
|tier|OU
|rated
|clearpoke
|poke|p1|Azumarill, F
|poke|p1|Ferrothorn, F
|poke|p1|Landorus-Therian, M, shiny
|poke|p1|Latias, F
|poke|p1|Charizard, M
|poke|p1|Mew
|poke|p2|Gliscor, M
|poke|p2|Clefable, M
|poke|p2|Chansey, F
|poke|p2|Slowbro, F
|poke|p2|Skarmory, F
|poke|p2|Chesnaught, M
|rule|Swagger Clause: Swagger is banned
|rule|Baton Pass Clause: Limit one PokÃ©mon knowing Baton Pass
|rule|Sleep Clause Mod: Limit one foe put to sleep
|rule|Species Clause: Limit one of each PokÃ©mon
|rule|OHKO Clause: OHKO moves are banned
|rule|Moody Clause: Moody is banned
|rule|Evasion Moves Clause: Evasion moves are banned
|rule|Endless Battle Clause: Forcing endless battles is banned
|rule|HP Percentage Mod: HP is shown in percentages
|teampreview
|c|âCienight|gl hf
|
|start
|switch|p1a: Mew|Mew|400\/400
|switch|p2a: Missandei|Chansey, F|703\/703
|turn|1
|
|move|p1a: Mew|Knock Off|p2a: Missandei
|-damage|p2a: Missandei|595\/703
|-enditem|p2a: Missandei|Eviolite|[from] move: Knock Off|[of] p1a: Mew
|move|p2a: Missandei|Toxic|p1a: Mew
|-status|p1a: Mew|tox
|-status|p2a: Missandei|tox
|
|-damage|p1a: Mew|375\/400 tox|[from] psn
|-damage|p2a: Missandei|552\/703 tox|[from] psn
|turn|2
|
|switch|p1a: Ferrothorn|Ferrothorn, F|349\/349
|move|p2a: Missandei|Stealth Rock|p1a: Ferrothorn
|-sidestart|p1: Cienight|move: Stealth Rock
|
|-damage|p2a: Missandei|466\/703 tox|[from] psn
|turn|3
|
|switch|p2a: Chesnaught|Chesnaught, M|379\/379
|move|p1a: Ferrothorn|Stealth Rock|p2a: Chesnaught
|-sidestart|p2: RSMessiii|move: Stealth Rock
|
|turn|4
|
|switch|p1a: Latias|Latias, F|301\/301
|-damage|p1a: Latias|264\/301|[from] Stealth Rock
|move|p2a: Chesnaught|Spikes|p1a: Latias
|-sidestart|p1: Cienight|Spikes
|
|turn|5
|
|switch|p2a: Daenerys Targayren|Clefable, M|393\/393
|-damage|p2a: Daenerys Targayren|344\/393|[from] Stealth Rock
|move|p1a: Latias|Defog|p2a: Daenerys Targayren
|-unboost|p2a: Daenerys Targayren|evasion|1
|-sideend|p2: RSMessiii|Stealth Rock|[from] move: Defog|[of] p2a: Daenerys Targayren
|-sideend|p1: Cienight|Spikes|[from] move: Defog|[of] p1a: Latias
|-sideend|p1: Cienight|Stealth Rock|[from] move: Defog|[of] p1a: Latias
|
|-heal|p2a: Daenerys Targayren|368\/393|[from] item: Leftovers
|turn|6
|
|switch|p1a: Charizard|Charizard, M|315\/315
|move|p2a: Daenerys Targayren|Wish|p2a: Daenerys Targayren
|
|-heal|p2a: Daenerys Targayren|392\/393|[from] item: Leftovers
|turn|7
|
|switch|p2a: Missandei|Chansey, F|466\/703
|move|p1a: Charizard|Dragon Dance|p1a: Charizard
|-boost|p1a: Charizard|atk|1
|-boost|p1a: Charizard|spe|1
|
|-heal|p2a: Missandei|662\/703|[from] move: Wish|[wisher] Daenerys Targayren
|turn|8
|
|detailschange|p1a: Charizard|Charizard-Mega-X, M
|-mega|p1a: Charizard|Charizard|Charizardite X
|move|p1a: Charizard|Dragon Claw|p2a: Missandei
|-damage|p2a: Missandei|47\/703
|move|p2a: Missandei|Toxic|p1a: Charizard
|-status|p1a: Charizard|tox
|
|-damage|p1a: Charizard|296\/315 tox|[from] psn
|turn|9
|
|switch|p2a: Berristan Selmy|Slowbro, F|393\/393
|move|p1a: Charizard|Flare Blitz|p2a: Berristan Selmy
|-resisted|p2a: Berristan Selmy
|-damage|p2a: Berristan Selmy|237\/393
|-damage|p1a: Charizard|245\/315 tox|[from] recoil|[of] p2a: Berristan Selmy
|
|-damage|p1a: Charizard|207\/315 tox|[from] psn
|turn|10
|
|switch|p2a: Daenerys Targayren|Clefable, M|392\/393
|move|p1a: Charizard|Dragon Claw|p2a: Daenerys Targayren
|-immune|p2a: Daenerys Targayren|[msg]
|
|-heal|p2a: Daenerys Targayren|393\/393|[from] item: Leftovers
|-damage|p1a: Charizard|150\/315 tox|[from] psn
|turn|11
|
|switch|p1a: Azumarill|Azumarill, F|381\/381
|move|p2a: Daenerys Targayren|Protect|p2a: Daenerys Targayren
|-fail|p2a: Daenerys Targayren
|
|turn|12
|
|move|p1a: Azumarill|Waterfall|p2a: Daenerys Targayren
|-damage|p2a: Daenerys Targayren|167\/393
|cant|p2a: Daenerys Targayren|flinch
|
|-heal|p2a: Daenerys Targayren|191\/393|[from] item: Leftovers
|turn|13
|
|move|p2a: Daenerys Targayren|Protect|p2a: Daenerys Targayren
|-singleturn|p2a: Daenerys Targayren|Protect
|move|p1a: Azumarill|Waterfall|p2a: Daenerys Targayren
|-activate|p2a: Daenerys Targayren|Protect
|
|-heal|p2a: Daenerys Targayren|215\/393|[from] item: Leftovers
|turn|14
|
|switch|p2a: Chesnaught|Chesnaught, M|379\/379
|move|p1a: Azumarill|Waterfall|p2a: Chesnaught
|-resisted|p2a: Chesnaught
|-damage|p2a: Chesnaught|294\/379
|
|-heal|p2a: Chesnaught|317\/379|[from] item: Leftovers
|turn|15
|
|switch|p1a: Latias|Latias, F|264\/301
|move|p2a: Chesnaught|Leech Seed|p1a: Latias
|-start|p1a: Latias|move: Leech Seed
|
|-heal|p2a: Chesnaught|340\/379|[from] item: Leftovers
|-damage|p1a: Latias|227\/301|[from] Leech Seed|[of] p2a: Chesnaught
|-heal|p2a: Chesnaught|377\/379|[silent]
|turn|16
|
|switch|p1a: Azumarill|Azumarill, F|381\/381
|move|p2a: Chesnaught|Spiky Shield|p2a: Chesnaught
|-fail|p2a: Chesnaught
|
|-heal|p2a: Chesnaught|379\/379|[from] item: Leftovers
|turn|17
|
|move|p2a: Chesnaught|Spiky Shield|p2a: Chesnaught
|-singleturn|p2a: Chesnaught|move: Protect
|move|p1a: Azumarill|Play Rough|p2a: Chesnaught
|-activate|p2a: Chesnaught|move: Protect
|-damage|p1a: Azumarill|334\/381|[from] Spiky Shield|[of] p2a: Chesnaught
|
|turn|18
|
|switch|p2a: Jorah Mormont|Skarmory, F|333\/333
|move|p1a: Azumarill|Play Rough|p2a: Jorah Mormont
|-resisted|p2a: Jorah Mormont
|-damage|p2a: Jorah Mormont|234\/333
|
|turn|19
|
|switch|p1a: Latias|Latias, F|227\/301
|move|p2a: Jorah Mormont|Roost|p2a: Jorah Mormont
|-heal|p2a: Jorah Mormont|333\/333
|
|turn|20
|
|switch|p2a: Daario Nahaaris|Gliscor, M|353\/353
|move|p1a: Latias|Thunderbolt|p2a: Daario Nahaaris
|-immune|p2a: Daario Nahaaris|[msg]
|
|-status|p2a: Daario Nahaaris|tox|[from] item: Toxic Orb
|turn|21
|
|switch|p1a: Ferrothorn|Ferrothorn, F|349\/349
|move|p2a: Daario Nahaaris|Knock Off|p1a: Ferrothorn
|-damage|p1a: Ferrothorn|300\/349
|-damage|p2a: Daario Nahaaris|309\/353 tox|[from] ability: Iron Barbs|[of] p1a: Ferrothorn
|-enditem|p1a: Ferrothorn|Leftovers|[from] move: Knock Off|[of] p2a: Daario Nahaaris
|
|-heal|p2a: Daario Nahaaris|353\/353 tox|[from] ability: Poison Heal
|turn|22
|
|move|p2a: Daario Nahaaris|Taunt|p1a: Ferrothorn
|-start|p1a: Ferrothorn|move: Taunt
|move|p1a: Ferrothorn|Gyro Ball|p2a: Daario Nahaaris
|-damage|p2a: Daario Nahaaris|217\/353 tox
|
|-heal|p2a: Daario Nahaaris|261\/353 tox|[from] ability: Poison Heal
|turn|23
|
|move|p2a: Daario Nahaaris|Earthquake|p1a: Ferrothorn
|-damage|p1a: Ferrothorn|230\/349
|move|p1a: Ferrothorn|Power Whip|p2a: Daario Nahaaris
|-damage|p2a: Daario Nahaaris|150\/353 tox
|
|-heal|p2a: Daario Nahaaris|194\/353 tox|[from] ability: Poison Heal
|turn|24
|
|switch|p2a: Chesnaught|Chesnaught, M|379\/379
|switch|p1a: Azumarill|Azumarill, F|334\/381
|
|turn|25
|
|move|p2a: Chesnaught|Spiky Shield|p2a: Chesnaught
|-singleturn|p2a: Chesnaught|move: Protect
|move|p1a: Azumarill|Play Rough|p2a: Chesnaught
|-activate|p2a: Chesnaught|move: Protect
|-damage|p1a: Azumarill|287\/381|[from] Spiky Shield|[of] p2a: Chesnaught
|
|turn|26
|
|switch|p2a: Jorah Mormont|Skarmory, F|333\/333
|move|p1a: Azumarill|Play Rough|p2a: Jorah Mormont
|-resisted|p2a: Jorah Mormont
|-damage|p2a: Jorah Mormont|216\/333
|
|turn|27
|
|switch|p1a: Latias|Latias, F|227\/301
|move|p2a: Jorah Mormont|Roost|p2a: Jorah Mormont
|-heal|p2a: Jorah Mormont|333\/333
|
|turn|28
|
|switch|p2a: Missandei|Chansey, F|47\/703
|move|p1a: Latias|Thunderbolt|p2a: Missandei
|-damage|p2a: Missandei|0 fnt
|-damage|p1a: Latias|197\/301|[from] item: Life Orb
|faint|p2a: Missandei
|
|
|switch|p2a: Daenerys Targayren|Clefable, M|215\/393
|turn|29
|
|switch|p1a: Azumarill|Azumarill, F|287\/381
|move|p2a: Daenerys Targayren|Wish|p2a: Daenerys Targayren
|
|-heal|p2a: Daenerys Targayren|239\/393|[from] item: Leftovers
|turn|30
|
|switch|p1a: Ferrothorn|Ferrothorn, F|230\/349
|move|p2a: Daenerys Targayren|Protect|p2a: Daenerys Targayren
|-fail|p2a: Daenerys Targayren
|
|-heal|p2a: Daenerys Targayren|393\/393|[from] move: Wish|[wisher] Daenerys Targayren
|turn|31
|
|switch|p2a: Chesnaught|Chesnaught, M|379\/379
|switch|p1a: Azumarill|Azumarill, F|287\/381
|
|turn|32
|
|move|p2a: Chesnaught|Spiky Shield|p2a: Chesnaught
|-singleturn|p2a: Chesnaught|move: Protect
|move|p1a: Azumarill|Play Rough|p2a: Chesnaught
|-activate|p2a: Chesnaught|move: Protect
|-damage|p1a: Azumarill|240\/381|[from] Spiky Shield|[of] p2a: Chesnaught
|
|turn|33
|
|switch|p2a: Jorah Mormont|Skarmory, F|333\/333
|switch|p1a: Mew|Mew|375\/400 tox
|
|-heal|p1a: Mew|400\/400 tox|[from] item: Leftovers
|-damage|p1a: Mew|375\/400 tox|[from] psn
|turn|34
|
|switch|p2a: Daario Nahaaris|Gliscor, M|194\/353 tox
|move|p1a: Mew|Taunt|p2a: Daario Nahaaris
|-start|p2a: Daario Nahaaris|move: Taunt
|
|-heal|p1a: Mew|400\/400 tox|[from] item: Leftovers
|-damage|p1a: Mew|350\/400 tox|[from] psn
|-heal|p2a: Daario Nahaaris|238\/353 tox|[from] ability: Poison Heal
|turn|35
|
|switch|p1a: Ferrothorn|Ferrothorn, F|230\/349
|move|p2a: Daario Nahaaris|Knock Off|p1a: Ferrothorn
|-damage|p1a: Ferrothorn|201\/349
|-damage|p2a: Daario Nahaaris|194\/353 tox|[from] ability: Iron Barbs|[of] p1a: Ferrothorn
|
|-heal|p2a: Daario Nahaaris|238\/353 tox|[from] ability: Poison Heal
|turn|36
|
|switch|p2a: Chesnaught|Chesnaught, M|379\/379
|move|p1a: Ferrothorn|Stealth Rock|p2a: Chesnaught
|-sidestart|p2: RSMessiii|move: Stealth Rock
|
|turn|37
|
|switch|p1a: Azumarill|Azumarill, F|240\/381
|move|p2a: Chesnaught|Spikes|p1a: Azumarill
|-sidestart|p1: Cienight|Spikes
|
|turn|38
|
|move|p2a: Chesnaught|Spiky Shield|p2a: Chesnaught
|-singleturn|p2a: Chesnaught|move: Protect
|move|p1a: Azumarill|Play Rough|p2a: Chesnaught
|-activate|p2a: Chesnaught|move: Protect
|-damage|p1a: Azumarill|193\/381|[from] Spiky Shield|[of] p2a: Chesnaught
|
|turn|39
|
|move|p2a: Chesnaught|Spikes|p1a: Azumarill
|-sidestart|p1: Cienight|Spikes
|move|p1a: Azumarill|Play Rough|p2a: Chesnaught
|-supereffective|p2a: Chesnaught
|-damage|p2a: Chesnaught|0 fnt
|faint|p2a: Chesnaught
|
|
|switch|p2a: Jorah Mormont|Skarmory, F|333\/333
|-damage|p2a: Jorah Mormont|292\/333|[from] Stealth Rock
|turn|40
|
|switch|p1a: Landorus-Therian|Landorus-Therian, M, shiny|325\/325
|-ability|p1a: Landorus-Therian|Intimidate|[of] p2a: Jorah Mormont
|-unboost|p2a: Jorah Mormont|atk|1
|move|p2a: Jorah Mormont|Whirlwind|p1a: Landorus-Therian
|drag|p1a: Latias|Latias, F|197\/301
|
|turn|41
|
|switch|p2a: Daenerys Targayren|Clefable, M|393\/393
|-damage|p2a: Daenerys Targayren|344\/393|[from] Stealth Rock
|move|p1a: Latias|Defog|p2a: Daenerys Targayren
|-unboost|p2a: Daenerys Targayren|evasion|1
|-sideend|p2: RSMessiii|Stealth Rock|[from] move: Defog|[of] p2a: Daenerys Targayren
|-sideend|p1: Cienight|Spikes|[from] move: Defog|[of] p1a: Latias
|
|-heal|p2a: Daenerys Targayren|368\/393|[from] item: Leftovers
|turn|42
|
|switch|p1a: Ferrothorn|Ferrothorn, F|201\/349
|move|p2a: Daenerys Targayren|Moonblast|p1a: Ferrothorn
|-resisted|p1a: Ferrothorn
|-damage|p1a: Ferrothorn|162\/349
|-unboost|p1a: Ferrothorn|spa|1
|
|-heal|p2a: Daenerys Targayren|392\/393|[from] item: Leftovers
|turn|43
|
|switch|p2a: Jorah Mormont|Skarmory, F|292\/333
|switch|p1a: Azumarill|Azumarill, F|193\/381
|
|turn|44
|
|switch|p2a: Berristan Selmy|Slowbro, F|368\/393
|switch|p1a: Ferrothorn|Ferrothorn, F|162\/349
|
|turn|45
|
|switch|p1a: Latias|Latias, F|197\/301
|move|p2a: Berristan Selmy|Scald|p1a: Latias
|-resisted|p1a: Latias
|-damage|p1a: Latias|160\/301
|-status|p1a: Latias|brn
|
|-damage|p1a: Latias|123\/301 brn|[from] brn
|turn|46
|
|switch|p1a: Ferrothorn|Ferrothorn, F|162\/349
|switch|p2a: Daenerys Targayren|Clefable, M|392\/393
|
|-heal|p2a: Daenerys Targayren|393\/393|[from] item: Leftovers
|turn|47
|
|switch|p2a: Jorah Mormont|Skarmory, F|292\/333
|move|p1a: Ferrothorn|Leech Seed|p2a: Jorah Mormont
|-start|p2a: Jorah Mormont|move: Leech Seed
|
|-damage|p2a: Jorah Mormont|251\/333|[from] Leech Seed|[of] p1a: Ferrothorn
|-heal|p1a: Ferrothorn|203\/349|[silent]
|turn|48
|
|switch|p2a: Berristan Selmy|Slowbro, F|393\/393
|move|p1a: Ferrothorn|Stealth Rock|p2a: Berristan Selmy
|-sidestart|p2: RSMessiii|move: Stealth Rock
|
|turn|49
|
|switch|p1a: Mew|Mew|350\/400 tox
|move|p2a: Berristan Selmy|Calm Mind|p2a: Berristan Selmy
|-boost|p2a: Berristan Selmy|spa|1
|-boost|p2a: Berristan Selmy|spd|1
|
|-heal|p1a: Mew|375\/400 tox|[from] item: Leftovers
|-damage|p1a: Mew|350\/400 tox|[from] psn
|turn|50
|
|move|p1a: Mew|Will-O-Wisp|p2a: Berristan Selmy
|-status|p2a: Berristan Selmy|brn
|move|p2a: Berristan Selmy|Scald|p1a: Mew
|-damage|p1a: Mew|239\/400 tox
|
|-heal|p1a: Mew|264\/400 tox|[from] item: Leftovers
|-damage|p1a: Mew|214\/400 tox|[from] psn
|-damage|p2a: Berristan Selmy|344\/393 brn|[from] brn
|turn|51
|
|move|p1a: Mew|Taunt|p2a: Berristan Selmy
|-start|p2a: Berristan Selmy|move: Taunt
|move|p2a: Berristan Selmy|Scald|p1a: Mew
|-damage|p1a: Mew|103\/400 tox
|
|-heal|p1a: Mew|128\/400 tox|[from] item: Leftovers
|-damage|p1a: Mew|53\/400 tox|[from] psn
|-damage|p2a: Berristan Selmy|295\/393 brn|[from] brn
|turn|52
|
|switch|p1a: Ferrothorn|Ferrothorn, F|203\/349
|move|p2a: Berristan Selmy|Scald|p1a: Ferrothorn
|-resisted|p1a: Ferrothorn
|-damage|p1a: Ferrothorn|147\/349
|
|-damage|p2a: Berristan Selmy|246\/393 brn|[from] brn
|turn|53
|
|switch|p2a: Jorah Mormont|Skarmory, F|251\/333
|-damage|p2a: Jorah Mormont|210\/333|[from] Stealth Rock
|move|p1a: Ferrothorn|Leech Seed|p2a: Jorah Mormont
|-start|p2a: Jorah Mormont|move: Leech Seed
|
|-damage|p2a: Jorah Mormont|169\/333|[from] Leech Seed|[of] p1a: Ferrothorn
|-heal|p1a: Ferrothorn|188\/349|[silent]
|turn|54
|
|switch|p1a: Latias|Latias, F|123\/301 brn
|move|p2a: Jorah Mormont|Roost|p2a: Jorah Mormont
|-heal|p2a: Jorah Mormont|333\/333
|
|-damage|p2a: Jorah Mormont|292\/333|[from] Leech Seed|[of] p1a: Latias
|-heal|p1a: Latias|164\/301 brn|[silent]
|-damage|p1a: Latias|127\/301 brn|[from] brn
|turn|55
|
|switch|p1a: Ferrothorn|Ferrothorn, F|188\/349
|switch|p2a: Daenerys Targayren|Clefable, M|393\/393
|-damage|p2a: Daenerys Targayren|344\/393|[from] Stealth Rock
|
|-heal|p2a: Daenerys Targayren|368\/393|[from] item: Leftovers
|turn|56
|
|move|p2a: Daenerys Targayren|Protect|p2a: Daenerys Targayren
|-singleturn|p2a: Daenerys Targayren|Protect
|move|p1a: Ferrothorn|Leech Seed|p2a: Daenerys Targayren
|-activate|p2a: Daenerys Targayren|Protect
|
|-heal|p2a: Daenerys Targayren|392\/393|[from] item: Leftovers
|turn|57
|
|switch|p2a: Jorah Mormont|Skarmory, F|292\/333
|-damage|p2a: Jorah Mormont|251\/333|[from] Stealth Rock
|move|p1a: Ferrothorn|Leech Seed|p2a: Jorah Mormont|[miss]
|-miss|p1a: Ferrothorn|p2a: Jorah Mormont
|
|turn|58
|
|move|p2a: Jorah Mormont|Defog|p1a: Ferrothorn
|-unboost|p1a: Ferrothorn|evasion|1
|-sideend|p2: RSMessiii|Stealth Rock|[from] move: Defog|[of] p2a: Jorah Mormont
|move|p1a: Ferrothorn|Leech Seed|p2a: Jorah Mormont
|-start|p2a: Jorah Mormont|move: Leech Seed
|
|-damage|p2a: Jorah Mormont|210\/333|[from] Leech Seed|[of] p1a: Ferrothorn
|-heal|p1a: Ferrothorn|229\/349|[silent]
|turn|59
|
|switch|p2a: Daario Nahaaris|Gliscor, M|238\/353 tox
|move|p1a: Ferrothorn|Leech Seed|p2a: Daario Nahaaris
|-start|p2a: Daario Nahaaris|move: Leech Seed
|
|-damage|p2a: Daario Nahaaris|194\/353 tox|[from] Leech Seed|[of] p1a: Ferrothorn
|-heal|p1a: Ferrothorn|273\/349|[silent]
|-heal|p2a: Daario Nahaaris|238\/353 tox|[from] ability: Poison Heal
|turn|60
|
|switch|p2a: Jorah Mormont|Skarmory, F|210\/333
|switch|p1a: Azumarill|Azumarill, F|193\/381
|
|turn|61
|
|switch|p1a: Ferrothorn|Ferrothorn, F|273\/349
|move|p2a: Jorah Mormont|Roost|p2a: Jorah Mormont
|-heal|p2a: Jorah Mormont|333\/333
|
|turn|62
|
|switch|p2a: Berristan Selmy|Slowbro, F|377\/393 brn
|move|p1a: Ferrothorn|Leech Seed|p2a: Berristan Selmy
|-start|p2a: Berristan Selmy|move: Leech Seed
|
|-damage|p2a: Berristan Selmy|328\/393 brn|[from] Leech Seed|[of] p1a: Ferrothorn
|-heal|p1a: Ferrothorn|322\/349|[silent]
|-damage|p2a: Berristan Selmy|279\/393 brn|[from] brn
|turn|63
|
|switch|p2a: Jorah Mormont|Skarmory, F|333\/333
|move|p1a: Ferrothorn|Stealth Rock|p2a: Jorah Mormont
|-sidestart|p2: RSMessiii|move: Stealth Rock
|
|turn|64
|
|move|p2a: Jorah Mormont|Defog|p1a: Ferrothorn
|-unboost|p1a: Ferrothorn|evasion|1
|-sideend|p2: RSMessiii|Stealth Rock|[from] move: Defog|[of] p2a: Jorah Mormont
|move|p1a: Ferrothorn|Leech Seed|p2a: Jorah Mormont
|-start|p2a: Jorah Mormont|move: Leech Seed
|
|-damage|p2a: Jorah Mormont|292\/333|[from] Leech Seed|[of] p1a: Ferrothorn
|-heal|p1a: Ferrothorn|349\/349|[silent]
|turn|65
|
|switch|p2a: Daario Nahaaris|Gliscor, M|238\/353 tox
|move|p1a: Ferrothorn|Stealth Rock|p2a: Daario Nahaaris
|-sidestart|p2: RSMessiii|move: Stealth Rock
|
|-heal|p2a: Daario Nahaaris|282\/353 tox|[from] ability: Poison Heal
|turn|66
|
|switch|p2a: Jorah Mormont|Skarmory, F|292\/333
|-damage|p2a: Jorah Mormont|251\/333|[from] Stealth Rock
|move|p1a: Ferrothorn|Leech Seed|p2a: Jorah Mormont
|-start|p2a: Jorah Mormont|move: Leech Seed
|
|-damage|p2a: Jorah Mormont|210\/333|[from] Leech Seed|[of] p1a: Ferrothorn
|turn|67
|join|weird af
|
|move|p2a: Jorah Mormont|Defog|p1a: Ferrothorn
|-unboost|p1a: Ferrothorn|evasion|1
|-sideend|p2: RSMessiii|Stealth Rock|[from] move: Defog|[of] p2a: Jorah Mormont
|move|p1a: Ferrothorn|Stealth Rock|p2a: Jorah Mormont
|-sidestart|p2: RSMessiii|move: Stealth Rock
|
|-damage|p2a: Jorah Mormont|169\/333|[from] Leech Seed|[of] p1a: Ferrothorn
|turn|68
|
|switch|p1a: Azumarill|Azumarill, F|193\/381
|move|p2a: Jorah Mormont|Roost|p2a: Jorah Mormont
|-heal|p2a: Jorah Mormont|333\/333
|
|-damage|p2a: Jorah Mormont|292\/333|[from] Leech Seed|[of] p1a: Azumarill
|-heal|p1a: Azumarill|234\/381|[silent]
|turn|69
|
|switch|p1a: Ferrothorn|Ferrothorn, F|349\/349
|move|p2a: Jorah Mormont|Defog|p1a: Ferrothorn
|-unboost|p1a: Ferrothorn|evasion|1
|-sideend|p2: RSMessiii|Stealth Rock|[from] move: Defog|[of] p2a: Jorah Mormont
|
|-damage|p2a: Jorah Mormont|251\/333|[from] Leech Seed|[of] p1a: Ferrothorn
|turn|70
|
|switch|p2a: Daario Nahaaris|Gliscor, M|282\/353 tox
|move|p1a: Ferrothorn|Stealth Rock|p2a: Daario Nahaaris
|-sidestart|p2: RSMessiii|move: Stealth Rock
|
|-heal|p2a: Daario Nahaaris|326\/353 tox|[from] ability: Poison Heal
|turn|71
|join|Mentalist Swag
|
|move|p2a: Daario Nahaaris|Earthquake|p1a: Ferrothorn
|-damage|p1a: Ferrothorn|273\/349
|move|p1a: Ferrothorn|Power Whip|p2a: Daario Nahaaris
|-damage|p2a: Daario Nahaaris|218\/353 tox
|
|-heal|p2a: Daario Nahaaris|262\/353 tox|[from] ability: Poison Heal
|turn|72
|
|switch|p2a: Jorah Mormont|Skarmory, F|251\/333
|-damage|p2a: Jorah Mormont|210\/333|[from] Stealth Rock
|switch|p1a: Landorus-Therian|Landorus-Therian, M, shiny|325\/325
|-ability|p1a: Landorus-Therian|Intimidate|[of] p2a: Jorah Mormont
|-unboost|p2a: Jorah Mormont|atk|1
|
|turn|73
|
|move|p1a: Landorus-Therian|U-turn|p2a: Jorah Mormont
|-resisted|p2a: Jorah Mormont
|-damage|p2a: Jorah Mormont|194\/333
|
|switch|p1a: Ferrothorn|Ferrothorn, F|273\/349
|move|p2a: Jorah Mormont|Defog|p1a: Ferrothorn
|-unboost|p1a: Ferrothorn|evasion|1
|-sideend|p2: RSMessiii|Stealth Rock|[from] move: Defog|[of] p2a: Jorah Mormont
|
|turn|74
|
|move|p2a: Jorah Mormont|Roost|p2a: Jorah Mormont
|-heal|p2a: Jorah Mormont|333\/333
|move|p1a: Ferrothorn|Stealth Rock|p2a: Jorah Mormont
|-sidestart|p2: RSMessiii|move: Stealth Rock
|
|turn|75
|
|move|p2a: Jorah Mormont|Defog|p1a: Ferrothorn
|-unboost|p1a: Ferrothorn|evasion|1
|-sideend|p2: RSMessiii|Stealth Rock|[from] move: Defog|[of] p2a: Jorah Mormont
|move|p1a: Ferrothorn|Leech Seed|p2a: Jorah Mormont
|-start|p2a: Jorah Mormont|move: Leech Seed
|
|-damage|p2a: Jorah Mormont|292\/333|[from] Leech Seed|[of] p1a: Ferrothorn
|-heal|p1a: Ferrothorn|314\/349|[silent]
|turn|76
|leave|Mentalist Swag
|
|switch|p2a: Daario Nahaaris|Gliscor, M|262\/353 tox
|move|p1a: Ferrothorn|Stealth Rock|p2a: Daario Nahaaris
|-sidestart|p2: RSMessiii|move: Stealth Rock
|
|-heal|p2a: Daario Nahaaris|306\/353 tox|[from] ability: Poison Heal
|turn|77
|
|switch|p1a: Landorus-Therian|Landorus-Therian, M, shiny|325\/325
|-ability|p1a: Landorus-Therian|Intimidate|[of] p2a: Daario Nahaaris
|-unboost|p2a: Daario Nahaaris|atk|1
|move|p2a: Daario Nahaaris|Earthquake|p1a: Landorus-Therian
|-immune|p1a: Landorus-Therian|[msg]
|
|-heal|p2a: Daario Nahaaris|350\/353 tox|[from] ability: Poison Heal
|turn|78
|
|move|p1a: Landorus-Therian|U-turn|p2a: Daario Nahaaris
|-resisted|p2a: Daario Nahaaris
|-damage|p2a: Daario Nahaaris|315\/353 tox
|
|switch|p1a: Ferrothorn|Ferrothorn, F|314\/349
|move|p2a: Daario Nahaaris|Knock Off|p1a: Ferrothorn
|-damage|p1a: Ferrothorn|293\/349
|-damage|p2a: Daario Nahaaris|271\/353 tox|[from] ability: Iron Barbs|[of] p1a: Ferrothorn
|
|-heal|p2a: Daario Nahaaris|315\/353 tox|[from] ability: Poison Heal
|turn|79
|
|switch|p1a: Azumarill|Azumarill, F|234\/381
|move|p2a: Daario Nahaaris|Taunt|p1a: Azumarill
|-start|p1a: Azumarill|move: Taunt
|
|-heal|p2a: Daario Nahaaris|353\/353 tox|[from] ability: Poison Heal
|turn|80
|
|switch|p2a: Jorah Mormont|Skarmory, F|292\/333
|-damage|p2a: Jorah Mormont|251\/333|[from] Stealth Rock
|move|p1a: Azumarill|Waterfall|p2a: Jorah Mormont
|-damage|p2a: Jorah Mormont|71\/333
|
|turn|81
|
|move|p2a: Jorah Mormont|Roost|p2a: Jorah Mormont
|-heal|p2a: Jorah Mormont|238\/333
|move|p1a: Azumarill|Waterfall|p2a: Jorah Mormont
|-damage|p2a: Jorah Mormont|60\/333
|
|turn|82
|
|move|p2a: Jorah Mormont|Roost|p2a: Jorah Mormont
|-heal|p2a: Jorah Mormont|227\/333
|move|p1a: Azumarill|Waterfall|p2a: Jorah Mormont
|-damage|p2a: Jorah Mormont|46\/333
|
|-end|p1a: Azumarill|move: Taunt
|turn|83
|
|move|p2a: Jorah Mormont|Roost|p2a: Jorah Mormont
|-heal|p2a: Jorah Mormont|213\/333
|move|p1a: Azumarill|Waterfall|p2a: Jorah Mormont
|-damage|p2a: Jorah Mormont|6\/333
|
|turn|84
|
|move|p2a: Jorah Mormont|Defog|p1a: Azumarill
|-unboost|p1a: Azumarill|evasion|1
|-sideend|p2: RSMessiii|Stealth Rock|[from] move: Defog|[of] p2a: Jorah Mormont
|move|p1a: Azumarill|Waterfall|p2a: Jorah Mormont
|-damage|p2a: Jorah Mormont|0 fnt
|faint|p2a: Jorah Mormont
|
|
|switch|p2a: Berristan Selmy|Slowbro, F|393\/393 brn
|turn|85
|
|switch|p1a: Ferrothorn|Ferrothorn, F|293\/349
|move|p2a: Berristan Selmy|Calm Mind|p2a: Berristan Selmy
|-boost|p2a: Berristan Selmy|spa|1
|-boost|p2a: Berristan Selmy|spd|1
|
|-damage|p2a: Berristan Selmy|344\/393 brn|[from] brn
|turn|86
|
|move|p2a: Berristan Selmy|Scald|p1a: Ferrothorn
|-resisted|p1a: Ferrothorn
|-damage|p1a: Ferrothorn|233\/349
|move|p1a: Ferrothorn|Leech Seed|p2a: Berristan Selmy
|-start|p2a: Berristan Selmy|move: Leech Seed
|
|-damage|p2a: Berristan Selmy|295\/393 brn|[from] Leech Seed|[of] p1a: Ferrothorn
|-heal|p1a: Ferrothorn|282\/349|[silent]
|-damage|p2a: Berristan Selmy|246\/393 brn|[from] brn
|turn|87
|
|switch|p2a: Daario Nahaaris|Gliscor, M|353\/353 tox
|move|p1a: Ferrothorn|Stealth Rock|p2a: Daario Nahaaris
|-sidestart|p2: RSMessiii|move: Stealth Rock
|
|turn|88
|
|switch|p1a: Landorus-Therian|Landorus-Therian, M, shiny|325\/325
|-ability|p1a: Landorus-Therian|Intimidate|[of] p2a: Daario Nahaaris
|-unboost|p2a: Daario Nahaaris|atk|1
|move|p2a: Daario Nahaaris|Earthquake|p1a: Landorus-Therian
|-immune|p1a: Landorus-Therian|[msg]
|
|turn|89
|
|move|p1a: Landorus-Therian|U-turn|p2a: Daario Nahaaris
|-resisted|p2a: Daario Nahaaris
|-damage|p2a: Daario Nahaaris|315\/353 tox
|
|switch|p1a: Ferrothorn|Ferrothorn, F|282\/349
|move|p2a: Daario Nahaaris|Knock Off|p1a: Ferrothorn
|-damage|p1a: Ferrothorn|261\/349
|-damage|p2a: Daario Nahaaris|271\/353 tox|[from] ability: Iron Barbs|[of] p1a: Ferrothorn
|
|-heal|p2a: Daario Nahaaris|315\/353 tox|[from] ability: Poison Heal
|turn|90
|
|move|p2a: Daario Nahaaris|Earthquake|p1a: Ferrothorn
|-damage|p1a: Ferrothorn|210\/349
|move|p1a: Ferrothorn|Leech Seed|p2a: Daario Nahaaris
|-start|p2a: Daario Nahaaris|move: Leech Seed
|
|-damage|p2a: Daario Nahaaris|271\/353 tox|[from] Leech Seed|[of] p1a: Ferrothorn
|-heal|p1a: Ferrothorn|254\/349|[silent]
|-heal|p2a: Daario Nahaaris|315\/353 tox|[from] ability: Poison Heal
|turn|91
|
|switch|p2a: Daenerys Targayren|Clefable, M|392\/393
|-damage|p2a: Daenerys Targayren|343\/393|[from] Stealth Rock
|move|p1a: Ferrothorn|Gyro Ball|p2a: Daenerys Targayren
|-supereffective|p2a: Daenerys Targayren
|-damage|p2a: Daenerys Targayren|155\/393
|
|-heal|p2a: Daenerys Targayren|179\/393|[from] item: Leftovers
|turn|92
|c| weird af|Damn ur team is solid sf cien
|c| weird af|F
|
|move|p2a: Daenerys Targayren|Protect|p2a: Daenerys Targayren
|-singleturn|p2a: Daenerys Targayren|Protect
|move|p1a: Ferrothorn|Leech Seed|p2a: Daenerys Targayren
|-activate|p2a: Daenerys Targayren|Protect
|
|-heal|p2a: Daenerys Targayren|203\/393|[from] item: Leftovers
|turn|93
|c| weird af|af
|c|âCienight|the guy who made it
|c|âCienight|is an excellent builder
|
|move|p2a: Daenerys Targayren|Wish|p2a: Daenerys Targayren
|move|p1a: Ferrothorn|Gyro Ball|p2a: Daenerys Targayren
|-supereffective|p2a: Daenerys Targayren
|-damage|p2a: Daenerys Targayren|5\/393
|
|-heal|p2a: Daenerys Targayren|29\/393|[from] item: Leftovers
|turn|94
|c| weird af|Whos is it?
|c|âCienight|the dragon knight
|c| weird af|H yes
|
|switch|p1a: Azumarill|Azumarill, F|234\/381
|move|p2a: Daenerys Targayren|Heal Bell|p2a: Daenerys Targayren
|-cureteam|p2a: Daenerys Targayren|[from] move: HealBell
|
|-heal|p2a: Daenerys Targayren|225\/393|[from] move: Wish|[wisher] Daenerys Targayren
|-heal|p2a: Daenerys Targayren|249\/393|[from] item: Leftovers
|turn|95
|c| weird af|he built some teams for me in xy
|c| weird af|hes amazing
|
|move|p2a: Daenerys Targayren|Protect|p2a: Daenerys Targayren
|-singleturn|p2a: Daenerys Targayren|Protect
|move|p1a: Azumarill|Play Rough|p2a: Daenerys Targayren
|-activate|p2a: Daenerys Targayren|Protect
|
|-heal|p2a: Daenerys Targayren|273\/393|[from] item: Leftovers
|turn|96
|c| weird af|And hes cool :)
|c|âCienight|y
|
|move|p1a: Azumarill|Play Rough|p2a: Daenerys Targayren
|-damage|p2a: Daenerys Targayren|33\/393
|move|p2a: Daenerys Targayren|Wish|p2a: Daenerys Targayren
|
|-heal|p2a: Daenerys Targayren|57\/393|[from] item: Leftovers
|turn|97
|
|move|p2a: Daenerys Targayren|Protect|p2a: Daenerys Targayren
|-singleturn|p2a: Daenerys Targayren|Protect
|move|p1a: Azumarill|Play Rough|p2a: Daenerys Targayren
|-activate|p2a: Daenerys Targayren|Protect
|
|-heal|p2a: Daenerys Targayren|253\/393|[from] move: Wish|[wisher] Daenerys Targayren
|-heal|p2a: Daenerys Targayren|277\/393|[from] item: Leftovers
|turn|98
|
|move|p1a: Azumarill|Play Rough|p2a: Daenerys Targayren
|-damage|p2a: Daenerys Targayren|25\/393
|move|p2a: Daenerys Targayren|Wish|p2a: Daenerys Targayren
|
|-heal|p2a: Daenerys Targayren|49\/393|[from] item: Leftovers
|turn|99
|
|move|p2a: Daenerys Targayren|Protect|p2a: Daenerys Targayren
|-singleturn|p2a: Daenerys Targayren|Protect
|move|p1a: Azumarill|Play Rough|p2a: Daenerys Targayren
|-activate|p2a: Daenerys Targayren|Protect
|
|-heal|p2a: Daenerys Targayren|245\/393|[from] move: Wish|[wisher] Daenerys Targayren
|-heal|p2a: Daenerys Targayren|269\/393|[from] item: Leftovers
|turn|100
|join|abgeiern
|
|move|p1a: Azumarill|Play Rough|p2a: Daenerys Targayren
|-damage|p2a: Daenerys Targayren|1\/393
|move|p2a: Daenerys Targayren|Wish|p2a: Daenerys Targayren
|
|-heal|p2a: Daenerys Targayren|25\/393|[from] item: Leftovers
|turn|101
|
|move|p2a: Daenerys Targayren|Protect|p2a: Daenerys Targayren
|-singleturn|p2a: Daenerys Targayren|Protect
|move|p1a: Azumarill|Play Rough|p2a: Daenerys Targayren
|-activate|p2a: Daenerys Targayren|Protect
|
|-heal|p2a: Daenerys Targayren|221\/393|[from] move: Wish|[wisher] Daenerys Targayren
|-heal|p2a: Daenerys Targayren|245\/393|[from] item: Leftovers
|turn|102
|
|move|p1a: Azumarill|Play Rough|p2a: Daenerys Targayren
|-damage|p2a: Daenerys Targayren|0 fnt
|faint|p2a: Daenerys Targayren
|
|c| weird af|Dont moss...
|c| weird af|miss
|
|switch|p2a: Berristan Selmy|Slowbro, F|377\/393
|-damage|p2a: Berristan Selmy|328\/393|[from] Stealth Rock
|turn|103
|
|switch|p1a: Ferrothorn|Ferrothorn, F|254\/349
|detailschange|p2a: Berristan Selmy|Slowbro-Mega, F
|-mega|p2a: Berristan Selmy|Slowbro|Slowbronite
|move|p2a: Berristan Selmy|Calm Mind|p2a: Berristan Selmy
|-boost|p2a: Berristan Selmy|spa|1
|-boost|p2a: Berristan Selmy|spd|1
|
|turn|104
|
|move|p2a: Berristan Selmy|Scald|p1a: Ferrothorn
|-resisted|p1a: Ferrothorn
|-damage|p1a: Ferrothorn|183\/349
|move|p1a: Ferrothorn|Leech Seed|p2a: Berristan Selmy
|-start|p2a: Berristan Selmy|move: Leech Seed
|
|-damage|p2a: Berristan Selmy|279\/393|[from] Leech Seed|[of] p1a: Ferrothorn
|-heal|p1a: Ferrothorn|232\/349|[silent]
|turn|105
|
|move|p2a: Berristan Selmy|Scald|p1a: Ferrothorn
|-resisted|p1a: Ferrothorn
|-damage|p1a: Ferrothorn|166\/349
|-status|p1a: Ferrothorn|brn
|move|p1a: Ferrothorn|Power Whip|p2a: Berristan Selmy
|-supereffective|p2a: Berristan Selmy
|-damage|p2a: Berristan Selmy|213\/393
|
|-damage|p2a: Berristan Selmy|164\/393|[from] Leech Seed|[of] p1a: Ferrothorn
|-heal|p1a: Ferrothorn|215\/349 brn|[silent]
|-damage|p1a: Ferrothorn|172\/349 brn|[from] brn
|turn|106
|
|switch|p1a: Latias|Latias, F|127\/301 brn
|move|p2a: Berristan Selmy|Rest|p2a: Berristan Selmy
|-status|p2a: Berristan Selmy|slp
|-heal|p2a: Berristan Selmy|393\/393 slp|[silent]
|-status|p2a: Berristan Selmy|slp|[from] move: Rest
|
|-damage|p2a: Berristan Selmy|344\/393 slp|[from] Leech Seed|[of] p1a: Latias
|-heal|p1a: Latias|176\/301 brn|[silent]
|-damage|p1a: Latias|139\/301 brn|[from] brn
|turn|107
|
|switch|p2a: Daario Nahaaris|Gliscor, M|315\/353
|-damage|p2a: Daario Nahaaris|271\/353|[from] Stealth Rock
|move|p1a: Latias|Thunderbolt|p2a: Daario Nahaaris
|-immune|p2a: Daario Nahaaris|[msg]
|
|-damage|p1a: Latias|102\/301 brn|[from] brn
|-status|p2a: Daario Nahaaris|tox|[from] item: Toxic Orb
|turn|108
|
|switch|p1a: Landorus-Therian|Landorus-Therian, M, shiny|325\/325
|-ability|p1a: Landorus-Therian|Intimidate|[of] p2a: Daario Nahaaris
|-unboost|p2a: Daario Nahaaris|atk|1
|move|p2a: Daario Nahaaris|Knock Off|p1a: Landorus-Therian
|-damage|p1a: Landorus-Therian|276\/325
|-enditem|p1a: Landorus-Therian|Choice Scarf|[from] move: Knock Off|[of] p2a: Daario Nahaaris
|
|-heal|p2a: Daario Nahaaris|315\/353 tox|[from] ability: Poison Heal
|turn|109
|
|move|p1a: Landorus-Therian|U-turn|p2a: Daario Nahaaris
|-resisted|p2a: Daario Nahaaris
|-damage|p2a: Daario Nahaaris|277\/353 tox
|
|switch|p1a: Ferrothorn|Ferrothorn, F|172\/349 brn
|move|p2a: Daario Nahaaris|Knock Off|p1a: Ferrothorn
|-damage|p1a: Ferrothorn|150\/349 brn
|-damage|p2a: Daario Nahaaris|233\/353 tox|[from] ability: Iron Barbs|[of] p1a: Ferrothorn
|
|-heal|p2a: Daario Nahaaris|277\/353 tox|[from] ability: Poison Heal
|-damage|p1a: Ferrothorn|107\/349 brn|[from] brn
|turn|110
|
|switch|p1a: Landorus-Therian|Landorus-Therian, M, shiny|276\/325
|-ability|p1a: Landorus-Therian|Intimidate|[of] p2a: Daario Nahaaris
|-unboost|p2a: Daario Nahaaris|atk|1
|move|p2a: Daario Nahaaris|Taunt|p1a: Landorus-Therian
|-start|p1a: Landorus-Therian|move: Taunt
|
|-heal|p2a: Daario Nahaaris|321\/353 tox|[from] ability: Poison Heal
|turn|111
|
|move|p1a: Landorus-Therian|U-turn|p2a: Daario Nahaaris
|-resisted|p2a: Daario Nahaaris
|-damage|p2a: Daario Nahaaris|285\/353 tox
|
|switch|p1a: Ferrothorn|Ferrothorn, F|107\/349 brn
|move|p2a: Daario Nahaaris|Knock Off|p1a: Ferrothorn
|-damage|p1a: Ferrothorn|92\/349 brn
|-damage|p2a: Daario Nahaaris|241\/353 tox|[from] ability: Iron Barbs|[of] p1a: Ferrothorn
|
|-heal|p2a: Daario Nahaaris|285\/353 tox|[from] ability: Poison Heal
|-damage|p1a: Ferrothorn|49\/349 brn|[from] brn
|turn|112
|
|switch|p1a: Landorus-Therian|Landorus-Therian, M, shiny|276\/325
|-ability|p1a: Landorus-Therian|Intimidate|[of] p2a: Daario Nahaaris
|-unboost|p2a: Daario Nahaaris|atk|1
|move|p2a: Daario Nahaaris|Taunt|p1a: Landorus-Therian
|-start|p1a: Landorus-Therian|move: Taunt
|
|-heal|p2a: Daario Nahaaris|329\/353 tox|[from] ability: Poison Heal
|turn|113
|
|move|p1a: Landorus-Therian|Knock Off|p2a: Daario Nahaaris
|-damage|p2a: Daario Nahaaris|217\/353 tox
|-enditem|p2a: Daario Nahaaris|Toxic Orb|[from] move: Knock Off|[of] p1a: Landorus-Therian
|move|p2a: Daario Nahaaris|Knock Off|p1a: Landorus-Therian
|-damage|p1a: Landorus-Therian|254\/325
|
|-heal|p2a: Daario Nahaaris|261\/353 tox|[from] ability: Poison Heal
|turn|114
|join|Tom Bus
|
|move|p1a: Landorus-Therian|Rock Slide|p2a: Daario Nahaaris
|-miss|p1a: Landorus-Therian|p2a: Daario Nahaaris
|move|p2a: Daario Nahaaris|Knock Off|p1a: Landorus-Therian
|-damage|p1a: Landorus-Therian|234\/325
|
|-heal|p2a: Daario Nahaaris|305\/353 tox|[from] ability: Poison Heal
|turn|115
|
|switch|p2a: Berristan Selmy|Slowbro-Mega, F|344\/393 slp
|-damage|p2a: Berristan Selmy|295\/393 slp|[from] Stealth Rock
|move|p1a: Landorus-Therian|Rock Slide|p2a: Berristan Selmy
|-damage|p2a: Berristan Selmy|249\/393 slp
|
|-end|p1a: Landorus-Therian|move: Taunt
|turn|116
|
|move|p1a: Landorus-Therian|U-turn|p2a: Berristan Selmy
|-supereffective|p2a: Berristan Selmy
|-damage|p2a: Berristan Selmy|159\/393 slp
|
|switch|p1a: Ferrothorn|Ferrothorn, F|49\/349 brn
|cant|p2a: Berristan Selmy|slp
|move|p2a: Berristan Selmy|Sleep Talk|p2a: Berristan Selmy
|move|p2a: Berristan Selmy|Rest|p2a: Berristan Selmy|[from]Sleep Talk
|-fail|p2a: Berristan Selmy
|
|-damage|p1a: Ferrothorn|6\/349 brn|[from] brn
|turn|117
|
|cant|p2a: Berristan Selmy|slp
|move|p1a: Ferrothorn|Leech Seed|p2a: Berristan Selmy
|-start|p2a: Berristan Selmy|move: Leech Seed
|
|-damage|p2a: Berristan Selmy|110\/393 slp|[from] Leech Seed|[of] p1a: Ferrothorn
|-heal|p1a: Ferrothorn|55\/349 brn|[silent]
|-damage|p1a: Ferrothorn|12\/349 brn|[from] brn
|turn|118
|
|switch|p1a: Latias|Latias, F|102\/301 brn
|-curestatus|p2a: Berristan Selmy|slp
|move|p2a: Berristan Selmy|Rest|p2a: Berristan Selmy
|-status|p2a: Berristan Selmy|slp
|-heal|p2a: Berristan Selmy|393\/393 slp|[silent]
|-status|p2a: Berristan Selmy|slp|[from] move: Rest
|
|-damage|p2a: Berristan Selmy|344\/393 slp|[from] Leech Seed|[of] p1a: Latias
|-heal|p1a: Latias|151\/301 brn|[silent]
|-damage|p1a: Latias|114\/301 brn|[from] brn
|turn|119
|
|switch|p2a: Daario Nahaaris|Gliscor, M|305\/353 tox
|-damage|p2a: Daario Nahaaris|261\/353 tox|[from] Stealth Rock
|move|p1a: Latias|Draco Meteor|p2a: Daario Nahaaris
|-damage|p2a: Daario Nahaaris|0 fnt
|-unboost|p1a: Latias|spa|2
|-damage|p1a: Latias|84\/301 brn|[from] item: Life Orb
|faint|p2a: Daario Nahaaris
|
|-damage|p1a: Latias|47\/301 brn|[from] brn
|
|switch|p2a: Berristan Selmy|Slowbro-Mega, F|344\/393 slp
|-damage|p2a: Berristan Selmy|295\/393 slp|[from] Stealth Rock
|turn|120
|
|move|p1a: Latias|Healing Wish|p1a: Latias
|faint|p1a: Latias
|cant|p2a: Berristan Selmy|slp
|move|p2a: Berristan Selmy|Sleep Talk|p2a: Berristan Selmy
|move|p2a: Berristan Selmy|Scald|p1: Latias|[from]Sleep Talk|[notarget]
|-notarget
|
|
|switch|p1a: Mew|Mew|53\/400 tox
|-heal|p1a: Mew|400\/400|[from] move: Healing Wish
|turn|121
|
|move|p1a: Mew|Taunt|p2a: Berristan Selmy
|-start|p2a: Berristan Selmy|move: Taunt
|cant|p2a: Berristan Selmy|slp
|cant|p2a: Berristan Selmy|move: Taunt|Sleep Talk
|
|turn|122
|
|move|p1a: Mew|Knock Off|p2a: Berristan Selmy
|-supereffective|p2a: Berristan Selmy
|-damage|p2a: Berristan Selmy|247\/393 slp
|-curestatus|p2a: Berristan Selmy|slp
|move|p2a: Berristan Selmy|Scald|p1a: Mew
|-damage|p1a: Mew|294\/400
|
|-heal|p1a: Mew|319\/400|[from] item: Leftovers
|turn|123
|
|move|p1a: Mew|Roost|p1a: Mew
|-heal|p1a: Mew|400\/400
|move|p2a: Berristan Selmy|Scald|p1a: Mew
|-crit|p1a: Mew
|-damage|p1a: Mew|241\/400
|
|-heal|p1a: Mew|266\/400|[from] item: Leftovers
|-end|p2a: Berristan Selmy|move: Taunt
|turn|124
|
|move|p1a: Mew|Taunt|p2a: Berristan Selmy
|-start|p2a: Berristan Selmy|move: Taunt
|move|p2a: Berristan Selmy|Scald|p1a: Mew
|-damage|p1a: Mew|166\/400
|-status|p1a: Mew|brn
|-status|p2a: Berristan Selmy|brn
|
|-heal|p1a: Mew|191\/400 brn|[from] item: Leftovers
|-damage|p1a: Mew|141\/400 brn|[from] brn
|-damage|p2a: Berristan Selmy|198\/393 brn|[from] brn
|turn|125
|
|move|p1a: Mew|Roost|p1a: Mew
|-heal|p1a: Mew|341\/400 brn
|move|p2a: Berristan Selmy|Scald|p1a: Mew
|-damage|p1a: Mew|244\/400 brn
|
|-heal|p1a: Mew|269\/400 brn|[from] item: Leftovers
|-damage|p1a: Mew|219\/400 brn|[from] brn
|-damage|p2a: Berristan Selmy|149\/393 brn|[from] brn
|turn|126
|
|move|p1a: Mew|Roost|p1a: Mew
|-heal|p1a: Mew|400\/400 brn
|move|p2a: Berristan Selmy|Scald|p1a: Mew
|-damage|p1a: Mew|309\/400 brn
|
|-heal|p1a: Mew|334\/400 brn|[from] item: Leftovers
|-damage|p1a: Mew|284\/400 brn|[from] brn
|-damage|p2a: Berristan Selmy|100\/393 brn|[from] brn
|-end|p2a: Berristan Selmy|move: Taunt
|turn|127
|-message|RSMessiii forfeited.
|leave|RSMessiii
|
|win|Cienight
|raw|Ladder updating...
|player|p2
|raw|Cienight's rating: 1791 &rarr; <strong>1804<\/strong><br \/>(+13 for winning)
|raw|RSMessiii's rating: 1672 &rarr; <strong>1659<\/strong><br \/>(-13 for losing)
|leave|weird af
|leave|Cienight
|player|p1
|leave|Tom Bus