|join|K4rpman
|join|AP-Z
|player|p1|K4rpman|2
|player|p2|AP-Z|184
|gametype|singles
|tier|OU
|rule|Evasion Abilities Clause: Evasion abilities are banned
|clearpoke
|poke|p1|Espeon, F
|poke|p1|Volcarona, F
|poke|p1|Jirachi
|poke|p1|Breloom, M
|poke|p1|Dragonite, M
|poke|p1|Garchomp, M
|poke|p2|Umbreon, M
|poke|p2|Blissey, F
|poke|p2|Skarmory, M
|poke|p2|Latias, F
|poke|p2|Starmie
|poke|p2|Jellicent, F
|rule|Sleep Clause Mod: Limit one foe put to sleep
|rule|Species Clause: Limit one of each Pokemon
|rule|OHKO Clause: OHKO moves are banned
|rule|Moody Clause: Moody is banned
|rule|Evasion Moves Clause: Evasion moves are banned
|rule|HP Percentage Mod: HP is reported as percentages
|teampreview
|callback|decision
|
|start
|switch|p1a: Jirachi|Jirachi|341\/341
|switch|p2a: Starmie|Starmie|261\/261
|turn|1
|callback|decision
|
|move|p1a: Jirachi|U-turn|p2a: Starmie
|-supereffective|p2a: Starmie
|-damage|p2a: Starmie|101\/261
|callback|decision
|
|switch|p1a: Espeon|Espeon, F|334\/334
|move|p2a: Starmie|Surf|p1a: Espeon
|-damage|p1a: Espeon|180\/334
|
|-heal|p2a: Starmie|117\/261|[from] item: Leftovers
|turn|2
|callback|decision
|
|switch|p2a: Latias|Latias, F|364\/364
|switch|p1a: Jirachi|Jirachi|341\/341
|
|turn|3
|callback|decision
|
|move|p1a: Jirachi|Iron Head|p2a: Latias
|-damage|p2a: Latias|280\/364
|cant|p2a: Latias|flinch
|
|-heal|p2a: Latias|302\/364|[from] item: Leftovers
|turn|4
|callback|decision
|
|switch|p1a: Breloom|Breloom, M|262\/262
|move|p2a: Latias|Reflect Type|p1a: Breloom
|-start|p2a: Latias|typechange|Grass, Fighting|[from] move: Reflect Type|[of] p1a: Breloom
|
|-heal|p2a: Latias|324\/364|[from] item: Leftovers
|turn|5
|callback|decision
|
|move|p1a: Breloom|Spore|p2a: Latias
|-status|p2a: Latias|slp
|cant|p2a: Latias|slp
|
|-heal|p2a: Latias|346\/364 slp|[from] item: Leftovers
|turn|6
|callback|decision
|
|switch|p1a: Jirachi|Jirachi|341\/341
|cant|p2a: Latias|slp
|
|-heal|p2a: Latias|364\/364 slp|[from] item: Leftovers
|turn|7
|callback|decision
|
|switch|p2a: Skarmory|Skarmory, M|334\/334
|move|p1a: Jirachi|Ice Punch|p2a: Skarmory
|-damage|p2a: Skarmory|292\/334
|
|turn|8
|callback|decision
|
|switch|p1a: Espeon|Espeon, F|180\/334
|move|p2a: Skarmory|Brave Bird|p1a: Espeon
|-damage|p1a: Espeon|14\/334
|-damage|p2a: Skarmory|237\/334|[from] recoil|[of] p1a: Espeon
|
|turn|9
|callback|decision
|
|move|p1a: Espeon|Reflect|p1a: Espeon
|-sidestart|p1: K4rpman|Reflect
|move|p2a: Skarmory|Brave Bird|p1a: Espeon
|-damage|p1a: Espeon|0 fnt
|-damage|p2a: Skarmory|232\/334|[from] recoil|[of] p1a: Espeon
|faint|p1a: Espeon
|
|callback|decision
|
|switch|p1a: Volcarona|Volcarona, F|311\/311
|turn|10
|callback|decision
|
|move|p1a: Volcarona|Quiver Dance|p1a: Volcarona
|-boost|p1a: Volcarona|spa|1
|-boost|p1a: Volcarona|spd|1
|-boost|p1a: Volcarona|spe|1
|move|p2a: Skarmory|Whirlwind|p1a: Volcarona
|drag|p1a: Dragonite|Dragonite, M|323\/323
|
|turn|11
|callback|decision
|
|move|p1a: Dragonite|Fire Punch|p2a: Skarmory
|-supereffective|p2a: Skarmory
|-damage|p2a: Skarmory|132\/334
|move|p2a: Skarmory|Stealth Rock|p1a: Dragonite
|-sidestart|p1: K4rpman|move: Stealth Rock
|
|turn|12
|callback|decision
|
|move|p1a: Dragonite|Fire Punch|p2a: Skarmory
|-supereffective|p2a: Skarmory
|-damage|p2a: Skarmory|20\/334
|move|p2a: Skarmory|Spikes|p1a: Dragonite
|-sidestart|p1: K4rpman|Spikes
|
|turn|13
|callback|decision
|-enditem|p2a: Skarmory|Custap Berry|[eat]
|-activate|p2a: Skarmory|Custap Berry
|
|move|p2a: Skarmory|Spikes|p1a: Dragonite
|-sidestart|p1: K4rpman|Spikes
|move|p1a: Dragonite|Dragon Dance|p1a: Dragonite
|-boost|p1a: Dragonite|atk|1
|-boost|p1a: Dragonite|spe|1
|
|turn|14
|callback|decision
|
|move|p1a: Dragonite|Fire Punch|p2a: Skarmory
|-supereffective|p2a: Skarmory
|-damage|p2a: Skarmory|0 fnt
|faint|p2a: Skarmory
|
|callback|decision
|
|switch|p2a: Umbreon|Umbreon, M|394\/394
|turn|15
|callback|decision
|
|move|p1a: Dragonite|Outrage|p2a: Umbreon
|-damage|p2a: Umbreon|81\/394
|move|p2a: Umbreon|Payback|p1a: Dragonite
|-damage|p1a: Dragonite|303\/323
|
|-heal|p2a: Umbreon|105\/394|[from] item: Leftovers
|turn|16
|callback|decision
|
|switch|p2a: Jellicent|Jellicent, F|404\/404
|move|p1a: Dragonite|Outrage|p2a: Jellicent
|-damage|p2a: Jellicent|62\/404
|
|-end|p1a: Dragonite|rampage
|-start|p1a: Dragonite|confusion
|-heal|p2a: Jellicent|87\/404|[from] item: Leftovers
|-sideend|p1: K4rpman|Reflect
|-enditem|p1a: Dragonite|Lum Berry|[eat]
|-end|p1a: Dragonite|confusion
|turn|17
|callback|decision
|
|move|p1a: Dragonite|Outrage|p2a: Jellicent
|-damage|p2a: Jellicent|0 fnt
|faint|p2a: Jellicent
|
|callback|decision
|
|switch|p2a: Blissey|Blissey, F|714\/714
|turn|18
|callback|decision
|
|move|p1a: Dragonite|Outrage|p2a: Blissey
|-damage|p2a: Blissey|92\/714
|move|p2a: Blissey|Toxic|p1a: Dragonite
|-status|p1a: Dragonite|tox
|
|-heal|p2a: Blissey|136\/714|[from] item: Leftovers
|-damage|p1a: Dragonite|283\/323 tox|[from] psn
|turn|19
|callback|decision
|
|move|p1a: Dragonite|Outrage|p2a: Blissey
|-damage|p2a: Blissey|0 fnt
|faint|p2a: Blissey
|
|-end|p1a: Dragonite|rampage
|-start|p1a: Dragonite|confusion
|-damage|p1a: Dragonite|243\/323 tox|[from] psn
|callback|decision
|
|switch|p2a: Starmie|Starmie|117\/261
|turn|20
|callback|decision
|
|-activate|p1a: Dragonite|confusion
|move|p1a: Dragonite|ExtremeSpeed|p2a: Starmie
|-crit|p2a: Starmie
|-damage|p2a: Starmie|0 fnt
|faint|p2a: Starmie
|
|-damage|p1a: Dragonite|183\/323 tox|[from] psn
|callback|decision
|
|switch|p2a: Umbreon|Umbreon, M|105\/394
|turn|21
|callback|decision
|
|move|p2a: Umbreon|Protect|p2a: Umbreon
|-singleturn|p2a: Umbreon|Protect
|-activate|p1a: Dragonite|confusion
|move|p1a: Dragonite|ExtremeSpeed|p2a: Umbreon
|-activate|p2a: Umbreon|Protect
|
|-heal|p2a: Umbreon|129\/394|[from] item: Leftovers
|-damage|p1a: Dragonite|103\/323 tox|[from] psn
|turn|22
|callback|decision
|
|-end|p1a: Dragonite|confusion
|move|p1a: Dragonite|Outrage|p2a: Umbreon
|-damage|p2a: Umbreon|0 fnt
|faint|p2a: Umbreon
|
|-damage|p1a: Dragonite|3\/323 tox|[from] psn
|callback|decision
|chat|AP-Z|gg XD
|chat|K4rpman|gg
|
|switch|p2a: Latias|Latias, F|364\/364 slp
|turn|23
|callback|decision
|
|move|p1a: Dragonite|Outrage|p2a: Latias
|-supereffective|p2a: Latias
|-damage|p2a: Latias|0 fnt
|faint|p2a: Latias
|
|win|K4rpman
|chat|AP-Z|do you want to post or shall I?
|chat|K4rpman|ill post
|chat|AP-Z|ok
|leave|K4rpman
|player|p1