|join|Mizuhime
|join|K4rpman
|player|p1|Mizuhime|#mizuhime
|player|p2|K4rpman|102
|gametype|singles
|gen|6
|tier|OU
|rated
|clearpoke
|poke|p1|Diggersby, F
|poke|p1|Pinsir, F
|poke|p1|Deoxys-Speed
|poke|p1|Bisharp, F
|poke|p1|Greninja, M
|poke|p1|Thundurus, M
|poke|p2|Scizor, M
|poke|p2|Landorus-Therian, M
|poke|p2|Keldeo
|poke|p2|Kyurem-Black
|poke|p2|Latios, M
|poke|p2|Aegislash, F
|rule|Sleep Clause Mod: Limit one foe put to sleep
|rule|Species Clause: Limit one of each Pokemon
|rule|OHKO Clause: OHKO moves are banned
|rule|Moody Clause: Moody is banned
|rule|Evasion Moves Clause: Evasion moves are banned
|rule|Endless Battle Clause: Forcing endless battles is banned.
|rule|HP Percentage Mod: HP is reported as percentages
|teampreview
|
|start
|switch|p1a: Alien|Deoxys-Speed|304\/304
|switch|p2a: Aegislash|Aegislash, F|320\/320
|-ability|p1a: Alien|Pressure
|turn|1
|
|move|p1a: Alien|Stealth Rock|p2a: Aegislash
|-sidestart|p2: K4rpman|move: Stealth Rock
|-formechange|p2a: Aegislash|Aegislash-Blade
|move|p2a: Aegislash|Shadow Ball|p1a: Alien
|-supereffective|p1a: Alien
|-damage|p1a: Alien|0 fnt
|faint|p1a: Alien
|
|
|switch|p1a: Knight|Bisharp, F|271\/271
|turn|2
|
|switch|p2a: Keldeo|Keldeo|322\/322
|-damage|p2a: Keldeo|302\/322|[from] Stealth Rock
|move|p1a: Knight|Swords Dance|p1a: Knight
|-boost|p1a: Knight|atk|2
|
|turn|3
|
|switch|p1a: Genie|Thundurus, M|299\/299
|move|p2a: Keldeo|Secret Sword|p1a: Genie
|-resisted|p1a: Genie
|-damage|p1a: Genie|143\/299
|
|turn|4
|
|switch|p2a: Landorus-Therian|Landorus-Therian, M|381\/381
|-damage|p2a: Landorus-Therian|334\/381|[from] Stealth Rock
|-ability|p2a: Landorus-Therian|Intimidate|[of] p1a: Genie
|-unboost|p1a: Genie|atk|1
|move|p1a: Genie|Thunder Wave|p2a: Landorus-Therian
|-immune|p2a: Landorus-Therian|[msg]
|
|-heal|p2a: Landorus-Therian|357\/381|[from] item: Leftovers
|turn|5
|
|switch|p2a: Aegislash|Aegislash, F|320\/320
|-damage|p2a: Aegislash|300\/320|[from] Stealth Rock
|move|p1a: Genie|Hidden Power|p2a: Aegislash
|-resisted|p2a: Aegislash
|-damage|p2a: Aegislash|270\/320
|-damage|p1a: Genie|114\/299|[from] item: Life Orb
|
|-heal|p2a: Aegislash|290\/320|[from] item: Leftovers
|turn|6
|
|move|p1a: Genie|Thunder Wave|p2a: Aegislash
|-status|p2a: Aegislash|par
|-formechange|p2a: Aegislash|Aegislash-Blade
|move|p2a: Aegislash|Shadow Ball|p1a: Genie
|-damage|p1a: Genie|0 fnt
|faint|p1a: Genie
|
|-heal|p2a: Aegislash|310\/320 par|[from] item: Leftovers
|
|switch|p1a: Bunny|Diggersby, F|311\/311
|turn|7
|
|switch|p2a: Landorus-Therian|Landorus-Therian, M|357\/381
|-damage|p2a: Landorus-Therian|310\/381|[from] Stealth Rock
|-ability|p2a: Landorus-Therian|Intimidate|[of] p1a: Bunny
|-unboost|p1a: Bunny|atk|1
|move|p1a: Bunny|Swords Dance|p1a: Bunny
|-boost|p1a: Bunny|atk|2
|
|-heal|p2a: Landorus-Therian|333\/381|[from] item: Leftovers
|turn|8
|
|move|p1a: Bunny|Swords Dance|p1a: Bunny
|-boost|p1a: Bunny|atk|2
|move|p2a: Landorus-Therian|Earthquake|p1a: Bunny
|-damage|p1a: Bunny|92\/311
|
|-heal|p2a: Landorus-Therian|356\/381|[from] item: Leftovers
|turn|9
|
|move|p1a: Bunny|Frustration|p2a: Landorus-Therian
|-damage|p2a: Landorus-Therian|0 fnt
|-damage|p1a: Bunny|61\/311|[from] item: Life Orb
|faint|p2a: Landorus-Therian
|
|
|switch|p2a: Scizor|Scizor, M|343\/343
|-damage|p2a: Scizor|301\/343|[from] Stealth Rock
|turn|10
|
|-formechange|p2a: Scizor|Scizor-Mega
|message|Scizor has Mega Evolved into Mega Scizor!
|move|p1a: Bunny|Quick Attack|p2a: Scizor
|-resisted|p2a: Scizor
|-damage|p2a: Scizor|202\/343
|-damage|p1a: Bunny|30\/311|[from] item: Life Orb
|move|p2a: Scizor|Bullet Punch|p1a: Bunny
|-damage|p1a: Bunny|0 fnt
|faint|p1a: Bunny
|
|
|switch|p1a: Bug|Pinsir, F|271\/271
|-ability|p1a: Bug|Mold Breaker
|turn|11
|
|switch|p2a: Aegislash|Aegislash, F|310\/320 par
|-damage|p2a: Aegislash|290\/320 par|[from] Stealth Rock
|-formechange|p1a: Bug|Pinsir-Mega
|message|Pinsir has Mega Evolved into Mega Pinsir!
|move|p1a: Bug|Frustration|p2a: Aegislash
|-resisted|p2a: Aegislash
|-damage|p2a: Aegislash|193\/320 par
|
|-heal|p2a: Aegislash|213\/320 par|[from] item: Leftovers
|turn|12
|
|move|p1a: Bug|Earthquake|p2a: Aegislash
|-supereffective|p2a: Aegislash
|-damage|p2a: Aegislash|23\/320 par
|-formechange|p2a: Aegislash|Aegislash-Blade
|move|p2a: Aegislash|Shadow Ball|p1a: Bug
|-damage|p1a: Bug|72\/271
|-unboost|p1a: Bug|spd|1
|
|-heal|p2a: Aegislash|43\/320 par|[from] item: Leftovers
|turn|13
|
|move|p1a: Bug|Swords Dance|p1a: Bug
|-boost|p1a: Bug|atk|2
|move|p2a: Aegislash|Shadow Ball|p1a: Bug
|-damage|p1a: Bug|0 fnt
|faint|p1a: Bug
|
|-heal|p2a: Aegislash|63\/320 par|[from] item: Leftovers
|
|switch|p1a: Frog|Greninja, M|285\/285
|turn|14
|
|-start|p1a: Frog|typechange|Water|[from] Protean
|move|p1a: Frog|Hydro Pump|p2a: Aegislash|[miss]
|-miss|p1a: Frog|p2a: Aegislash
|move|p2a: Aegislash|Toxic|p1a: Frog
|-status|p1a: Frog|tox
|
|-heal|p2a: Aegislash|83\/320 par|[from] item: Leftovers
|-damage|p1a: Frog|268\/285 tox|[from] psn
|turn|15
|
|move|p1a: Frog|Hydro Pump|p2a: Aegislash
|-crit|p2a: Aegislash
|-damage|p2a: Aegislash|0 fnt
|-damage|p1a: Frog|240\/285 tox|[from] item: Life Orb
|faint|p2a: Aegislash
|
|-damage|p1a: Frog|206\/285 tox|[from] psn
|
|switch|p2a: Kyurem-Black|Kyurem-Black|391\/391
|-damage|p2a: Kyurem-Black|294\/391|[from] Stealth Rock
|-ability|p2a: Kyurem-Black|Teravolt
|turn|16
|
|move|p1a: Frog|Hydro Pump|p2a: Kyurem-Black
|-resisted|p2a: Kyurem-Black
|-damage|p2a: Kyurem-Black|185\/391
|-damage|p1a: Frog|178\/285 tox|[from] item: Life Orb
|move|p2a: Kyurem-Black|Fusion Bolt|p1a: Frog
|-supereffective|p1a: Frog
|-damage|p1a: Frog|0 fnt
|-damage|p2a: Kyurem-Black|146\/391|[from] item: Life Orb
|faint|p1a: Frog
|
|
|switch|p1a: Knight|Bisharp, F|271\/271
|turn|17
|
|move|p1a: Knight|Sucker Punch|p2a: Kyurem-Black
|-damage|p2a: Kyurem-Black|0 fnt
|-damage|p1a: Knight|244\/271|[from] item: Life Orb
|faint|p2a: Kyurem-Black
|
|
|switch|p2a: Keldeo|Keldeo|302\/322
|-damage|p2a: Keldeo|282\/322|[from] Stealth Rock
|turn|18
|-message|Mizuhime forfeited.
|
|win|K4rpman
|raw|Ladder updating...
|leave|Mizuhime
|player|p1
|raw|Mizuhime's rating: 1615 &rarr; <strong>1597<\/strong><br \/>(-18 for losing)
|raw|K4rpman's rating: 1642 &rarr; <strong>1660<\/strong><br \/>(+18 for winning)