|join|k4rpman
|join|Dragonite VII
|player|p1|k4rpman|101
|player|p2|Dragonite VII|153
|gametype|singles
|gen|6
|tier|OU
|rated
|clearpoke
|poke|p1|Ferrothorn, F
|poke|p1|Hippowdon, F
|poke|p1|Charizard, M
|poke|p1|Zapdos
|poke|p1|Clefable, M
|poke|p1|Suicune
|poke|p2|Conkeldurr, F
|poke|p2|Azumarill, M
|poke|p2|Skarmory, M
|poke|p2|Alakazam, M
|poke|p2|Landorus-Therian, M
|poke|p2|Chansey, F
|rule|Sleep Clause Mod: Limit one foe put to sleep
|rule|Species Clause: Limit one of each Pokemon
|rule|OHKO Clause: OHKO moves are banned
|rule|Moody Clause: Moody is banned
|rule|Evasion Moves Clause: Evasion moves are banned
|rule|Endless Battle Clause: Forcing endless battles is banned.
|rule|HP Percentage Mod: HP is reported as percentages
|teampreview
|
|start
|switch|p1a: Charizard|Charizard, M|359\/359
|switch|p2a: Alakazam|Alakazam, M|252\/252
|turn|1
|
|-formechange|p2a: Alakazam|Alakazam-Mega
|message|Alakazam has Mega Evolved into Mega Alakazam!
|-ability|p2a: Alakazam|Blaze|[from] ability: Trace|[of] p1a: Charizard
|-formechange|p1a: Charizard|Charizard-Mega-X
|message|Charizard has Mega Evolved into Mega Charizard!
|move|p2a: Alakazam|Psyshock|p1a: Charizard
|-crit|p1a: Charizard
|-damage|p1a: Charizard|79\/359
|move|p1a: Charizard|Dragon Claw|p2a: Alakazam
|-damage|p2a: Alakazam|39\/252
|
|turn|2
|
|switch|p1a: Ferrothorn|Ferrothorn, F|352\/352
|move|p2a: Alakazam|Psyshock|p1a: Ferrothorn
|-resisted|p1a: Ferrothorn
|-damage|p1a: Ferrothorn|293\/352
|
|-heal|p1a: Ferrothorn|315\/352|[from] item: Leftovers
|turn|3
|
|move|p2a: Alakazam|Focus Blast|p1a: Ferrothorn
|-supereffective|p1a: Ferrothorn
|-damage|p1a: Ferrothorn|7\/352
|move|p1a: Ferrothorn|Leech Seed|p2a: Alakazam
|-start|p2a: Alakazam|move: Leech Seed
|
|-heal|p1a: Ferrothorn|29\/352|[from] item: Leftovers
|-damage|p2a: Alakazam|8\/252|[from] Leech Seed|[of] p1a: Ferrothorn
|-heal|p1a: Ferrothorn|60\/352|[silent]
|turn|4
|
|switch|p2a: Landorus-Therian|Landorus-Therian, M|320\/320
|-ability|p2a: Landorus-Therian|Intimidate|[of] p1a: Ferrothorn
|-unboost|p1a: Ferrothorn|atk|1
|move|p1a: Ferrothorn|Protect|p1a: Ferrothorn
|-fail|p1a: Ferrothorn
|
|-heal|p1a: Ferrothorn|82\/352|[from] item: Leftovers
|turn|5
|
|move|p2a: Landorus-Therian|Earthquake|p1a: Ferrothorn
|-crit|p1a: Ferrothorn
|-damage|p1a: Ferrothorn|0 fnt
|faint|p1a: Ferrothorn
|
|
|switch|p1a: Hippowdon|Hippowdon, F|420\/420
|-weather|Sandstorm
|turn|6
|
|switch|p2a: Alakazam|Alakazam, M|8\/252
|-formechange|p2a: Alakazam|Alakazam-Mega
|-ability|p2a: Alakazam|Sand Stream|[from] ability: Trace|[of] p1a: Hippowdon
|move|p1a: Hippowdon|Stealth Rock|p2a: Alakazam
|-sidestart|p2: Dragonite VII|move: Stealth Rock
|
|-weather|Sandstorm|[upkeep]
|-damage|p2a: Alakazam|0 fnt|[from] sandstorm
|faint|p2a: Alakazam
|
|switch|p2a: Skarmory|Skarmory, M|334\/334
|-damage|p2a: Skarmory|293\/334|[from] Stealth Rock
|turn|7
|
|switch|p1a: Charizard|Charizard, M|79\/359
|-formechange|p1a: Charizard|Charizard-Mega-X
|move|p2a: Skarmory|Stealth Rock|p1a: Charizard
|-sidestart|p1: k4rpman|move: Stealth Rock
|
|-weather|Sandstorm|[upkeep]
|-damage|p1a: Charizard|57\/359|[from] sandstorm
|-heal|p2a: Skarmory|313\/334|[from] item: Leftovers
|turn|8
|
|move|p1a: Charizard|Roost|p1a: Charizard
|-heal|p1a: Charizard|237\/359
|move|p2a: Skarmory|Roost|p2a: Skarmory
|-heal|p2a: Skarmory|334\/334
|
|-weather|Sandstorm|[upkeep]
|-damage|p1a: Charizard|215\/359|[from] sandstorm
|turn|9
|
|move|p1a: Charizard|Will-O-Wisp|p2a: Skarmory|[miss]
|-miss|p1a: Charizard|p2a: Skarmory
|move|p2a: Skarmory|Whirlwind|p1a: Charizard
|drag|p1a: Clefable|Clefable, M|394\/394
|-damage|p1a: Clefable|345\/394|[from] Stealth Rock
|
|-weather|Sandstorm|[upkeep]
|-damage|p1a: Clefable|321\/394|[from] sandstorm
|-heal|p1a: Clefable|345\/394|[from] item: Leftovers
|turn|10
|
|move|p2a: Skarmory|Brave Bird|p1a: Clefable
|-damage|p1a: Clefable|248\/394
|-damage|p2a: Skarmory|302\/334|[from] recoil|[of] p1a: Clefable
|move|p1a: Clefable|Moonblast|p2a: Skarmory
|-resisted|p2a: Skarmory
|-damage|p2a: Skarmory|236\/334
|
|-weather|none
|-heal|p2a: Skarmory|256\/334|[from] item: Leftovers
|-heal|p1a: Clefable|272\/394|[from] item: Leftovers
|turn|11
|
|switch|p1a: Zapdos|Zapdos|384\/384
|-damage|p1a: Zapdos|288\/384|[from] Stealth Rock
|-ability|p1a: Zapdos|Pressure
|move|p2a: Skarmory|Brave Bird|p1a: Zapdos
|-resisted|p1a: Zapdos
|-damage|p1a: Zapdos|237\/384
|-damage|p2a: Skarmory|239\/334|[from] recoil|[of] p1a: Zapdos
|
|-heal|p1a: Zapdos|261\/384|[from] item: Leftovers
|-heal|p2a: Skarmory|259\/334|[from] item: Leftovers
|turn|12
|
|switch|p2a: Chansey|Chansey, F|704\/704
|-damage|p2a: Chansey|616\/704|[from] Stealth Rock
|move|p1a: Zapdos|Defog|p2a: Chansey
|-unboost|p2a: Chansey|evasion|1
|-sideend|p2: Dragonite VII|Stealth Rock|[from] move: Defog|[of] p2a: Chansey
|-sideend|p1: k4rpman|Stealth Rock|[from] move: Defog|[of] p1a: Zapdos
|
|-heal|p1a: Zapdos|285\/384|[from] item: Leftovers
|turn|13
|
|switch|p1a: Hippowdon|Hippowdon, F|420\/420
|-weather|Sandstorm
|move|p2a: Chansey|Thunder Wave|p1a: Hippowdon
|-immune|p1a: Hippowdon|[msg]
|
|-weather|Sandstorm|[upkeep]
|-damage|p2a: Chansey|572\/704|[from] sandstorm
|turn|14
|
|switch|p2a: Azumarill|Azumarill, M|404\/404
|move|p1a: Hippowdon|Stealth Rock|p2a: Azumarill
|-sidestart|p2: Dragonite VII|move: Stealth Rock
|
|-weather|Sandstorm|[upkeep]
|-damage|p2a: Azumarill|379\/404|[from] sandstorm
|-heal|p2a: Azumarill|404\/404|[from] item: Leftovers
|turn|15
|
|switch|p1a: Suicune|Suicune|404\/404
|-ability|p1a: Suicune|Pressure
|move|p2a: Azumarill|Waterfall|p1a: Suicune
|-resisted|p1a: Suicune
|-damage|p1a: Suicune|352\/404
|
|-weather|Sandstorm|[upkeep]
|-damage|p1a: Suicune|327\/404|[from] sandstorm
|-damage|p2a: Azumarill|379\/404|[from] sandstorm
|-heal|p1a: Suicune|352\/404|[from] item: Leftovers
|-heal|p2a: Azumarill|404\/404|[from] item: Leftovers
|turn|16
|
|move|p1a: Suicune|Scald|p2a: Azumarill
|-resisted|p2a: Azumarill
|-damage|p2a: Azumarill|352\/404
|move|p2a: Azumarill|Knock Off|p1a: Suicune
|-damage|p1a: Suicune|258\/404
|-enditem|p1a: Suicune|Leftovers|[from] move: Knock Off|[of] p2a: Azumarill
|
|-weather|Sandstorm|[upkeep]
|-damage|p1a: Suicune|233\/404|[from] sandstorm
|-damage|p2a: Azumarill|327\/404|[from] sandstorm
|-heal|p2a: Azumarill|352\/404|[from] item: Leftovers
|turn|17
|
|move|p1a: Suicune|Scald|p2a: Azumarill
|-resisted|p2a: Azumarill
|-damage|p2a: Azumarill|298\/404
|move|p2a: Azumarill|Play Rough|p1a: Suicune|[miss]
|-miss|p2a: Azumarill|p1a: Suicune
|
|-weather|none
|-heal|p2a: Azumarill|323\/404|[from] item: Leftovers
|turn|18
|
|move|p1a: Suicune|Scald|p2a: Azumarill
|-resisted|p2a: Azumarill
|-damage|p2a: Azumarill|267\/404
|move|p2a: Azumarill|Play Rough|p1a: Suicune
|-damage|p1a: Suicune|104\/404
|
|-heal|p2a: Azumarill|292\/404|[from] item: Leftovers
|turn|19
|
|move|p1a: Suicune|Rest|p1a: Suicune
|-status|p1a: Suicune|slp
|-heal|p1a: Suicune|404\/404 slp|[silent]
|-status|p1a: Suicune|slp|[from] move: Rest
|move|p2a: Azumarill|Play Rough|p1a: Suicune
|-damage|p1a: Suicune|265\/404 slp
|
|-heal|p2a: Azumarill|317\/404|[from] item: Leftovers
|turn|20
|
|cant|p1a: Suicune|slp
|move|p1a: Suicune|Sleep Talk|p1a: Suicune
|move|p1a: Suicune|Scald|p2a: Azumarill|[from]Sleep Talk
|-resisted|p2a: Azumarill
|-damage|p2a: Azumarill|269\/404
|move|p2a: Azumarill|Play Rough|p1a: Suicune
|-damage|p1a: Suicune|133\/404 slp
|-unboost|p1a: Suicune|atk|1
|
|-heal|p2a: Azumarill|294\/404|[from] item: Leftovers
|turn|21
|
|cant|p1a: Suicune|slp
|move|p1a: Suicune|Sleep Talk|p1a: Suicune
|move|p1a: Suicune|Calm Mind|p1a: Suicune|[from]Sleep Talk
|-boost|p1a: Suicune|spa|1
|-boost|p1a: Suicune|spd|1
|move|p2a: Azumarill|Play Rough|p1a: Suicune
|-damage|p1a: Suicune|7\/404 slp
|-unboost|p1a: Suicune|atk|1
|
|-heal|p2a: Azumarill|319\/404|[from] item: Leftovers
|turn|22
|
|switch|p1a: Zapdos|Zapdos|285\/384
|-ability|p1a: Zapdos|Pressure
|move|p2a: Azumarill|Aqua Jet|p1a: Zapdos
|-damage|p1a: Zapdos|206\/384
|
|-heal|p1a: Zapdos|230\/384|[from] item: Leftovers
|-heal|p2a: Azumarill|344\/404|[from] item: Leftovers
|turn|23
|
|switch|p2a: Chansey|Chansey, F|572\/704
|-damage|p2a: Chansey|484\/704|[from] Stealth Rock
|move|p1a: Zapdos|Roost|p1a: Zapdos
|-heal|p1a: Zapdos|384\/384
|
|turn|24
|
|switch|p1a: Clefable|Clefable, M|272\/394
|move|p2a: Chansey|Seismic Toss|p1a: Clefable
|-damage|p1a: Clefable|172\/394
|
|-heal|p1a: Clefable|196\/394|[from] item: Leftovers
|turn|25
|
|move|p1a: Clefable|Moonlight|p1a: Clefable
|-heal|p1a: Clefable|393\/394
|move|p2a: Chansey|Thunder Wave|p1a: Clefable
|-status|p1a: Clefable|par
|
|-heal|p1a: Clefable|394\/394 par|[from] item: Leftovers
|turn|26
|
|switch|p1a: Charizard|Charizard, M|215\/359
|-formechange|p1a: Charizard|Charizard-Mega-X
|move|p2a: Chansey|Seismic Toss|p1a: Charizard
|-damage|p1a: Charizard|115\/359
|
|turn|27
|
|move|p1a: Charizard|Roost|p1a: Charizard
|-heal|p1a: Charizard|295\/359
|move|p2a: Chansey|Thunder Wave|p1a: Charizard
|-status|p1a: Charizard|par
|
|turn|28
|
|move|p2a: Chansey|Seismic Toss|p1a: Charizard
|-damage|p1a: Charizard|195\/359 par
|move|p1a: Charizard|Will-O-Wisp|p2a: Chansey
|-status|p2a: Chansey|brn
|
|-damage|p2a: Chansey|396\/704 brn|[from] brn
|turn|29
|
|switch|p2a: Skarmory|Skarmory, M|259\/334
|-damage|p2a: Skarmory|218\/334|[from] Stealth Rock
|move|p1a: Charizard|Roost|p1a: Charizard
|-heal|p1a: Charizard|359\/359 par
|
|-heal|p2a: Skarmory|238\/334|[from] item: Leftovers
|turn|30
|
|move|p2a: Skarmory|Stealth Rock|p1a: Charizard
|-sidestart|p1: k4rpman|move: Stealth Rock
|move|p1a: Charizard|Will-O-Wisp|p2a: Skarmory
|-status|p2a: Skarmory|brn
|
|-heal|p2a: Skarmory|258\/334 brn|[from] item: Leftovers
|-damage|p2a: Skarmory|217\/334 brn|[from] brn
|turn|31
|
|switch|p2a: Chansey|Chansey, F|396\/704
|-damage|p2a: Chansey|308\/704|[from] Stealth Rock
|cant|p1a: Charizard|par
|
|turn|32
|
|move|p2a: Chansey|Soft-Boiled|p2a: Chansey
|-heal|p2a: Chansey|660\/704
|move|p1a: Charizard|Will-O-Wisp|p2a: Chansey|[miss]
|-miss|p1a: Charizard|p2a: Chansey
|
|turn|33
|
|move|p2a: Chansey|Aromatherapy|p2a: Chansey
|-cureteam|p2a: Chansey|[from] move: Aromatherapy
|cant|p1a: Charizard|par
|
|turn|34
|
|move|p2a: Chansey|Seismic Toss|p1a: Charizard
|-damage|p1a: Charizard|259\/359 par
|move|p1a: Charizard|Will-O-Wisp|p2a: Chansey
|-status|p2a: Chansey|brn
|
|-damage|p2a: Chansey|572\/704 brn|[from] brn
|turn|35
|
|switch|p1a: Zapdos|Zapdos|384\/384
|-damage|p1a: Zapdos|288\/384|[from] Stealth Rock
|-ability|p1a: Zapdos|Pressure
|move|p2a: Chansey|Seismic Toss|p1a: Zapdos
|-damage|p1a: Zapdos|188\/384
|
|-heal|p1a: Zapdos|212\/384|[from] item: Leftovers
|-damage|p2a: Chansey|484\/704 brn|[from] brn
|turn|36
|
|move|p1a: Zapdos|Defog|p2a: Chansey
|-unboost|p2a: Chansey|evasion|1
|-sideend|p2: Dragonite VII|Stealth Rock|[from] move: Defog|[of] p2a: Chansey
|-sideend|p1: k4rpman|Stealth Rock|[from] move: Defog|[of] p1a: Zapdos
|move|p2a: Chansey|Aromatherapy|p2a: Chansey
|-cureteam|p2a: Chansey|[from] move: Aromatherapy
|
|-heal|p1a: Zapdos|236\/384|[from] item: Leftovers
|turn|37
|
|move|p1a: Zapdos|Roost|p1a: Zapdos
|-heal|p1a: Zapdos|384\/384
|move|p2a: Chansey|Seismic Toss|p1a: Zapdos
|-damage|p1a: Zapdos|284\/384
|
|-heal|p1a: Zapdos|308\/384|[from] item: Leftovers
|turn|38
|
|switch|p1a: Hippowdon|Hippowdon, F|420\/420
|-weather|Sandstorm
|move|p2a: Chansey|Soft-Boiled|p2a: Chansey
|-heal|p2a: Chansey|704\/704
|
|-weather|Sandstorm|[upkeep]
|-damage|p2a: Chansey|660\/704|[from] sandstorm
|turn|39
|
|switch|p2a: Azumarill|Azumarill, M|344\/404
|move|p1a: Hippowdon|Stealth Rock|p2a: Azumarill
|-sidestart|p2: Dragonite VII|move: Stealth Rock
|
|-weather|Sandstorm|[upkeep]
|-damage|p2a: Azumarill|319\/404|[from] sandstorm
|-heal|p2a: Azumarill|344\/404|[from] item: Leftovers
|turn|40
|
|switch|p1a: Zapdos|Zapdos|308\/384
|-ability|p1a: Zapdos|Pressure
|move|p2a: Azumarill|Waterfall|p1a: Zapdos
|-damage|p1a: Zapdos|161\/384
|
|-weather|Sandstorm|[upkeep]
|-damage|p1a: Zapdos|137\/384|[from] sandstorm
|-damage|p2a: Azumarill|319\/404|[from] sandstorm
|-heal|p1a: Zapdos|161\/384|[from] item: Leftovers
|-heal|p2a: Azumarill|344\/404|[from] item: Leftovers
|turn|41
|
|switch|p2a: Landorus-Therian|Landorus-Therian, M|320\/320
|-damage|p2a: Landorus-Therian|280\/320|[from] Stealth Rock
|-ability|p2a: Landorus-Therian|Intimidate|[of] p1a: Zapdos
|-unboost|p1a: Zapdos|atk|1
|move|p1a: Zapdos|Roost|p1a: Zapdos
|-heal|p1a: Zapdos|353\/384
|
|-weather|Sandstorm|[upkeep]
|-damage|p1a: Zapdos|329\/384|[from] sandstorm
|-heal|p1a: Zapdos|353\/384|[from] item: Leftovers
|turn|42
|
|move|p2a: Landorus-Therian|Stone Edge|p1a: Zapdos
|-supereffective|p1a: Zapdos
|-damage|p1a: Zapdos|11\/384
|move|p1a: Zapdos|Heat Wave|p2a: Landorus-Therian
|-damage|p2a: Landorus-Therian|167\/320
|
|-weather|none
|-heal|p1a: Zapdos|35\/384|[from] item: Leftovers
|turn|43
|
|switch|p2a: Azumarill|Azumarill, M|344\/404
|-damage|p2a: Azumarill|294\/404|[from] Stealth Rock
|move|p1a: Zapdos|Roost|p1a: Zapdos
|-heal|p1a: Zapdos|227\/384
|
|-heal|p1a: Zapdos|251\/384|[from] item: Leftovers
|-heal|p2a: Azumarill|319\/404|[from] item: Leftovers
|turn|44
|
|switch|p2a: Chansey|Chansey, F|660\/704
|-damage|p2a: Chansey|572\/704|[from] Stealth Rock
|move|p1a: Zapdos|Thunderbolt|p2a: Chansey
|-damage|p2a: Chansey|482\/704
|
|-heal|p1a: Zapdos|275\/384|[from] item: Leftovers
|turn|45
|
|switch|p1a: Clefable|Clefable, M|394\/394 par
|move|p2a: Chansey|Seismic Toss|p1a: Clefable
|-damage|p1a: Clefable|294\/394 par
|
|-heal|p1a: Clefable|318\/394 par|[from] item: Leftovers
|turn|46
|
|switch|p2a: Skarmory|Skarmory, M|217\/334
|-damage|p2a: Skarmory|176\/334|[from] Stealth Rock
|move|p1a: Clefable|Heal Bell|p1a: Clefable
|-cureteam|p1a: Clefable|[from] move: HealBell
|
|-heal|p2a: Skarmory|196\/334|[from] item: Leftovers
|-heal|p1a: Clefable|342\/394|[from] item: Leftovers
|turn|47
|
|switch|p1a: Suicune|Suicune|7\/404
|-ability|p1a: Suicune|Pressure
|move|p2a: Skarmory|Stealth Rock|p1a: Suicune
|-sidestart|p1: k4rpman|move: Stealth Rock
|
|-heal|p2a: Skarmory|216\/334|[from] item: Leftovers
|turn|48
|
|switch|p2a: Azumarill|Azumarill, M|319\/404
|-damage|p2a: Azumarill|269\/404|[from] Stealth Rock
|move|p1a: Suicune|Rest|p1a: Suicune
|-status|p1a: Suicune|slp
|-heal|p1a: Suicune|404\/404 slp|[silent]
|-status|p1a: Suicune|slp|[from] move: Rest
|
|-heal|p2a: Azumarill|294\/404|[from] item: Leftovers
|turn|49
|
|cant|p1a: Suicune|slp
|move|p1a: Suicune|Sleep Talk|p1a: Suicune
|move|p1a: Suicune|Rest|p1a: Suicune|[from]Sleep Talk
|-fail|p1a: Suicune
|move|p2a: Azumarill|Play Rough|p1a: Suicune
|-damage|p1a: Suicune|281\/404 slp
|
|-heal|p2a: Azumarill|319\/404|[from] item: Leftovers
|turn|50
|
|switch|p1a: Hippowdon|Hippowdon, F|420\/420
|-damage|p1a: Hippowdon|394\/420|[from] Stealth Rock
|-weather|Sandstorm
|move|p2a: Azumarill|Play Rough|p1a: Hippowdon|[miss]
|-miss|p2a: Azumarill|p1a: Hippowdon
|
|-weather|Sandstorm|[upkeep]
|-damage|p2a: Azumarill|294\/404|[from] sandstorm
|-heal|p2a: Azumarill|319\/404|[from] item: Leftovers
|-heal|p1a: Hippowdon|420\/420|[from] item: Leftovers
|turn|51
|
|move|p2a: Azumarill|Waterfall|p1a: Hippowdon
|-supereffective|p1a: Hippowdon
|-damage|p1a: Hippowdon|124\/420
|move|p1a: Hippowdon|Earthquake|p2a: Azumarill
|-damage|p2a: Azumarill|157\/404
|
|-weather|Sandstorm|[upkeep]
|-damage|p2a: Azumarill|132\/404|[from] sandstorm
|-heal|p2a: Azumarill|157\/404|[from] item: Leftovers
|-heal|p1a: Hippowdon|150\/420|[from] item: Leftovers
|turn|52
|
|switch|p1a: Zapdos|Zapdos|275\/384
|-damage|p1a: Zapdos|179\/384|[from] Stealth Rock
|-ability|p1a: Zapdos|Pressure
|move|p2a: Azumarill|Waterfall|p1a: Zapdos
|-damage|p1a: Zapdos|31\/384
|
|-weather|Sandstorm|[upkeep]
|-damage|p1a: Zapdos|7\/384|[from] sandstorm
|-damage|p2a: Azumarill|132\/404|[from] sandstorm
|-heal|p1a: Zapdos|31\/384|[from] item: Leftovers
|-heal|p2a: Azumarill|157\/404|[from] item: Leftovers
|turn|53
|
|move|p2a: Azumarill|Aqua Jet|p1a: Zapdos
|-damage|p1a: Zapdos|0 fnt
|faint|p1a: Zapdos
|
|-weather|Sandstorm|[upkeep]
|-damage|p2a: Azumarill|132\/404|[from] sandstorm
|-heal|p2a: Azumarill|157\/404|[from] item: Leftovers
|
|switch|p1a: Charizard|Charizard, M|259\/359
|-formechange|p1a: Charizard|Charizard-Mega-X
|-damage|p1a: Charizard|170\/359|[from] Stealth Rock
|turn|54
|
|move|p1a: Charizard|Will-O-Wisp|p2a: Azumarill
|-status|p2a: Azumarill|brn
|move|p2a: Azumarill|Play Rough|p1a: Charizard
|-damage|p1a: Charizard|83\/359
|-unboost|p1a: Charizard|atk|1
|
|-weather|none
|-heal|p2a: Azumarill|182\/404 brn|[from] item: Leftovers
|-damage|p2a: Azumarill|132\/404 brn|[from] brn
|turn|55
|
|switch|p2a: Chansey|Chansey, F|482\/704
|-damage|p2a: Chansey|394\/704|[from] Stealth Rock
|move|p1a: Charizard|Earthquake|p2a: Chansey
|-damage|p2a: Chansey|302\/704
|
|turn|56
|
|move|p1a: Charizard|Dragon Claw|p2a: Chansey
|-damage|p2a: Chansey|167\/704
|move|p2a: Chansey|Aromatherapy|p2a: Chansey
|-cureteam|p2a: Chansey|[from] move: Aromatherapy
|
|turn|57
|
|move|p1a: Charizard|Will-O-Wisp|p2a: Chansey
|-status|p2a: Chansey|brn
|move|p2a: Chansey|Thunder Wave|p1a: Charizard
|-status|p1a: Charizard|par
|
|-damage|p2a: Chansey|79\/704 brn|[from] brn
|turn|58
|
|move|p2a: Chansey|Soft-Boiled|p2a: Chansey
|-heal|p2a: Chansey|431\/704 brn
|move|p1a: Charizard|Roost|p1a: Charizard
|-heal|p1a: Charizard|263\/359 par
|
|-damage|p2a: Chansey|343\/704 brn|[from] brn
|turn|59
|
|switch|p2a: Conkeldurr|Conkeldurr, F|414\/414
|-damage|p2a: Conkeldurr|389\/414|[from] Stealth Rock
|move|p1a: Charizard|Dragon Claw|p2a: Conkeldurr
|-damage|p2a: Conkeldurr|272\/414
|
|turn|60
|
|switch|p1a: Clefable|Clefable, M|342\/394
|-damage|p1a: Clefable|293\/394|[from] Stealth Rock
|move|p2a: Conkeldurr|Drain Punch|p1a: Clefable
|-resisted|p1a: Clefable
|-damage|p1a: Clefable|230\/394
|-heal|p2a: Conkeldurr|304\/414|[from] drain|[of] p1a: Clefable
|
|-heal|p1a: Clefable|254\/394|[from] item: Leftovers
|turn|61
|
|switch|p2a: Landorus-Therian|Landorus-Therian, M|167\/320
|-damage|p2a: Landorus-Therian|127\/320|[from] Stealth Rock
|-ability|p2a: Landorus-Therian|Intimidate|[of] p1a: Clefable
|-unboost|p1a: Clefable|atk|1
|move|p1a: Clefable|Heal Bell|p1a: Clefable
|-cureteam|p1a: Clefable|[from] move: HealBell
|
|-heal|p1a: Clefable|278\/394|[from] item: Leftovers
|turn|62
|
|move|p2a: Landorus-Therian|Earthquake|p1a: Clefable
|-damage|p1a: Clefable|0 fnt
|faint|p1a: Clefable
|
|
|switch|p1a: Suicune|Suicune|281\/404
|-damage|p1a: Suicune|231\/404|[from] Stealth Rock
|-ability|p1a: Suicune|Pressure
|turn|63
|
|move|p2a: Landorus-Therian|Earthquake|p1a: Suicune
|-damage|p1a: Suicune|27\/404
|move|p1a: Suicune|Scald|p2a: Landorus-Therian
|-supereffective|p2a: Landorus-Therian
|-damage|p2a: Landorus-Therian|0 fnt
|faint|p2a: Landorus-Therian
|
|
|switch|p2a: Conkeldurr|Conkeldurr, F|304\/414
|-damage|p2a: Conkeldurr|279\/414|[from] Stealth Rock
|turn|64
|
|move|p2a: Conkeldurr|Mach Punch|p1a: Suicune
|-damage|p1a: Suicune|0 fnt
|faint|p1a: Suicune
|
|-message|k4rpman forfeited.
|
|win|Dragonite VII
|raw|Ladder updating...
|raw|k4rpman's rating: 1723 &rarr; <strong>1699<\/strong><br \/>(-24 for losing)
|raw|Dragonite VII's rating: 1657 &rarr; <strong>1681<\/strong><br \/>(+24 for winning)
|leave|k4rpman
|player|p1