|join|k4rpman
|join|toiletpker
|player|p1|k4rpman|101
|player|p2|toiletpker|293
|gametype|singles
|gen|6
|tier|OU
|rated
|clearpoke
|poke|p1|Venusaur, M
|poke|p1|Hippowdon, M
|poke|p1|Talonflame, M
|poke|p1|Zapdos
|poke|p1|Slowbro, M
|poke|p1|Clefable, M
|poke|p2|Manectric, M
|poke|p2|Greninja, F
|poke|p2|Gliscor, F
|poke|p2|Jirachi
|poke|p2|Cloyster, F
|poke|p2|Azumarill, M
|rule|Sleep Clause Mod: Limit one foe put to sleep
|rule|Species Clause: Limit one of each Pokemon
|rule|OHKO Clause: OHKO moves are banned
|rule|Moody Clause: Moody is banned
|rule|Evasion Moves Clause: Evasion moves are banned
|rule|Endless Battle Clause: Forcing endless battles is banned.
|rule|HP Percentage Mod: HP is reported as percentages
|teampreview
|join|Tiki To
|
|start
|switch|p1a: Zapdos|Zapdos|383\/383
|switch|p2a: Azumarill|Azumarill, M|394\/394
|-ability|p1a: Zapdos|Pressure
|turn|1
|
|switch|p2a: Manectric|Manectric, M|281\/281
|move|p1a: Zapdos|Thunderbolt|p2a: Manectric
|-boost|p2a: Manectric|spa|1|[from] ability: Lightningrod
|
|turn|2
|
|switch|p1a: Hippowdon|Hippowdon, M|420\/420
|-formechange|p2a: Manectric|Manectric-Mega
|message|Manectric has Mega Evolved into Mega Manectric!
|-ability|p2a: Manectric|Intimidate|[of] p1a: Hippowdon
|-unboost|p1a: Hippowdon|atk|1
|move|p2a: Manectric|Hidden Power|p1a: Hippowdon
|-supereffective|p1a: Hippowdon
|-damage|p1a: Hippowdon|224\/420
|
|-heal|p1a: Hippowdon|250\/420|[from] item: Leftovers
|turn|3
|
|move|p2a: Manectric|Hidden Power|p1a: Hippowdon
|-supereffective|p1a: Hippowdon
|-damage|p1a: Hippowdon|50\/420
|move|p1a: Hippowdon|Slack Off|p1a: Hippowdon
|-heal|p1a: Hippowdon|260\/420
|
|-heal|p1a: Hippowdon|286\/420|[from] item: Leftovers
|turn|4
|
|switch|p2a: Cloyster|Cloyster, F|242\/242
|move|p1a: Hippowdon|Slack Off|p1a: Hippowdon
|-heal|p1a: Hippowdon|420\/420
|
|turn|5
|
|switch|p1a: Slowbro|Slowbro, M|394\/394
|move|p2a: Cloyster|Icicle Spear|p1a: Slowbro
|-resisted|p1a: Slowbro
|-damage|p1a: Slowbro|379\/394
|-resisted|p1a: Slowbro
|-damage|p1a: Slowbro|366\/394
|-resisted|p1a: Slowbro
|-damage|p1a: Slowbro|353\/394
|-resisted|p1a: Slowbro
|-damage|p1a: Slowbro|339\/394
|-resisted|p1a: Slowbro
|-damage|p1a: Slowbro|326\/394
|-hitcount|p1a: Slowbro|5
|
|-heal|p1a: Slowbro|350\/394|[from] item: Leftovers
|turn|6
|
|switch|p2a: Greninja|Greninja, F|286\/286
|move|p1a: Slowbro|Scald|p2a: Greninja
|-resisted|p2a: Greninja
|-damage|p2a: Greninja|218\/286
|
|-heal|p1a: Slowbro|374\/394|[from] item: Leftovers
|turn|7
|
|switch|p1a: Clefable|Clefable, M|394\/394
|-start|p2a: Greninja|typechange|Water|[from] Protean
|move|p2a: Greninja|Hydro Pump|p1a: Clefable
|-crit|p1a: Clefable
|-damage|p1a: Clefable|31\/394
|-damage|p2a: Greninja|190\/286|[from] item: Life Orb
|
|-heal|p1a: Clefable|55\/394|[from] item: Leftovers
|turn|8
|
|-start|p2a: Greninja|typechange|Ice|[from] Protean
|move|p2a: Greninja|Ice Beam|p1a: Clefable
|-damage|p1a: Clefable|0 fnt
|-damage|p2a: Greninja|162\/286|[from] item: Life Orb
|faint|p1a: Clefable
|
|
|switch|p1a: Talonflame|Talonflame, M|359\/359
|turn|9
|
|switch|p2a: Azumarill|Azumarill, M|394\/394
|move|p1a: Talonflame|Will-O-Wisp|p2a: Azumarill
|-status|p2a: Azumarill|brn
|
|-damage|p2a: Azumarill|345\/394 brn|[from] brn
|turn|10
|
|switch|p1a: Venusaur|Venusaur, M|364\/364
|move|p2a: Azumarill|Aqua Jet|p1a: Venusaur
|-resisted|p1a: Venusaur
|-damage|p1a: Venusaur|345\/364
|
|-damage|p2a: Azumarill|296\/394 brn|[from] brn
|turn|11
|
|switch|p2a: Jirachi|Jirachi|391\/391
|-formechange|p1a: Venusaur|Venusaur-Mega
|message|Venusaur has Mega Evolved into Mega Venusaur!
|move|p1a: Venusaur|Leech Seed|p2a: Jirachi
|-start|p2a: Jirachi|move: Leech Seed
|
|-damage|p2a: Jirachi|343\/391|[from] Leech Seed|[of] p1a: Venusaur
|-heal|p1a: Venusaur|364\/364|[silent]
|turn|12
|
|switch|p2a: Azumarill|Azumarill, M|296\/394 brn
|switch|p1a: Hippowdon|Hippowdon, M|420\/420
|
|-damage|p2a: Azumarill|247\/394 brn|[from] brn
|turn|13
|
|switch|p1a: Slowbro|Slowbro, M|394\/394
|move|p2a: Azumarill|Belly Drum|p2a: Azumarill
|-damage|p2a: Azumarill|50\/394 brn
|-setboost|p2a: Azumarill|atk|6|[from] move: Belly Drum
|-enditem|p2a: Azumarill|Sitrus Berry|[eat]
|-heal|p2a: Azumarill|148\/394 brn|[from] item: Sitrus Berry
|
|-damage|p2a: Azumarill|99\/394 brn|[from] brn
|turn|14
|
|move|p2a: Azumarill|Play Rough|p1a: Slowbro
|-damage|p1a: Slowbro|109\/394
|-unboost|p1a: Slowbro|atk|1
|move|p1a: Slowbro|Scald|p2a: Azumarill
|-resisted|p2a: Azumarill
|-damage|p2a: Azumarill|45\/394 brn
|
|-heal|p1a: Slowbro|133\/394|[from] item: Leftovers
|-damage|p2a: Azumarill|0 fnt|[from] brn
|faint|p2a: Azumarill
|
|switch|p2a: Manectric|Manectric, M|281\/281
|-formechange|p2a: Manectric|Manectric-Mega
|-ability|p2a: Manectric|Intimidate|[of] p1a: Slowbro
|-unboost|p1a: Slowbro|atk|1
|turn|15
|
|switch|p2a: Cloyster|Cloyster, F|242\/242
|switch|p1a: Hippowdon|Hippowdon, M|420\/420
|
|turn|16
|
|switch|p1a: Slowbro|Slowbro, M|264\/394
|move|p2a: Cloyster|Shell Smash|p2a: Cloyster
|-boost|p2a: Cloyster|atk|2
|-boost|p2a: Cloyster|spa|2
|-boost|p2a: Cloyster|spe|2
|-unboost|p2a: Cloyster|def|1
|-unboost|p2a: Cloyster|spd|1
|
|-heal|p1a: Slowbro|288\/394|[from] item: Leftovers
|turn|17
|
|move|p2a: Cloyster|Rock Blast|p1a: Slowbro
|-damage|p1a: Slowbro|250\/394
|-crit|p1a: Slowbro
|-damage|p1a: Slowbro|192\/394
|-damage|p1a: Slowbro|156\/394
|-damage|p1a: Slowbro|122\/394
|-damage|p1a: Slowbro|84\/394
|-hitcount|p1a: Slowbro|5
|cant|p1a: Slowbro|flinch
|
|-heal|p1a: Slowbro|108\/394|[from] item: Leftovers
|turn|18
|
|switch|p1a: Hippowdon|Hippowdon, M|420\/420
|move|p2a: Cloyster|Rock Blast|p1a: Hippowdon
|-resisted|p1a: Hippowdon
|-damage|p1a: Hippowdon|397\/420
|-resisted|p1a: Hippowdon
|-damage|p1a: Hippowdon|374\/420
|-resisted|p1a: Hippowdon
|-damage|p1a: Hippowdon|350\/420
|-resisted|p1a: Hippowdon
|-damage|p1a: Hippowdon|328\/420
|-resisted|p1a: Hippowdon
|-damage|p1a: Hippowdon|304\/420
|-hitcount|p1a: Hippowdon|5
|
|-heal|p1a: Hippowdon|330\/420|[from] item: Leftovers
|turn|19
|
|switch|p1a: Slowbro|Slowbro, M|239\/394
|move|p2a: Cloyster|Icicle Spear|p1a: Slowbro
|-resisted|p1a: Slowbro
|-damage|p1a: Slowbro|214\/394
|-resisted|p1a: Slowbro
|-damage|p1a: Slowbro|187\/394
|-resisted|p1a: Slowbro
|-damage|p1a: Slowbro|162\/394
|-resisted|p1a: Slowbro
|-damage|p1a: Slowbro|136\/394
|-resisted|p1a: Slowbro
|-damage|p1a: Slowbro|109\/394
|-hitcount|p1a: Slowbro|5
|
|-heal|p1a: Slowbro|133\/394|[from] item: Leftovers
|turn|20
|
|switch|p1a: Zapdos|Zapdos|383\/383
|-ability|p1a: Zapdos|Pressure
|move|p2a: Cloyster|Rock Blast|p1a: Zapdos
|-supereffective|p1a: Zapdos
|-damage|p1a: Zapdos|293\/383
|-supereffective|p1a: Zapdos
|-damage|p1a: Zapdos|203\/383
|-supereffective|p1a: Zapdos
|-damage|p1a: Zapdos|111\/383
|-supereffective|p1a: Zapdos
|-damage|p1a: Zapdos|23\/383
|-supereffective|p1a: Zapdos
|-damage|p1a: Zapdos|0 fnt
|-hitcount|p1a: Zapdos|5
|faint|p1a: Zapdos
|
|
|switch|p1a: Slowbro|Slowbro, M|264\/394
|turn|21
|
|move|p2a: Cloyster|Rock Blast|p1a: Slowbro
|-damage|p1a: Slowbro|227\/394
|-damage|p1a: Slowbro|190\/394
|-damage|p1a: Slowbro|155\/394
|-damage|p1a: Slowbro|119\/394
|-damage|p1a: Slowbro|81\/394
|-hitcount|p1a: Slowbro|5
|cant|p1a: Slowbro|flinch
|
|-heal|p1a: Slowbro|105\/394|[from] item: Leftovers
|turn|22
|
|switch|p1a: Hippowdon|Hippowdon, M|330\/420
|move|p2a: Cloyster|Rock Blast|p1a: Hippowdon
|-resisted|p1a: Hippowdon
|-damage|p1a: Hippowdon|305\/420
|-resisted|p1a: Hippowdon
|-damage|p1a: Hippowdon|282\/420
|-resisted|p1a: Hippowdon
|-damage|p1a: Hippowdon|261\/420
|-resisted|p1a: Hippowdon
|-damage|p1a: Hippowdon|240\/420
|-resisted|p1a: Hippowdon
|-damage|p1a: Hippowdon|217\/420
|-hitcount|p1a: Hippowdon|5
|
|-heal|p1a: Hippowdon|243\/420|[from] item: Leftovers
|turn|23
|
|move|p2a: Cloyster|Shell Smash|p2a: Cloyster
|-boost|p2a: Cloyster|atk|2
|-boost|p2a: Cloyster|spa|2
|-boost|p2a: Cloyster|spe|2
|-unboost|p2a: Cloyster|def|1
|-unboost|p2a: Cloyster|spd|1
|move|p1a: Hippowdon|Whirlwind|p2a: Cloyster
|drag|p2a: Greninja|Greninja, F|162\/286
|
|-heal|p1a: Hippowdon|269\/420|[from] item: Leftovers
|turn|24
|
|switch|p1a: Venusaur|Venusaur, M|364\/364
|-formechange|p1a: Venusaur|Venusaur-Mega
|-start|p2a: Greninja|typechange|Water|[from] Protean
|move|p2a: Greninja|Hydro Pump|p1a: Venusaur|[miss]
|-miss|p2a: Greninja|p1a: Venusaur
|
|turn|25
|
|-start|p2a: Greninja|typechange|Psychic|[from] Protean
|move|p2a: Greninja|Extrasensory|p1a: Venusaur
|-supereffective|p1a: Venusaur
|-damage|p1a: Venusaur|99\/364
|-damage|p2a: Greninja|134\/286|[from] item: Life Orb
|move|p1a: Venusaur|Leech Seed|p2a: Greninja|[miss]
|-miss|p1a: Venusaur|p2a: Greninja
|
|turn|26
|
|switch|p1a: Slowbro|Slowbro, M|236\/394
|-start|p2a: Greninja|typechange|Ice|[from] Protean
|move|p2a: Greninja|Ice Beam|p1a: Slowbro
|-resisted|p1a: Slowbro
|-damage|p1a: Slowbro|139\/394
|-damage|p2a: Greninja|106\/286|[from] item: Life Orb
|
|-heal|p1a: Slowbro|163\/394|[from] item: Leftovers
|turn|27
|
|-start|p2a: Greninja|typechange|Dark|[from] Protean
|move|p2a: Greninja|Dark Pulse|p1a: Slowbro
|-supereffective|p1a: Slowbro
|-damage|p1a: Slowbro|0 fnt
|-damage|p2a: Greninja|78\/286|[from] item: Life Orb
|faint|p1a: Slowbro
|
|
|switch|p1a: Talonflame|Talonflame, M|359\/359
|turn|28
|chat|toiletpker|what a annoying team
|
|switch|p2a: Gliscor|Gliscor, F|337\/337
|move|p1a: Talonflame|Brave Bird|p2a: Gliscor
|-damage|p2a: Gliscor|244\/337
|-damage|p1a: Talonflame|328\/359|[from] recoil|[of] p2a: Gliscor
|
|-heal|p1a: Talonflame|350\/359|[from] item: Leftovers
|-status|p2a: Gliscor|tox|[from] item: Toxic Orb
|turn|29
|chat|k4rpman|says someone with kings rock cloyster...
|chat|toiletpker|yeh?
|chat|toiletpker|its a uu pokemon
|chat|toiletpker|u use a full ou stall team + talonflame lol
|
|switch|p1a: Venusaur|Venusaur, M|99\/364
|-formechange|p1a: Venusaur|Venusaur-Mega
|move|p2a: Gliscor|Facade|p1a: Venusaur
|-damage|p1a: Venusaur|5\/364
|
|-heal|p2a: Gliscor|286\/337 tox|[from] ability: Poison Heal
|turn|30
|chat|k4rpman|oh well, would have been an easy win without that bs
|chat|toiletpker|broken mega venusaur too
|
|move|p2a: Gliscor|Facade|p1a: Venusaur
|-damage|p1a: Venusaur|0 fnt
|faint|p1a: Venusaur
|
|-heal|p2a: Gliscor|328\/337 tox|[from] ability: Poison Heal
|chat|toiletpker|yeh right
|
|switch|p1a: Talonflame|Talonflame, M|350\/359
|turn|31
|chat|toiletpker|bro u will never beat me
|chat|toiletpker|all u do is stall
|chat|toiletpker|your bound to get flinched if u stall
|
|move|p1a: Talonflame|Bulk Up|p1a: Talonflame
|-boost|p1a: Talonflame|atk|1
|-boost|p1a: Talonflame|def|1
|move|p2a: Gliscor|Facade|p1a: Talonflame
|-damage|p1a: Talonflame|230\/359
|
|-heal|p1a: Talonflame|252\/359|[from] item: Leftovers
|-heal|p2a: Gliscor|337\/337 tox|[from] ability: Poison Heal
|turn|32
|
|move|p1a: Talonflame|Brave Bird|p2a: Gliscor
|-damage|p2a: Gliscor|184\/337 tox
|-damage|p1a: Talonflame|202\/359|[from] recoil|[of] p2a: Gliscor
|move|p2a: Gliscor|Taunt|p1a: Talonflame
|-start|p1a: Talonflame|move: Taunt
|
|-heal|p1a: Talonflame|224\/359|[from] item: Leftovers
|-heal|p2a: Gliscor|226\/337 tox|[from] ability: Poison Heal
|turn|33
|
|move|p1a: Talonflame|Brave Bird|p2a: Gliscor
|-damage|p2a: Gliscor|82\/337 tox
|-damage|p1a: Talonflame|176\/359|[from] recoil|[of] p2a: Gliscor
|move|p2a: Gliscor|Facade|p1a: Talonflame
|-damage|p1a: Talonflame|50\/359
|
|-heal|p1a: Talonflame|72\/359|[from] item: Leftovers
|-heal|p2a: Gliscor|124\/337 tox|[from] ability: Poison Heal
|turn|34
|
|move|p1a: Talonflame|Brave Bird|p2a: Gliscor
|-damage|p2a: Gliscor|0 fnt
|-damage|p1a: Talonflame|31\/359|[from] recoil|[of] p2a: Gliscor
|faint|p2a: Gliscor
|
|-heal|p1a: Talonflame|53\/359|[from] item: Leftovers
|
|switch|p2a: Cloyster|Cloyster, F|242\/242
|turn|35
|
|move|p1a: Talonflame|Brave Bird|p2a: Cloyster
|-damage|p2a: Cloyster|136\/242
|-damage|p1a: Talonflame|18\/359|[from] recoil|[of] p2a: Cloyster
|move|p2a: Cloyster|Ice Shard|p1a: Talonflame
|-damage|p1a: Talonflame|0 fnt
|faint|p1a: Talonflame
|
|-message|k4rpman forfeited.
|
|win|toiletpker
|raw|Ladder updating...
|leave|k4rpman
|player|p1
|raw|k4rpman's rating: 1775 &rarr; <strong>1756<\/strong><br \/>(-19 for losing)
|raw|toiletpker's rating: 1789 &rarr; <strong>1808<\/strong><br \/>(+19 for winning)