|join|k4rpman
|join|Giant Steps
|player|p1|k4rpman|101
|player|p2|Giant Steps|191
|gametype|singles
|gen|6
|tier|OU
|rated
|clearpoke
|poke|p1|Venusaur, M
|poke|p1|Hippowdon, M
|poke|p1|Talonflame, M
|poke|p1|Zapdos
|poke|p1|Slowbro, M
|poke|p1|Clefable, F
|poke|p2|Ferrothorn, F
|poke|p2|Hippowdon, M
|poke|p2|Aegislash, M
|poke|p2|Gyarados, M
|poke|p2|Latias, F, shiny
|poke|p2|Talonflame, M
|rule|Sleep Clause Mod: Limit one foe put to sleep
|rule|Species Clause: Limit one of each Pokemon
|rule|OHKO Clause: OHKO moves are banned
|rule|Moody Clause: Moody is banned
|rule|Evasion Moves Clause: Evasion moves are banned
|rule|Endless Battle Clause: Forcing endless battles is banned.
|rule|HP Percentage Mod: HP is reported as percentages
|teampreview
|
|start
|switch|p1a: Zapdos|Zapdos|383\/383
|switch|p2a: Hippowdon|Hippowdon, M|420\/420
|-ability|p1a: Zapdos|Pressure
|-weather|Sandstorm
|turn|1
|
|move|p1a: Zapdos|Heat Wave|p2a: Hippowdon
|-damage|p2a: Hippowdon|305\/420
|move|p2a: Hippowdon|Stealth Rock|p1a: Zapdos
|-sidestart|p1: k4rpman|move: Stealth Rock
|
|-weather|Sandstorm|[upkeep]
|-damage|p1a: Zapdos|360\/383|[from] sandstorm
|-heal|p1a: Zapdos|383\/383|[from] item: Leftovers
|-heal|p2a: Hippowdon|331\/420|[from] item: Leftovers
|turn|2
|
|move|p1a: Zapdos|Defog|p2a: Hippowdon
|-unboost|p2a: Hippowdon|evasion|1
|-sideend|p1: k4rpman|Stealth Rock|[from] move: Defog|[of] p1a: Zapdos
|move|p2a: Hippowdon|Whirlwind|p1a: Zapdos
|drag|p1a: Clefable|Clefable, F|394\/394
|
|-weather|Sandstorm|[upkeep]
|-damage|p1a: Clefable|370\/394|[from] sandstorm
|-heal|p1a: Clefable|394\/394|[from] item: Leftovers
|-heal|p2a: Hippowdon|357\/420|[from] item: Leftovers
|turn|3
|
|move|p1a: Clefable|Moonblast|p2a: Hippowdon
|-damage|p2a: Hippowdon|212\/420
|move|p2a: Hippowdon|Stealth Rock|p1a: Clefable
|-sidestart|p1: k4rpman|move: Stealth Rock
|
|-weather|Sandstorm|[upkeep]
|-damage|p1a: Clefable|370\/394|[from] sandstorm
|-heal|p1a: Clefable|394\/394|[from] item: Leftovers
|-heal|p2a: Hippowdon|238\/420|[from] item: Leftovers
|turn|4
|
|switch|p1a: Zapdos|Zapdos|383\/383
|-damage|p1a: Zapdos|288\/383|[from] Stealth Rock
|-ability|p1a: Zapdos|Pressure
|move|p2a: Hippowdon|Slack Off|p2a: Hippowdon
|-heal|p2a: Hippowdon|420\/420
|
|-weather|Sandstorm|[upkeep]
|-damage|p1a: Zapdos|265\/383|[from] sandstorm
|-heal|p1a: Zapdos|288\/383|[from] item: Leftovers
|turn|5
|
|move|p1a: Zapdos|Defog|p2a: Hippowdon
|-unboost|p2a: Hippowdon|evasion|1
|-sideend|p1: k4rpman|Stealth Rock|[from] move: Defog|[of] p1a: Zapdos
|move|p2a: Hippowdon|Whirlwind|p1a: Zapdos
|drag|p1a: Slowbro|Slowbro, M|394\/394
|
|-weather|none
|turn|6
|
|switch|p2a: Ferrothorn|Ferrothorn, F|352\/352
|move|p1a: Slowbro|Scald|p2a: Ferrothorn
|-resisted|p2a: Ferrothorn
|-damage|p2a: Ferrothorn|321\/352
|
|-heal|p2a: Ferrothorn|343\/352|[from] item: Leftovers
|turn|7
|
|switch|p1a: Zapdos|Zapdos|288\/383
|-ability|p1a: Zapdos|Pressure
|move|p2a: Ferrothorn|Spikes|p1a: Zapdos
|-sidestart|p1: k4rpman|Spikes
|
|-heal|p1a: Zapdos|311\/383|[from] item: Leftovers
|-heal|p2a: Ferrothorn|352\/352|[from] item: Leftovers
|turn|8
|
|switch|p2a: Latias|Latias, F, shiny|302\/302
|move|p1a: Zapdos|Defog|p2a: Latias
|-unboost|p2a: Latias|evasion|1
|-sideend|p1: k4rpman|Spikes|[from] move: Defog|[of] p1a: Zapdos
|
|-heal|p1a: Zapdos|334\/383|[from] item: Leftovers
|turn|9
|
|switch|p1a: Clefable|Clefable, F|394\/394
|move|p2a: Latias|Psyshock|p1a: Clefable
|-damage|p1a: Clefable|285\/394
|
|-heal|p1a: Clefable|309\/394|[from] item: Leftovers
|turn|10
|
|switch|p2a: Ferrothorn|Ferrothorn, F|352\/352
|switch|p1a: Talonflame|Talonflame, M|359\/359
|
|turn|11
|
|move|p2a: Ferrothorn|Protect|p2a: Ferrothorn
|-singleturn|p2a: Ferrothorn|Protect
|move|p1a: Talonflame|Will-O-Wisp|p2a: Ferrothorn
|-activate|p2a: Ferrothorn|Protect
|
|turn|12
|
|switch|p2a: Talonflame|Talonflame, M|341\/341
|move|p1a: Talonflame|Brave Bird|p2a: Talonflame
|-damage|p2a: Talonflame|175\/341
|-damage|p1a: Talonflame|304\/359|[from] recoil|[of] p2a: Talonflame
|
|-heal|p2a: Talonflame|196\/341|[from] item: Leftovers
|-heal|p1a: Talonflame|326\/359|[from] item: Leftovers
|turn|13
|
|switch|p1a: Zapdos|Zapdos|334\/383
|-ability|p1a: Zapdos|Pressure
|move|p2a: Talonflame|Roost|p2a: Talonflame
|-heal|p2a: Talonflame|341\/341
|
|-heal|p1a: Zapdos|357\/383|[from] item: Leftovers
|turn|14
|
|switch|p2a: Hippowdon|Hippowdon, M|420\/420
|-weather|Sandstorm
|switch|p1a: Talonflame|Talonflame, M|326\/359
|
|-weather|Sandstorm|[upkeep]
|-damage|p1a: Talonflame|304\/359|[from] sandstorm
|-heal|p1a: Talonflame|326\/359|[from] item: Leftovers
|turn|15
|
|move|p1a: Talonflame|Bulk Up|p1a: Talonflame
|-boost|p1a: Talonflame|atk|1
|-boost|p1a: Talonflame|def|1
|move|p2a: Hippowdon|Stealth Rock|p1a: Talonflame
|-sidestart|p1: k4rpman|move: Stealth Rock
|
|-weather|Sandstorm|[upkeep]
|-damage|p1a: Talonflame|304\/359|[from] sandstorm
|-heal|p1a: Talonflame|326\/359|[from] item: Leftovers
|turn|16
|
|move|p1a: Talonflame|Will-O-Wisp|p2a: Hippowdon
|-status|p2a: Hippowdon|brn
|move|p2a: Hippowdon|Whirlwind|p1a: Talonflame
|drag|p1a: Clefable|Clefable, F|309\/394
|-damage|p1a: Clefable|260\/394|[from] Stealth Rock
|
|-weather|Sandstorm|[upkeep]
|-damage|p1a: Clefable|236\/394|[from] sandstorm
|-heal|p1a: Clefable|260\/394|[from] item: Leftovers
|-damage|p2a: Hippowdon|368\/420 brn|[from] brn
|turn|17
|
|move|p1a: Clefable|Moonlight|p1a: Clefable
|-heal|p1a: Clefable|358\/394
|move|p2a: Hippowdon|Whirlwind|p1a: Clefable
|drag|p1a: Venusaur|Venusaur, M|364\/364
|-damage|p1a: Venusaur|319\/364|[from] Stealth Rock
|
|-weather|Sandstorm|[upkeep]
|-damage|p1a: Venusaur|297\/364|[from] sandstorm
|-heal|p2a: Hippowdon|394\/420 brn|[from] item: Leftovers
|-damage|p2a: Hippowdon|342\/420 brn|[from] brn
|turn|18
|
|switch|p2a: Talonflame|Talonflame, M|341\/341
|-formechange|p1a: Venusaur|Venusaur-Mega
|message|Venusaur has Mega Evolved into Mega Venusaur!
|move|p1a: Venusaur|Leech Seed|p2a: Talonflame
|-start|p2a: Talonflame|move: Leech Seed
|
|-weather|none
|-damage|p2a: Talonflame|299\/341|[from] Leech Seed|[of] p1a: Venusaur
|-heal|p1a: Venusaur|339\/364|[silent]
|turn|19
|
|switch|p1a: Zapdos|Zapdos|357\/383
|-damage|p1a: Zapdos|262\/383|[from] Stealth Rock
|-ability|p1a: Zapdos|Pressure
|move|p2a: Talonflame|Will-O-Wisp|p1a: Zapdos
|-status|p1a: Zapdos|brn
|
|-heal|p2a: Talonflame|320\/341|[from] item: Leftovers
|-heal|p1a: Zapdos|285\/383 brn|[from] item: Leftovers
|-damage|p2a: Talonflame|278\/341|[from] Leech Seed|[of] p1a: Zapdos
|-heal|p1a: Zapdos|327\/383 brn|[silent]
|-damage|p1a: Zapdos|280\/383 brn|[from] brn
|turn|20
|
|switch|p2a: Hippowdon|Hippowdon, M|342\/420 brn
|-weather|Sandstorm
|move|p1a: Zapdos|Defog|p2a: Hippowdon
|-unboost|p2a: Hippowdon|evasion|1
|-sideend|p1: k4rpman|Stealth Rock|[from] move: Defog|[of] p1a: Zapdos
|
|-weather|Sandstorm|[upkeep]
|-damage|p1a: Zapdos|257\/383 brn|[from] sandstorm
|-heal|p1a: Zapdos|280\/383 brn|[from] item: Leftovers
|-heal|p2a: Hippowdon|368\/420 brn|[from] item: Leftovers
|-damage|p1a: Zapdos|233\/383 brn|[from] brn
|-damage|p2a: Hippowdon|316\/420 brn|[from] brn
|turn|21
|
|switch|p1a: Hippowdon|Hippowdon, M|420\/420
|move|p2a: Hippowdon|Stealth Rock|p1a: Hippowdon
|-sidestart|p1: k4rpman|move: Stealth Rock
|
|-weather|Sandstorm|[upkeep]
|-heal|p2a: Hippowdon|342\/420 brn|[from] item: Leftovers
|-damage|p2a: Hippowdon|290\/420 brn|[from] brn
|turn|22
|
|switch|p2a: Talonflame|Talonflame, M|278\/341
|move|p1a: Hippowdon|Stealth Rock|p2a: Talonflame
|-sidestart|p2: Giant Steps|move: Stealth Rock
|
|-weather|Sandstorm|[upkeep]
|-damage|p2a: Talonflame|257\/341|[from] sandstorm
|-heal|p2a: Talonflame|278\/341|[from] item: Leftovers
|turn|23
|
|move|p2a: Talonflame|Taunt|p1a: Hippowdon
|-start|p1a: Hippowdon|move: Taunt
|cant|p1a: Hippowdon|move: Taunt|Whirlwind
|
|-weather|Sandstorm|[upkeep]
|-damage|p2a: Talonflame|257\/341|[from] sandstorm
|-heal|p2a: Talonflame|278\/341|[from] item: Leftovers
|turn|24
|
|switch|p1a: Slowbro|Slowbro, M|394\/394
|-damage|p1a: Slowbro|345\/394|[from] Stealth Rock
|move|p2a: Talonflame|Will-O-Wisp|p1a: Slowbro
|-status|p1a: Slowbro|brn
|
|-weather|none
|-heal|p2a: Talonflame|299\/341|[from] item: Leftovers
|-heal|p1a: Slowbro|369\/394 brn|[from] item: Leftovers
|-damage|p1a: Slowbro|320\/394 brn|[from] brn
|turn|25
|
|switch|p2a: Ferrothorn|Ferrothorn, F|352\/352
|-damage|p2a: Ferrothorn|330\/352|[from] Stealth Rock
|move|p1a: Slowbro|Thunder Wave|p2a: Ferrothorn
|-status|p2a: Ferrothorn|par
|
|-heal|p1a: Slowbro|344\/394 brn|[from] item: Leftovers
|-heal|p2a: Ferrothorn|352\/352 par|[from] item: Leftovers
|-damage|p1a: Slowbro|295\/394 brn|[from] brn
|turn|26
|
|switch|p1a: Zapdos|Zapdos|233\/383 brn
|-damage|p1a: Zapdos|138\/383 brn|[from] Stealth Rock
|-ability|p1a: Zapdos|Pressure
|move|p2a: Ferrothorn|Spikes|p1a: Zapdos
|-sidestart|p1: k4rpman|Spikes
|
|-heal|p1a: Zapdos|161\/383 brn|[from] item: Leftovers
|-damage|p1a: Zapdos|114\/383 brn|[from] brn
|turn|27
|
|move|p2a: Ferrothorn|Protect|p2a: Ferrothorn
|-singleturn|p2a: Ferrothorn|Protect
|move|p1a: Zapdos|Roost|p1a: Zapdos
|-heal|p1a: Zapdos|306\/383 brn
|
|-heal|p1a: Zapdos|329\/383 brn|[from] item: Leftovers
|-damage|p1a: Zapdos|282\/383 brn|[from] brn
|turn|28
|
|move|p1a: Zapdos|Defog|p2a: Ferrothorn
|-unboost|p2a: Ferrothorn|evasion|1
|-sideend|p2: Giant Steps|Stealth Rock|[from] move: Defog|[of] p2a: Ferrothorn
|-sideend|p1: k4rpman|Spikes|[from] move: Defog|[of] p1a: Zapdos
|-sideend|p1: k4rpman|Stealth Rock|[from] move: Defog|[of] p1a: Zapdos
|move|p2a: Ferrothorn|Leech Seed|p1a: Zapdos
|-start|p1a: Zapdos|move: Leech Seed
|
|-heal|p1a: Zapdos|305\/383 brn|[from] item: Leftovers
|-damage|p1a: Zapdos|258\/383 brn|[from] Leech Seed|[of] p2a: Ferrothorn
|-damage|p1a: Zapdos|211\/383 brn|[from] brn
|turn|29
|
|switch|p1a: Clefable|Clefable, F|358\/394
|switch|p2a: Hippowdon|Hippowdon, M|290\/420 brn
|-weather|Sandstorm
|
|-weather|Sandstorm|[upkeep]
|-damage|p1a: Clefable|334\/394|[from] sandstorm
|-heal|p1a: Clefable|358\/394|[from] item: Leftovers
|-heal|p2a: Hippowdon|316\/420 brn|[from] item: Leftovers
|-damage|p2a: Hippowdon|264\/420 brn|[from] brn
|turn|30
|
|move|p1a: Clefable|Heal Bell|p1a: Clefable
|-cureteam|p1a: Clefable|[from] move: HealBell
|move|p2a: Hippowdon|Slack Off|p2a: Hippowdon
|-heal|p2a: Hippowdon|420\/420 brn
|
|-weather|Sandstorm|[upkeep]
|-damage|p1a: Clefable|334\/394|[from] sandstorm
|-heal|p1a: Clefable|358\/394|[from] item: Leftovers
|-damage|p2a: Hippowdon|368\/420 brn|[from] brn
|turn|31
|
|switch|p1a: Zapdos|Zapdos|211\/383
|-ability|p1a: Zapdos|Pressure
|move|p2a: Hippowdon|Stealth Rock|p1a: Zapdos
|-sidestart|p1: k4rpman|move: Stealth Rock
|
|-weather|Sandstorm|[upkeep]
|-damage|p1a: Zapdos|188\/383|[from] sandstorm
|-heal|p1a: Zapdos|211\/383|[from] item: Leftovers
|-heal|p2a: Hippowdon|394\/420 brn|[from] item: Leftovers
|-damage|p2a: Hippowdon|342\/420 brn|[from] brn
|turn|32
|
|switch|p2a: Latias|Latias, F, shiny|302\/302
|move|p1a: Zapdos|Defog|p2a: Latias
|-unboost|p2a: Latias|evasion|1
|-sideend|p1: k4rpman|Stealth Rock|[from] move: Defog|[of] p1a: Zapdos
|
|-weather|Sandstorm|[upkeep]
|-damage|p2a: Latias|284\/302|[from] sandstorm
|-damage|p1a: Zapdos|188\/383|[from] sandstorm
|-heal|p2a: Latias|302\/302|[from] item: Leftovers
|-heal|p1a: Zapdos|211\/383|[from] item: Leftovers
|turn|33
|
|switch|p2a: Aegislash|Aegislash, M|324\/324
|switch|p1a: Clefable|Clefable, F|358\/394
|
|-weather|none
|-heal|p1a: Clefable|382\/394|[from] item: Leftovers
|turn|34
|
|switch|p1a: Hippowdon|Hippowdon, M|420\/420
|move|p2a: Aegislash|Substitute|p2a: Aegislash
|-start|p2a: Aegislash|Substitute
|-damage|p2a: Aegislash|243\/324
|
|-heal|p2a: Aegislash|263\/324|[from] item: Leftovers
|turn|35
|
|move|p1a: Hippowdon|Stealth Rock|p2a: Aegislash
|-sidestart|p2: Giant Steps|move: Stealth Rock
|move|p2a: Aegislash|Toxic|p1a: Hippowdon
|-status|p1a: Hippowdon|tox
|
|-heal|p2a: Aegislash|283\/324|[from] item: Leftovers
|-damage|p1a: Hippowdon|394\/420 tox|[from] psn
|turn|36
|
|-formechange|p2a: Aegislash|Aegislash-Blade
|move|p2a: Aegislash|Shadow Ball|p1a: Hippowdon
|-damage|p1a: Hippowdon|243\/420 tox
|move|p1a: Hippowdon|Whirlwind|p2a: Aegislash
|drag|p2a: Talonflame|Talonflame, M|299\/341
|-damage|p2a: Talonflame|129\/341|[from] Stealth Rock
|
|-heal|p2a: Talonflame|150\/341|[from] item: Leftovers
|-heal|p1a: Hippowdon|269\/420 tox|[from] item: Leftovers
|-damage|p1a: Hippowdon|217\/420 tox|[from] psn
|turn|37
|
|move|p2a: Talonflame|Taunt|p1a: Hippowdon
|-start|p1a: Hippowdon|move: Taunt
|move|p1a: Hippowdon|Earthquake|p2a: Talonflame
|-immune|p2a: Talonflame|[msg]
|
|-heal|p2a: Talonflame|171\/341|[from] item: Leftovers
|-heal|p1a: Hippowdon|243\/420 tox|[from] item: Leftovers
|-damage|p1a: Hippowdon|165\/420 tox|[from] psn
|turn|38
|
|switch|p1a: Slowbro|Slowbro, M|394\/394
|move|p2a: Talonflame|Brave Bird|p1a: Slowbro
|-damage|p1a: Slowbro|282\/394
|-damage|p2a: Talonflame|134\/341|[from] recoil|[of] p1a: Slowbro
|
|-heal|p2a: Talonflame|155\/341|[from] item: Leftovers
|-heal|p1a: Slowbro|306\/394|[from] item: Leftovers
|turn|39
|
|switch|p2a: Ferrothorn|Ferrothorn, F|352\/352 par
|-damage|p2a: Ferrothorn|330\/352 par|[from] Stealth Rock
|move|p1a: Slowbro|Scald|p2a: Ferrothorn
|-resisted|p2a: Ferrothorn
|-damage|p2a: Ferrothorn|300\/352 par
|
|-heal|p1a: Slowbro|330\/394|[from] item: Leftovers
|-heal|p2a: Ferrothorn|322\/352 par|[from] item: Leftovers
|turn|40
|
|switch|p1a: Hippowdon|Hippowdon, M|165\/420 tox
|move|p2a: Ferrothorn|Spikes|p1a: Hippowdon
|-sidestart|p1: k4rpman|Spikes
|
|-heal|p1a: Hippowdon|191\/420 tox|[from] item: Leftovers
|-heal|p2a: Ferrothorn|344\/352 par|[from] item: Leftovers
|-damage|p1a: Hippowdon|165\/420 tox|[from] psn
|turn|41
|
|move|p1a: Hippowdon|Slack Off|p1a: Hippowdon
|-heal|p1a: Hippowdon|375\/420 tox
|move|p2a: Ferrothorn|Leech Seed|p1a: Hippowdon
|-start|p1a: Hippowdon|move: Leech Seed
|
|-heal|p1a: Hippowdon|401\/420 tox|[from] item: Leftovers
|-heal|p2a: Ferrothorn|352\/352 par|[from] item: Leftovers
|-damage|p1a: Hippowdon|349\/420 tox|[from] Leech Seed|[of] p2a: Ferrothorn
|-damage|p1a: Hippowdon|297\/420 tox|[from] psn
|turn|42
|
|switch|p1a: Clefable|Clefable, F|382\/394
|-damage|p1a: Clefable|333\/394|[from] Spikes
|cant|p2a: Ferrothorn|par
|
|-heal|p1a: Clefable|357\/394|[from] item: Leftovers
|turn|43
|
|move|p1a: Clefable|Heal Bell|p1a: Clefable
|-cureteam|p1a: Clefable|[from] move: HealBell
|move|p2a: Ferrothorn|Gyro Ball|p1a: Clefable
|-supereffective|p1a: Clefable
|-damage|p1a: Clefable|37\/394
|
|-heal|p1a: Clefable|61\/394|[from] item: Leftovers
|turn|44
|
|switch|p1a: Zapdos|Zapdos|211\/383
|-ability|p1a: Zapdos|Pressure
|move|p2a: Ferrothorn|Gyro Ball|p1a: Zapdos
|-resisted|p1a: Zapdos
|-damage|p1a: Zapdos|141\/383
|
|-heal|p1a: Zapdos|164\/383|[from] item: Leftovers
|turn|45
|
|switch|p2a: Latias|Latias, F, shiny|302\/302
|-damage|p2a: Latias|265\/302|[from] Stealth Rock
|move|p1a: Zapdos|Heat Wave|p2a: Latias
|-resisted|p2a: Latias
|-damage|p2a: Latias|227\/302
|
|-heal|p2a: Latias|245\/302|[from] item: Leftovers
|-heal|p1a: Zapdos|187\/383|[from] item: Leftovers
|turn|46
|
|switch|p1a: Slowbro|Slowbro, M|394\/394
|-damage|p1a: Slowbro|345\/394|[from] Spikes
|move|p2a: Latias|Defog|p1a: Slowbro
|-unboost|p1a: Slowbro|evasion|1
|-sideend|p1: k4rpman|Spikes|[from] move: Defog|[of] p1a: Slowbro
|-sideend|p2: Giant Steps|Stealth Rock|[from] move: Defog|[of] p2a: Latias
|
|-heal|p2a: Latias|263\/302|[from] item: Leftovers
|-heal|p1a: Slowbro|369\/394|[from] item: Leftovers
|turn|47
|
|switch|p2a: Ferrothorn|Ferrothorn, F|352\/352 par
|switch|p1a: Zapdos|Zapdos|187\/383
|-ability|p1a: Zapdos|Pressure
|
|-heal|p1a: Zapdos|210\/383|[from] item: Leftovers
|turn|48
|
|switch|p2a: Hippowdon|Hippowdon, M|342\/420 brn
|-weather|Sandstorm
|move|p1a: Zapdos|Heat Wave|p2a: Hippowdon
|-damage|p2a: Hippowdon|216\/420 brn
|
|-weather|Sandstorm|[upkeep]
|-damage|p1a: Zapdos|187\/383|[from] sandstorm
|-heal|p1a: Zapdos|210\/383|[from] item: Leftovers
|-heal|p2a: Hippowdon|242\/420 brn|[from] item: Leftovers
|-damage|p2a: Hippowdon|190\/420 brn|[from] brn
|turn|49
|
|move|p1a: Zapdos|Heat Wave|p2a: Hippowdon
|-damage|p2a: Hippowdon|77\/420 brn
|move|p2a: Hippowdon|Slack Off|p2a: Hippowdon
|-heal|p2a: Hippowdon|287\/420 brn
|
|-weather|Sandstorm|[upkeep]
|-damage|p1a: Zapdos|187\/383|[from] sandstorm
|-heal|p1a: Zapdos|210\/383|[from] item: Leftovers
|-heal|p2a: Hippowdon|313\/420 brn|[from] item: Leftovers
|-damage|p2a: Hippowdon|261\/420 brn|[from] brn
|turn|50
|
|move|p1a: Zapdos|Heat Wave|p2a: Hippowdon
|-damage|p2a: Hippowdon|140\/420 brn
|move|p2a: Hippowdon|Slack Off|p2a: Hippowdon
|-heal|p2a: Hippowdon|350\/420 brn
|
|-weather|Sandstorm|[upkeep]
|-damage|p1a: Zapdos|187\/383|[from] sandstorm
|-heal|p1a: Zapdos|210\/383|[from] item: Leftovers
|-heal|p2a: Hippowdon|376\/420 brn|[from] item: Leftovers
|-damage|p2a: Hippowdon|324\/420 brn|[from] brn
|turn|51
|
|move|p1a: Zapdos|Heat Wave|p2a: Hippowdon
|-damage|p2a: Hippowdon|204\/420 brn
|move|p2a: Hippowdon|Stealth Rock|p1a: Zapdos
|-sidestart|p1: k4rpman|move: Stealth Rock
|
|-weather|Sandstorm|[upkeep]
|-damage|p1a: Zapdos|187\/383|[from] sandstorm
|-heal|p1a: Zapdos|210\/383|[from] item: Leftovers
|-heal|p2a: Hippowdon|230\/420 brn|[from] item: Leftovers
|-damage|p2a: Hippowdon|178\/420 brn|[from] brn
|turn|52
|
|move|p1a: Zapdos|Defog|p2a: Hippowdon
|-unboost|p2a: Hippowdon|evasion|1
|-sideend|p1: k4rpman|Stealth Rock|[from] move: Defog|[of] p1a: Zapdos
|move|p2a: Hippowdon|Slack Off|p2a: Hippowdon
|-heal|p2a: Hippowdon|388\/420 brn
|
|-weather|none
|-heal|p1a: Zapdos|233\/383|[from] item: Leftovers
|-heal|p2a: Hippowdon|414\/420 brn|[from] item: Leftovers
|-damage|p2a: Hippowdon|362\/420 brn|[from] brn
|turn|53
|
|switch|p2a: Latias|Latias, F, shiny|263\/302
|move|p1a: Zapdos|Heat Wave|p2a: Latias
|-resisted|p2a: Latias
|-damage|p2a: Latias|228\/302
|
|-heal|p2a: Latias|246\/302|[from] item: Leftovers
|-heal|p1a: Zapdos|256\/383|[from] item: Leftovers
|turn|54
|
|switch|p1a: Slowbro|Slowbro, M|394\/394
|move|p2a: Latias|Psyshock|p1a: Slowbro
|-resisted|p1a: Slowbro
|-damage|p1a: Slowbro|349\/394
|
|-heal|p2a: Latias|264\/302|[from] item: Leftovers
|-heal|p1a: Slowbro|373\/394|[from] item: Leftovers
|turn|55
|
|switch|p2a: Ferrothorn|Ferrothorn, F|352\/352 par
|move|p1a: Slowbro|Ice Beam|p2a: Ferrothorn
|-damage|p2a: Ferrothorn|307\/352 par
|
|-heal|p1a: Slowbro|394\/394|[from] item: Leftovers
|-heal|p2a: Ferrothorn|329\/352 par|[from] item: Leftovers
|turn|56
|
|switch|p1a: Zapdos|Zapdos|256\/383
|-ability|p1a: Zapdos|Pressure
|move|p2a: Ferrothorn|Spikes|p1a: Zapdos
|-sidestart|p1: k4rpman|Spikes
|
|-heal|p1a: Zapdos|279\/383|[from] item: Leftovers
|-heal|p2a: Ferrothorn|351\/352 par|[from] item: Leftovers
|turn|57
|
|switch|p2a: Hippowdon|Hippowdon, M|362\/420 brn
|-weather|Sandstorm
|move|p1a: Zapdos|Thunderbolt|p2a: Hippowdon
|-immune|p2a: Hippowdon|[msg]
|
|-weather|Sandstorm|[upkeep]
|-damage|p1a: Zapdos|256\/383|[from] sandstorm
|-heal|p1a: Zapdos|279\/383|[from] item: Leftovers
|-heal|p2a: Hippowdon|388\/420 brn|[from] item: Leftovers
|-damage|p2a: Hippowdon|336\/420 brn|[from] brn
|turn|58
|
|move|p1a: Zapdos|Heat Wave|p2a: Hippowdon
|-damage|p2a: Hippowdon|220\/420 brn
|move|p2a: Hippowdon|Stealth Rock|p1a: Zapdos
|-sidestart|p1: k4rpman|move: Stealth Rock
|
|-weather|Sandstorm|[upkeep]
|-damage|p1a: Zapdos|256\/383|[from] sandstorm
|-heal|p1a: Zapdos|279\/383|[from] item: Leftovers
|-heal|p2a: Hippowdon|246\/420 brn|[from] item: Leftovers
|-damage|p2a: Hippowdon|194\/420 brn|[from] brn
|turn|59
|
|switch|p2a: Latias|Latias, F, shiny|264\/302
|move|p1a: Zapdos|Defog|p2a: Latias
|-unboost|p2a: Latias|evasion|1
|-sideend|p1: k4rpman|Spikes|[from] move: Defog|[of] p1a: Zapdos
|-sideend|p1: k4rpman|Stealth Rock|[from] move: Defog|[of] p1a: Zapdos
|
|-weather|Sandstorm|[upkeep]
|-damage|p2a: Latias|246\/302|[from] sandstorm
|-damage|p1a: Zapdos|256\/383|[from] sandstorm
|-heal|p2a: Latias|264\/302|[from] item: Leftovers
|-heal|p1a: Zapdos|279\/383|[from] item: Leftovers
|turn|60
|
|switch|p1a: Slowbro|Slowbro, M|394\/394
|move|p2a: Latias|Draco Meteor|p1a: Slowbro
|-damage|p1a: Slowbro|165\/394
|-unboost|p2a: Latias|spa|2
|
|-weather|Sandstorm|[upkeep]
|-damage|p2a: Latias|246\/302|[from] sandstorm
|-damage|p1a: Slowbro|141\/394|[from] sandstorm
|-heal|p2a: Latias|264\/302|[from] item: Leftovers
|-heal|p1a: Slowbro|165\/394|[from] item: Leftovers
|turn|61
|
|switch|p2a: Ferrothorn|Ferrothorn, F|351\/352 par
|move|p1a: Slowbro|Slack Off|p1a: Slowbro
|-heal|p1a: Slowbro|362\/394
|
|-weather|none
|-heal|p1a: Slowbro|386\/394|[from] item: Leftovers
|-heal|p2a: Ferrothorn|352\/352 par|[from] item: Leftovers
|turn|62
|
|switch|p1a: Zapdos|Zapdos|279\/383
|-ability|p1a: Zapdos|Pressure
|move|p2a: Ferrothorn|Leech Seed|p1a: Zapdos
|-start|p1a: Zapdos|move: Leech Seed
|
|-heal|p1a: Zapdos|302\/383|[from] item: Leftovers
|-damage|p1a: Zapdos|255\/383|[from] Leech Seed|[of] p2a: Ferrothorn
|turn|63
|
|switch|p1a: Clefable|Clefable, F|61\/394
|switch|p2a: Latias|Latias, F, shiny|264\/302
|
|-heal|p2a: Latias|282\/302|[from] item: Leftovers
|-heal|p1a: Clefable|85\/394|[from] item: Leftovers
|turn|64
|
|switch|p1a: Slowbro|Slowbro, M|394\/394
|move|p2a: Latias|Psyshock|p1a: Slowbro
|-resisted|p1a: Slowbro
|-damage|p1a: Slowbro|350\/394
|
|-heal|p2a: Latias|300\/302|[from] item: Leftovers
|-heal|p1a: Slowbro|374\/394|[from] item: Leftovers
|turn|65
|
|switch|p1a: Hippowdon|Hippowdon, M|297\/420
|move|p2a: Latias|Draco Meteor|p1a: Hippowdon
|-damage|p1a: Hippowdon|99\/420
|-unboost|p2a: Latias|spa|2
|
|-heal|p2a: Latias|302\/302|[from] item: Leftovers
|-heal|p1a: Hippowdon|125\/420|[from] item: Leftovers
|turn|66
|
|switch|p2a: Hippowdon|Hippowdon, M|194\/420 brn
|-weather|Sandstorm
|move|p1a: Hippowdon|Slack Off|p1a: Hippowdon
|-heal|p1a: Hippowdon|335\/420
|
|-weather|Sandstorm|[upkeep]
|-heal|p1a: Hippowdon|361\/420|[from] item: Leftovers
|-heal|p2a: Hippowdon|220\/420 brn|[from] item: Leftovers
|-damage|p2a: Hippowdon|168\/420 brn|[from] brn
|turn|67
|
|switch|p1a: Venusaur|Venusaur, M|339\/364
|-formechange|p1a: Venusaur|Venusaur-Mega
|move|p2a: Hippowdon|Slack Off|p2a: Hippowdon
|-heal|p2a: Hippowdon|378\/420 brn
|
|-weather|Sandstorm|[upkeep]
|-damage|p1a: Venusaur|317\/364|[from] sandstorm
|-heal|p2a: Hippowdon|404\/420 brn|[from] item: Leftovers
|-damage|p2a: Hippowdon|352\/420 brn|[from] brn
|turn|68
|
|switch|p1a: Zapdos|Zapdos|255\/383
|-ability|p1a: Zapdos|Pressure
|switch|p2a: Ferrothorn|Ferrothorn, F|352\/352 par
|
|-weather|Sandstorm|[upkeep]
|-damage|p1a: Zapdos|232\/383|[from] sandstorm
|-heal|p1a: Zapdos|255\/383|[from] item: Leftovers
|turn|69
|
|switch|p2a: Hippowdon|Hippowdon, M|352\/420 brn
|move|p1a: Zapdos|Heat Wave|p2a: Hippowdon
|-damage|p2a: Hippowdon|230\/420 brn
|
|-weather|Sandstorm|[upkeep]
|-damage|p1a: Zapdos|232\/383|[from] sandstorm
|-heal|p1a: Zapdos|255\/383|[from] item: Leftovers
|-heal|p2a: Hippowdon|256\/420 brn|[from] item: Leftovers
|-damage|p2a: Hippowdon|204\/420 brn|[from] brn
|turn|70
|
|move|p1a: Zapdos|Heat Wave|p2a: Hippowdon
|-damage|p2a: Hippowdon|93\/420 brn
|move|p2a: Hippowdon|Slack Off|p2a: Hippowdon
|-heal|p2a: Hippowdon|303\/420 brn
|
|-weather|none
|-heal|p1a: Zapdos|278\/383|[from] item: Leftovers
|-heal|p2a: Hippowdon|329\/420 brn|[from] item: Leftovers
|-damage|p2a: Hippowdon|277\/420 brn|[from] brn
|turn|71
|
|switch|p1a: Clefable|Clefable, F|85\/394
|switch|p2a: Latias|Latias, F, shiny|302\/302
|
|-heal|p1a: Clefable|109\/394|[from] item: Leftovers
|turn|72
|
|switch|p1a: Slowbro|Slowbro, M|394\/394
|move|p2a: Latias|Psyshock|p1a: Slowbro
|-resisted|p1a: Slowbro
|-damage|p1a: Slowbro|354\/394
|
|-heal|p1a: Slowbro|378\/394|[from] item: Leftovers
|turn|73
|
|switch|p2a: Aegislash|Aegislash, M|283\/324
|move|p1a: Slowbro|Thunder Wave|p2a: Aegislash
|-status|p2a: Aegislash|par
|
|-heal|p1a: Slowbro|394\/394|[from] item: Leftovers
|-heal|p2a: Aegislash|303\/324 par|[from] item: Leftovers
|turn|74
|
|switch|p1a: Hippowdon|Hippowdon, M|361\/420
|cant|p2a: Aegislash|par
|
|-heal|p1a: Hippowdon|387\/420|[from] item: Leftovers
|-heal|p2a: Aegislash|323\/324 par|[from] item: Leftovers
|turn|75
|
|switch|p2a: Talonflame|Talonflame, M|155\/341
|move|p1a: Hippowdon|Stealth Rock|p2a: Talonflame
|-sidestart|p2: Giant Steps|move: Stealth Rock
|
|-heal|p2a: Talonflame|176\/341|[from] item: Leftovers
|-heal|p1a: Hippowdon|413\/420|[from] item: Leftovers
|turn|76
|
|switch|p1a: Slowbro|Slowbro, M|394\/394
|move|p2a: Talonflame|Taunt|p1a: Slowbro
|-start|p1a: Slowbro|move: Taunt
|
|-heal|p2a: Talonflame|197\/341|[from] item: Leftovers
|turn|77
|
|switch|p2a: Ferrothorn|Ferrothorn, F|352\/352 par
|-damage|p2a: Ferrothorn|330\/352 par|[from] Stealth Rock
|move|p1a: Slowbro|Scald|p2a: Ferrothorn
|-resisted|p2a: Ferrothorn
|-damage|p2a: Ferrothorn|301\/352 par
|
|-heal|p2a: Ferrothorn|323\/352 par|[from] item: Leftovers
|turn|78
|
|switch|p1a: Zapdos|Zapdos|278\/383
|-ability|p1a: Zapdos|Pressure
|move|p2a: Ferrothorn|Leech Seed|p1a: Zapdos
|-start|p1a: Zapdos|move: Leech Seed
|
|-heal|p1a: Zapdos|301\/383|[from] item: Leftovers
|-heal|p2a: Ferrothorn|345\/352 par|[from] item: Leftovers
|-damage|p1a: Zapdos|254\/383|[from] Leech Seed|[of] p2a: Ferrothorn
|-heal|p2a: Ferrothorn|352\/352 par|[silent]
|turn|79
|
|switch|p2a: Latias|Latias, F, shiny|302\/302
|-damage|p2a: Latias|265\/302|[from] Stealth Rock
|move|p1a: Zapdos|Roost|p1a: Zapdos
|-heal|p1a: Zapdos|383\/383
|
|-heal|p2a: Latias|283\/302|[from] item: Leftovers
|-damage|p1a: Zapdos|336\/383|[from] Leech Seed|[of] p2a: Latias
|-heal|p2a: Latias|302\/302|[silent]
|turn|80
|
|switch|p1a: Slowbro|Slowbro, M|394\/394
|move|p2a: Latias|Defog|p1a: Slowbro
|-unboost|p1a: Slowbro|evasion|1
|-sideend|p2: Giant Steps|Stealth Rock|[from] move: Defog|[of] p2a: Latias
|
|turn|81
|
|switch|p2a: Aegislash|Aegislash, M|323\/324 par
|switch|p1a: Clefable|Clefable, F|109\/394
|
|-heal|p1a: Clefable|133\/394|[from] item: Leftovers
|-heal|p2a: Aegislash|324\/324 par|[from] item: Leftovers
|turn|82
|
|switch|p1a: Venusaur|Venusaur, M|317\/364
|-formechange|p1a: Venusaur|Venusaur-Mega
|move|p2a: Aegislash|Toxic|p1a: Venusaur
|-fail|p1a: Venusaur
|
|turn|83
|
|move|p1a: Venusaur|Leech Seed|p2a: Aegislash
|-start|p2a: Aegislash|move: Leech Seed
|-formechange|p2a: Aegislash|Aegislash-Blade
|move|p2a: Aegislash|Shadow Ball|p1a: Venusaur
|-damage|p1a: Venusaur|173\/364
|
|-damage|p2a: Aegislash|284\/324 par|[from] Leech Seed|[of] p1a: Venusaur
|-heal|p1a: Venusaur|213\/364|[silent]
|turn|84
|
|switch|p1a: Talonflame|Talonflame, M|326\/359
|switch|p2a: Ferrothorn|Ferrothorn, F|352\/352 par
|
|-heal|p1a: Talonflame|348\/359|[from] item: Leftovers
|turn|85
|
|move|p1a: Talonflame|Bulk Up|p1a: Talonflame
|-boost|p1a: Talonflame|atk|1
|-boost|p1a: Talonflame|def|1
|move|p2a: Ferrothorn|Leech Seed|p1a: Talonflame
|-start|p1a: Talonflame|move: Leech Seed
|
|-heal|p1a: Talonflame|359\/359|[from] item: Leftovers
|-damage|p1a: Talonflame|315\/359|[from] Leech Seed|[of] p2a: Ferrothorn
|turn|86
|
|switch|p2a: Hippowdon|Hippowdon, M|277\/420 brn
|-weather|Sandstorm
|move|p1a: Talonflame|Brave Bird|p2a: Hippowdon
|-damage|p2a: Hippowdon|163\/420 brn
|-damage|p1a: Talonflame|277\/359|[from] recoil|[of] p2a: Hippowdon
|
|-weather|Sandstorm|[upkeep]
|-damage|p1a: Talonflame|255\/359|[from] sandstorm
|-heal|p1a: Talonflame|277\/359|[from] item: Leftovers
|-heal|p2a: Hippowdon|189\/420 brn|[from] item: Leftovers
|-damage|p1a: Talonflame|233\/359|[from] Leech Seed|[of] p2a: Hippowdon
|-heal|p2a: Hippowdon|233\/420 brn|[silent]
|-damage|p2a: Hippowdon|181\/420 brn|[from] brn
|turn|87
|
|switch|p1a: Zapdos|Zapdos|336\/383
|-ability|p1a: Zapdos|Pressure
|move|p2a: Hippowdon|Slack Off|p2a: Hippowdon
|-heal|p2a: Hippowdon|391\/420 brn
|
|-weather|Sandstorm|[upkeep]
|-damage|p1a: Zapdos|313\/383|[from] sandstorm
|-heal|p1a: Zapdos|336\/383|[from] item: Leftovers
|-heal|p2a: Hippowdon|417\/420 brn|[from] item: Leftovers
|-damage|p2a: Hippowdon|365\/420 brn|[from] brn
|turn|88
|
|switch|p2a: Latias|Latias, F, shiny|302\/302
|move|p1a: Zapdos|Heat Wave|p2a: Latias
|-resisted|p2a: Latias
|-damage|p2a: Latias|267\/302
|
|-weather|Sandstorm|[upkeep]
|-damage|p2a: Latias|249\/302|[from] sandstorm
|-damage|p1a: Zapdos|313\/383|[from] sandstorm
|-heal|p2a: Latias|267\/302|[from] item: Leftovers
|-heal|p1a: Zapdos|336\/383|[from] item: Leftovers
|turn|89
|
|switch|p1a: Slowbro|Slowbro, M|394\/394
|move|p2a: Latias|Draco Meteor|p1a: Slowbro
|-damage|p1a: Slowbro|153\/394
|-unboost|p2a: Latias|spa|2
|
|-weather|Sandstorm|[upkeep]
|-damage|p2a: Latias|249\/302|[from] sandstorm
|-damage|p1a: Slowbro|129\/394|[from] sandstorm
|-heal|p2a: Latias|267\/302|[from] item: Leftovers
|-heal|p1a: Slowbro|153\/394|[from] item: Leftovers
|turn|90
|
|switch|p2a: Aegislash|Aegislash, M|284\/324 par
|switch|p1a: Clefable|Clefable, F|133\/394
|
|-weather|none
|-heal|p1a: Clefable|157\/394|[from] item: Leftovers
|-heal|p2a: Aegislash|304\/324 par|[from] item: Leftovers
|turn|91
|
|switch|p1a: Hippowdon|Hippowdon, M|413\/420
|-formechange|p2a: Aegislash|Aegislash-Blade
|move|p2a: Aegislash|Shadow Ball|p1a: Hippowdon
|-damage|p1a: Hippowdon|263\/420
|
|-heal|p1a: Hippowdon|289\/420|[from] item: Leftovers
|-heal|p2a: Aegislash|324\/324 par|[from] item: Leftovers
|turn|92
|
|switch|p2a: Latias|Latias, F, shiny|267\/302
|move|p1a: Hippowdon|Stealth Rock|p2a: Latias
|-sidestart|p2: Giant Steps|move: Stealth Rock
|
|-heal|p2a: Latias|285\/302|[from] item: Leftovers
|-heal|p1a: Hippowdon|315\/420|[from] item: Leftovers
|turn|93
|
|move|p2a: Latias|Draco Meteor|p1a: Hippowdon
|-damage|p1a: Hippowdon|117\/420
|-unboost|p2a: Latias|spa|2
|move|p1a: Hippowdon|Slack Off|p1a: Hippowdon
|-heal|p1a: Hippowdon|327\/420
|
|-heal|p2a: Latias|302\/302|[from] item: Leftovers
|-heal|p1a: Hippowdon|353\/420|[from] item: Leftovers
|turn|94
|
|move|p2a: Latias|Defog|p1a: Hippowdon
|-unboost|p1a: Hippowdon|evasion|1
|-sideend|p2: Giant Steps|Stealth Rock|[from] move: Defog|[of] p2a: Latias
|move|p1a: Hippowdon|Stealth Rock|p2a: Latias
|-sidestart|p2: Giant Steps|move: Stealth Rock
|
|-heal|p1a: Hippowdon|379\/420|[from] item: Leftovers
|turn|95
|
|move|p2a: Latias|Defog|p1a: Hippowdon
|-unboost|p1a: Hippowdon|evasion|1
|-sideend|p2: Giant Steps|Stealth Rock|[from] move: Defog|[of] p2a: Latias
|move|p1a: Hippowdon|Stealth Rock|p2a: Latias
|-sidestart|p2: Giant Steps|move: Stealth Rock
|
|-heal|p1a: Hippowdon|405\/420|[from] item: Leftovers
|turn|96
|
|move|p2a: Latias|Defog|p1a: Hippowdon
|-unboost|p1a: Hippowdon|evasion|1
|-sideend|p2: Giant Steps|Stealth Rock|[from] move: Defog|[of] p2a: Latias
|move|p1a: Hippowdon|Stealth Rock|p2a: Latias
|-sidestart|p2: Giant Steps|move: Stealth Rock
|
|-heal|p1a: Hippowdon|420\/420|[from] item: Leftovers
|turn|97
|
|move|p2a: Latias|Defog|p1a: Hippowdon
|-unboost|p1a: Hippowdon|evasion|1
|-sideend|p2: Giant Steps|Stealth Rock|[from] move: Defog|[of] p2a: Latias
|move|p1a: Hippowdon|Stealth Rock|p2a: Latias
|-sidestart|p2: Giant Steps|move: Stealth Rock
|
|turn|98
|
|move|p2a: Latias|Defog|p1a: Hippowdon
|-unboost|p1a: Hippowdon|evasion|1
|-sideend|p2: Giant Steps|Stealth Rock|[from] move: Defog|[of] p2a: Latias
|move|p1a: Hippowdon|Stealth Rock|p2a: Latias
|-sidestart|p2: Giant Steps|move: Stealth Rock
|
|turn|99
|
|switch|p2a: Ferrothorn|Ferrothorn, F|352\/352 par
|-damage|p2a: Ferrothorn|330\/352 par|[from] Stealth Rock
|move|p1a: Hippowdon|Stealth Rock|p2a: Ferrothorn
|-fail|p2a: Ferrothorn
|
|-heal|p2a: Ferrothorn|352\/352 par|[from] item: Leftovers
|turn|100
|
|cant|p2a: Ferrothorn|par
|move|p1a: Hippowdon|Whirlwind|p2a: Ferrothorn
|drag|p2a: Aegislash|Aegislash, M|324\/324 par
|-damage|p2a: Aegislash|304\/324 par|[from] Stealth Rock
|
|-heal|p2a: Aegislash|324\/324 par|[from] item: Leftovers
|turn|101
|
|move|p1a: Hippowdon|Earthquake|p2a: Aegislash
|-supereffective|p2a: Aegislash
|-damage|p2a: Aegislash|132\/324 par
|cant|p2a: Aegislash|par
|
|-heal|p2a: Aegislash|152\/324 par|[from] item: Leftovers
|turn|102
|
|move|p2a: Aegislash|King's Shield|p2a: Aegislash
|-singleturn|p2a: Aegislash|Protect
|move|p1a: Hippowdon|Whirlwind|p2a: Aegislash
|drag|p2a: Ferrothorn|Ferrothorn, F|352\/352 par
|-damage|p2a: Ferrothorn|330\/352 par|[from] Stealth Rock
|
|-heal|p2a: Ferrothorn|352\/352 par|[from] item: Leftovers
|turn|103
|
|move|p2a: Ferrothorn|Leech Seed|p1a: Hippowdon
|-start|p1a: Hippowdon|move: Leech Seed
|move|p1a: Hippowdon|Whirlwind|p2a: Ferrothorn
|drag|p2a: Talonflame|Talonflame, M|197\/341
|-damage|p2a: Talonflame|27\/341|[from] Stealth Rock
|
|-heal|p2a: Talonflame|48\/341|[from] item: Leftovers
|-damage|p1a: Hippowdon|368\/420|[from] Leech Seed|[of] p2a: Talonflame
|-heal|p2a: Talonflame|100\/341|[silent]
|turn|104
|
|switch|p1a: Slowbro|Slowbro, M|284\/394
|move|p2a: Talonflame|Taunt|p1a: Slowbro
|-start|p1a: Slowbro|move: Taunt
|
|-heal|p2a: Talonflame|121\/341|[from] item: Leftovers
|-heal|p1a: Slowbro|308\/394|[from] item: Leftovers
|turn|105
|
|switch|p2a: Gyarados|Gyarados, M|332\/332
|-damage|p2a: Gyarados|249\/332|[from] Stealth Rock
|-ability|p2a: Gyarados|Intimidate|[of] p1a: Slowbro
|-unboost|p1a: Slowbro|atk|1
|switch|p1a: Hippowdon|Hippowdon, M|368\/420
|
|-heal|p1a: Hippowdon|394\/420|[from] item: Leftovers
|turn|106
|
|switch|p1a: Slowbro|Slowbro, M|394\/394
|-formechange|p2a: Gyarados|Gyarados-Mega
|message|Gyarados has Mega Evolved into Mega Gyarados!
|-ability|p2a: Gyarados|Mold Breaker
|move|p2a: Gyarados|Waterfall|p1a: Slowbro
|-resisted|p1a: Slowbro
|-damage|p1a: Slowbro|338\/394
|
|-heal|p1a: Slowbro|362\/394|[from] item: Leftovers
|turn|107
|
|switch|p2a: Ferrothorn|Ferrothorn, F|352\/352 par
|-damage|p2a: Ferrothorn|330\/352 par|[from] Stealth Rock
|move|p1a: Slowbro|Scald|p2a: Ferrothorn
|-resisted|p2a: Ferrothorn
|-damage|p2a: Ferrothorn|300\/352 par
|
|-heal|p1a: Slowbro|386\/394|[from] item: Leftovers
|-heal|p2a: Ferrothorn|322\/352 par|[from] item: Leftovers
|turn|108
|
|switch|p1a: Venusaur|Venusaur, M|213\/364
|-formechange|p1a: Venusaur|Venusaur-Mega
|move|p2a: Ferrothorn|Spikes|p1a: Venusaur
|-sidestart|p1: k4rpman|Spikes
|
|-heal|p2a: Ferrothorn|344\/352 par|[from] item: Leftovers
|turn|109
|
|switch|p1a: Hippowdon|Hippowdon, M|394\/420
|-damage|p1a: Hippowdon|342\/420|[from] Spikes
|move|p2a: Ferrothorn|Spikes|p1a: Hippowdon
|-sidestart|p1: k4rpman|Spikes
|
|-heal|p1a: Hippowdon|368\/420|[from] item: Leftovers
|-heal|p2a: Ferrothorn|352\/352 par|[from] item: Leftovers
|turn|110
|
|switch|p2a: Latias|Latias, F, shiny|302\/302
|-damage|p2a: Latias|265\/302|[from] Stealth Rock
|move|p1a: Hippowdon|Whirlwind|p2a: Latias
|drag|p2a: Aegislash|Aegislash, M|152\/324 par
|-damage|p2a: Aegislash|132\/324 par|[from] Stealth Rock
|
|-heal|p1a: Hippowdon|394\/420|[from] item: Leftovers
|-heal|p2a: Aegislash|152\/324 par|[from] item: Leftovers
|turn|111
|
|move|p2a: Aegislash|King's Shield|p2a: Aegislash
|-singleturn|p2a: Aegislash|Protect
|move|p1a: Hippowdon|Whirlwind|p2a: Aegislash
|drag|p2a: Hippowdon|Hippowdon, M|365\/420 brn
|-damage|p2a: Hippowdon|339\/420 brn|[from] Stealth Rock
|-weather|Sandstorm
|
|-weather|Sandstorm|[upkeep]
|-heal|p2a: Hippowdon|365\/420 brn|[from] item: Leftovers
|-heal|p1a: Hippowdon|420\/420|[from] item: Leftovers
|-damage|p2a: Hippowdon|313\/420 brn|[from] brn
|turn|112
|
|move|p1a: Hippowdon|Whirlwind|p2a: Hippowdon
|drag|p2a: Talonflame|Talonflame, M|121\/341
|-damage|p2a: Talonflame|0 fnt|[from] Stealth Rock
|faint|p2a: Talonflame
|
|-weather|Sandstorm|[upkeep]
|
|switch|p2a: Hippowdon|Hippowdon, M|313\/420 brn
|-damage|p2a: Hippowdon|287\/420 brn|[from] Stealth Rock
|turn|113
|
|move|p1a: Hippowdon|Earthquake|p2a: Hippowdon
|-damage|p2a: Hippowdon|175\/420 brn
|move|p2a: Hippowdon|Stealth Rock|p1a: Hippowdon
|-sidestart|p1: k4rpman|move: Stealth Rock
|
|-weather|Sandstorm|[upkeep]
|-heal|p2a: Hippowdon|201\/420 brn|[from] item: Leftovers
|-damage|p2a: Hippowdon|149\/420 brn|[from] brn
|turn|114
|
|move|p1a: Hippowdon|Earthquake|p2a: Hippowdon
|-damage|p2a: Hippowdon|41\/420 brn
|move|p2a: Hippowdon|Slack Off|p2a: Hippowdon
|-heal|p2a: Hippowdon|251\/420 brn
|
|-weather|Sandstorm|[upkeep]
|-heal|p2a: Hippowdon|277\/420 brn|[from] item: Leftovers
|-damage|p2a: Hippowdon|225\/420 brn|[from] brn
|turn|115
|
|move|p2a: Hippowdon|Slack Off|p2a: Hippowdon
|-heal|p2a: Hippowdon|420\/420 brn
|move|p1a: Hippowdon|Earthquake|p2a: Hippowdon
|-damage|p2a: Hippowdon|309\/420 brn
|
|-weather|none
|-heal|p2a: Hippowdon|335\/420 brn|[from] item: Leftovers
|-damage|p2a: Hippowdon|283\/420 brn|[from] brn
|turn|116
|
|move|p2a: Hippowdon|Whirlwind|p1a: Hippowdon
|drag|p1a: Talonflame|Talonflame, M|233\/359
|-damage|p1a: Talonflame|54\/359|[from] Stealth Rock
|
|-heal|p1a: Talonflame|76\/359|[from] item: Leftovers
|-heal|p2a: Hippowdon|309\/420 brn|[from] item: Leftovers
|-damage|p2a: Hippowdon|257\/420 brn|[from] brn
|turn|117
|
|move|p1a: Talonflame|Bulk Up|p1a: Talonflame
|-boost|p1a: Talonflame|atk|1
|-boost|p1a: Talonflame|def|1
|move|p2a: Hippowdon|Whirlwind|p1a: Talonflame
|drag|p1a: Slowbro|Slowbro, M|394\/394
|-damage|p1a: Slowbro|345\/394|[from] Stealth Rock
|-damage|p1a: Slowbro|280\/394|[from] Spikes
|
|-heal|p2a: Hippowdon|283\/420 brn|[from] item: Leftovers
|-heal|p1a: Slowbro|304\/394|[from] item: Leftovers
|-damage|p2a: Hippowdon|231\/420 brn|[from] brn
|turn|118
|
|switch|p2a: Ferrothorn|Ferrothorn, F|352\/352 par
|-damage|p2a: Ferrothorn|330\/352 par|[from] Stealth Rock
|switch|p1a: Zapdos|Zapdos|336\/383
|-damage|p1a: Zapdos|241\/383|[from] Stealth Rock
|-ability|p1a: Zapdos|Pressure
|
|-heal|p1a: Zapdos|264\/383|[from] item: Leftovers
|-heal|p2a: Ferrothorn|352\/352 par|[from] item: Leftovers
|turn|119
|
|move|p1a: Zapdos|Defog|p2a: Ferrothorn
|-unboost|p2a: Ferrothorn|evasion|1
|-sideend|p2: Giant Steps|Stealth Rock|[from] move: Defog|[of] p2a: Ferrothorn
|-sideend|p1: k4rpman|Spikes|[from] move: Defog|[of] p1a: Zapdos
|-sideend|p1: k4rpman|Stealth Rock|[from] move: Defog|[of] p1a: Zapdos
|move|p2a: Ferrothorn|Leech Seed|p1a: Zapdos|[miss]
|-miss|p2a: Ferrothorn|p1a: Zapdos
|
|-heal|p1a: Zapdos|287\/383|[from] item: Leftovers
|turn|120
|
|switch|p1a: Talonflame|Talonflame, M|76\/359
|switch|p2a: Latias|Latias, F, shiny|265\/302
|
|-heal|p2a: Latias|283\/302|[from] item: Leftovers
|-heal|p1a: Talonflame|98\/359|[from] item: Leftovers
|turn|121
|
|switch|p1a: Slowbro|Slowbro, M|394\/394
|move|p2a: Latias|Draco Meteor|p1a: Slowbro
|-damage|p1a: Slowbro|138\/394
|-unboost|p2a: Latias|spa|2
|
|-heal|p2a: Latias|301\/302|[from] item: Leftovers
|-heal|p1a: Slowbro|162\/394|[from] item: Leftovers
|turn|122
|
|switch|p2a: Aegislash|Aegislash, M|152\/324 par
|switch|p1a: Hippowdon|Hippowdon, M|420\/420
|
|-heal|p2a: Aegislash|172\/324 par|[from] item: Leftovers
|turn|123
|
|switch|p2a: Ferrothorn|Ferrothorn, F|352\/352 par
|move|p1a: Hippowdon|Stealth Rock|p2a: Ferrothorn
|-sidestart|p2: Giant Steps|move: Stealth Rock
|
|turn|124
|
|move|p2a: Ferrothorn|Spikes|p1a: Hippowdon
|-sidestart|p1: k4rpman|Spikes
|move|p1a: Hippowdon|Whirlwind|p2a: Ferrothorn
|drag|p2a: Gyarados|Gyarados, M|249\/332
|-formechange|p2a: Gyarados|Gyarados-Mega
|-damage|p2a: Gyarados|208\/332|[from] Stealth Rock
|-ability|p2a: Gyarados|Mold Breaker
|
|turn|125
|
|switch|p1a: Slowbro|Slowbro, M|293\/394
|-damage|p1a: Slowbro|244\/394|[from] Spikes
|move|p2a: Gyarados|Dragon Dance|p2a: Gyarados
|-boost|p2a: Gyarados|atk|1
|-boost|p2a: Gyarados|spe|1
|
|-heal|p1a: Slowbro|268\/394|[from] item: Leftovers
|turn|126
|
|move|p2a: Gyarados|Earthquake|p1a: Slowbro
|-damage|p1a: Slowbro|123\/394
|move|p1a: Slowbro|Thunder Wave|p2a: Gyarados
|-status|p2a: Gyarados|par
|
|-heal|p1a: Slowbro|147\/394|[from] item: Leftovers
|turn|127
|
|move|p2a: Gyarados|Dragon Dance|p2a: Gyarados
|-boost|p2a: Gyarados|atk|1
|-boost|p2a: Gyarados|spe|1
|move|p1a: Slowbro|Slack Off|p1a: Slowbro
|-heal|p1a: Slowbro|344\/394
|
|-heal|p1a: Slowbro|368\/394|[from] item: Leftovers
|turn|128
|
|switch|p1a: Zapdos|Zapdos|287\/383
|-ability|p1a: Zapdos|Pressure
|move|p2a: Gyarados|Waterfall|p1a: Zapdos
|-damage|p1a: Zapdos|0 fnt
|faint|p1a: Zapdos
|
|
|switch|p1a: Venusaur|Venusaur, M|213\/364
|-formechange|p1a: Venusaur|Venusaur-Mega
|-damage|p1a: Venusaur|168\/364|[from] Spikes
|turn|129
|
|move|p1a: Venusaur|Giga Drain|p2a: Gyarados
|-supereffective|p2a: Gyarados
|-damage|p2a: Gyarados|46\/332 par
|-heal|p1a: Venusaur|249\/364|[from] drain|[of] p2a: Gyarados
|move|p2a: Gyarados|Ice Fang|p1a: Venusaur
|-supereffective|p1a: Venusaur
|-damage|p1a: Venusaur|21\/364
|
|turn|130
|
|switch|p2a: Latias|Latias, F, shiny|301\/302
|-damage|p2a: Latias|264\/302|[from] Stealth Rock
|move|p1a: Venusaur|Giga Drain|p2a: Latias
|-crit|p2a: Latias
|-resisted|p2a: Latias
|-damage|p2a: Latias|200\/302
|-heal|p1a: Venusaur|53\/364|[from] drain|[of] p2a: Latias
|
|-heal|p2a: Latias|218\/302|[from] item: Leftovers
|turn|131
|
|switch|p1a: Hippowdon|Hippowdon, M|420\/420
|-damage|p1a: Hippowdon|368\/420|[from] Spikes
|move|p2a: Latias|Psyshock|p1a: Hippowdon
|-damage|p1a: Hippowdon|263\/420
|
|-heal|p2a: Latias|236\/302|[from] item: Leftovers
|-heal|p1a: Hippowdon|289\/420|[from] item: Leftovers
|turn|132
|
|move|p2a: Latias|Psyshock|p1a: Hippowdon
|-crit|p1a: Hippowdon
|-damage|p1a: Hippowdon|130\/420
|move|p1a: Hippowdon|Slack Off|p1a: Hippowdon
|-heal|p1a: Hippowdon|340\/420
|
|-heal|p2a: Latias|254\/302|[from] item: Leftovers
|-heal|p1a: Hippowdon|366\/420|[from] item: Leftovers
|turn|133
|
|move|p2a: Latias|Healing Wish|p2a: Latias
|faint|p2a: Latias
|move|p1a: Hippowdon|Whirlwind|p2: Latias|[notarget]
|-notarget
|
|-heal|p1a: Hippowdon|392\/420|[from] item: Leftovers
|
|switch|p2a: Gyarados|Gyarados, M|46\/332 par
|-formechange|p2a: Gyarados|Gyarados-Mega
|-heal|p2a: Gyarados|332\/332|[from] move: Healing Wish
|-damage|p2a: Gyarados|291\/332|[from] Stealth Rock
|-ability|p2a: Gyarados|Mold Breaker
|turn|134
|
|move|p2a: Gyarados|Dragon Dance|p2a: Gyarados
|-boost|p2a: Gyarados|atk|1
|-boost|p2a: Gyarados|spe|1
|move|p1a: Hippowdon|Whirlwind|p2a: Gyarados
|drag|p2a: Hippowdon|Hippowdon, M|231\/420 brn
|-damage|p2a: Hippowdon|205\/420 brn|[from] Stealth Rock
|-weather|Sandstorm
|
|-weather|Sandstorm|[upkeep]
|-heal|p1a: Hippowdon|418\/420|[from] item: Leftovers
|-heal|p2a: Hippowdon|231\/420 brn|[from] item: Leftovers
|-damage|p2a: Hippowdon|179\/420 brn|[from] brn
|turn|135
|
|move|p1a: Hippowdon|Earthquake|p2a: Hippowdon
|-damage|p2a: Hippowdon|79\/420 brn
|move|p2a: Hippowdon|Slack Off|p2a: Hippowdon
|-heal|p2a: Hippowdon|289\/420 brn
|
|-weather|Sandstorm|[upkeep]
|-heal|p2a: Hippowdon|315\/420 brn|[from] item: Leftovers
|-heal|p1a: Hippowdon|420\/420|[from] item: Leftovers
|-damage|p2a: Hippowdon|263\/420 brn|[from] brn
|turn|136
|
|move|p1a: Hippowdon|Earthquake|p2a: Hippowdon
|-damage|p2a: Hippowdon|154\/420 brn
|move|p2a: Hippowdon|Slack Off|p2a: Hippowdon
|-heal|p2a: Hippowdon|364\/420 brn
|
|-weather|Sandstorm|[upkeep]
|-heal|p2a: Hippowdon|390\/420 brn|[from] item: Leftovers
|-damage|p2a: Hippowdon|338\/420 brn|[from] brn
|turn|137
|
|switch|p1a: Talonflame|Talonflame, M|98\/359
|move|p2a: Hippowdon|Stealth Rock|p1a: Talonflame
|-sidestart|p1: k4rpman|move: Stealth Rock
|
|-weather|Sandstorm|[upkeep]
|-damage|p1a: Talonflame|76\/359|[from] sandstorm
|-heal|p1a: Talonflame|98\/359|[from] item: Leftovers
|-heal|p2a: Hippowdon|364\/420 brn|[from] item: Leftovers
|-damage|p2a: Hippowdon|312\/420 brn|[from] brn
|turn|138
|
|move|p1a: Talonflame|Brave Bird|p2a: Hippowdon
|-damage|p2a: Hippowdon|228\/420 brn
|-damage|p1a: Talonflame|70\/359|[from] recoil|[of] p2a: Hippowdon
|move|p2a: Hippowdon|Whirlwind|p1a: Talonflame
|drag|p1a: Clefable|Clefable, F|157\/394
|-damage|p1a: Clefable|108\/394|[from] Stealth Rock
|-damage|p1a: Clefable|59\/394|[from] Spikes
|
|-weather|none
|-heal|p1a: Clefable|83\/394|[from] item: Leftovers
|-heal|p2a: Hippowdon|254\/420 brn|[from] item: Leftovers
|-damage|p2a: Hippowdon|202\/420 brn|[from] brn
|turn|139
|
|move|p1a: Clefable|Moonlight|p1a: Clefable
|-heal|p1a: Clefable|280\/394
|move|p2a: Hippowdon|Slack Off|p2a: Hippowdon
|-heal|p2a: Hippowdon|412\/420 brn
|
|-heal|p1a: Clefable|304\/394|[from] item: Leftovers
|-heal|p2a: Hippowdon|420\/420 brn|[from] item: Leftovers
|-damage|p2a: Hippowdon|368\/420 brn|[from] brn
|turn|140
|
|switch|p2a: Ferrothorn|Ferrothorn, F|352\/352 par
|-damage|p2a: Ferrothorn|330\/352 par|[from] Stealth Rock
|move|p1a: Clefable|Moonblast|p2a: Ferrothorn
|-resisted|p2a: Ferrothorn
|-damage|p2a: Ferrothorn|298\/352 par
|-unboost|p2a: Ferrothorn|spa|1
|
|-heal|p1a: Clefable|328\/394|[from] item: Leftovers
|-heal|p2a: Ferrothorn|320\/352 par|[from] item: Leftovers
|turn|141
|
|switch|p1a: Venusaur|Venusaur, M|53\/364
|-formechange|p1a: Venusaur|Venusaur-Mega
|-damage|p1a: Venusaur|8\/364|[from] Stealth Rock
|-damage|p1a: Venusaur|0 fnt|[from] Spikes
|faint|p1a: Venusaur
|move|p2a: Ferrothorn|Spikes|p1: Venusaur
|-sidestart|p1: k4rpman|Spikes
|
|-heal|p2a: Ferrothorn|342\/352 par|[from] item: Leftovers
|
|switch|p1a: Hippowdon|Hippowdon, M|420\/420
|-damage|p1a: Hippowdon|350\/420|[from] Spikes
|-damage|p1a: Hippowdon|324\/420|[from] Stealth Rock
|turn|142
|
|cant|p2a: Ferrothorn|par
|move|p1a: Hippowdon|Whirlwind|p2a: Ferrothorn
|drag|p2a: Aegislash|Aegislash, M|172\/324 par
|-damage|p2a: Aegislash|152\/324 par|[from] Stealth Rock
|
|-heal|p1a: Hippowdon|350\/420|[from] item: Leftovers
|-heal|p2a: Aegislash|172\/324 par|[from] item: Leftovers
|turn|143
|
|move|p2a: Aegislash|King's Shield|p2a: Aegislash
|-singleturn|p2a: Aegislash|Protect
|move|p1a: Hippowdon|Earthquake|p2a: Aegislash
|-activate|p2a: Aegislash|Protect
|
|-heal|p1a: Hippowdon|376\/420|[from] item: Leftovers
|-heal|p2a: Aegislash|192\/324 par|[from] item: Leftovers
|turn|144
|
|switch|p2a: Ferrothorn|Ferrothorn, F|342\/352 par
|-damage|p2a: Ferrothorn|320\/352 par|[from] Stealth Rock
|move|p1a: Hippowdon|Earthquake|p2a: Ferrothorn
|-damage|p2a: Ferrothorn|217\/352 par
|
|-heal|p1a: Hippowdon|402\/420|[from] item: Leftovers
|-heal|p2a: Ferrothorn|239\/352 par|[from] item: Leftovers
|turn|145
|
|cant|p2a: Ferrothorn|par
|move|p1a: Hippowdon|Whirlwind|p2a: Ferrothorn
|drag|p2a: Hippowdon|Hippowdon, M|368\/420 brn
|-damage|p2a: Hippowdon|342\/420 brn|[from] Stealth Rock
|-weather|Sandstorm
|
|-weather|Sandstorm|[upkeep]
|-heal|p1a: Hippowdon|420\/420|[from] item: Leftovers
|-heal|p2a: Hippowdon|368\/420 brn|[from] item: Leftovers
|-damage|p2a: Hippowdon|316\/420 brn|[from] brn
|turn|146
|
|move|p2a: Hippowdon|Earthquake|p1a: Hippowdon
|-damage|p1a: Hippowdon|365\/420
|move|p1a: Hippowdon|Whirlwind|p2a: Hippowdon
|drag|p2a: Gyarados|Gyarados, M|291\/332
|-formechange|p2a: Gyarados|Gyarados-Mega
|-damage|p2a: Gyarados|250\/332|[from] Stealth Rock
|-ability|p2a: Gyarados|Mold Breaker
|
|-weather|Sandstorm|[upkeep]
|-damage|p2a: Gyarados|230\/332|[from] sandstorm
|-heal|p1a: Hippowdon|391\/420|[from] item: Leftovers
|turn|147
|
|move|p2a: Gyarados|Waterfall|p1a: Hippowdon
|-supereffective|p1a: Hippowdon
|-damage|p1a: Hippowdon|71\/420
|move|p1a: Hippowdon|Earthquake|p2a: Gyarados
|-damage|p2a: Gyarados|79\/332
|
|-weather|Sandstorm|[upkeep]
|-damage|p2a: Gyarados|59\/332|[from] sandstorm
|-heal|p1a: Hippowdon|97\/420|[from] item: Leftovers
|turn|148
|
|move|p2a: Gyarados|Waterfall|p1a: Hippowdon
|-supereffective|p1a: Hippowdon
|-damage|p1a: Hippowdon|0 fnt
|faint|p1a: Hippowdon
|
|-weather|Sandstorm|[upkeep]
|-damage|p2a: Gyarados|39\/332|[from] sandstorm
|
|switch|p1a: Slowbro|Slowbro, M|394\/394
|-damage|p1a: Slowbro|329\/394|[from] Spikes
|-damage|p1a: Slowbro|280\/394|[from] Stealth Rock
|turn|149
|
|move|p2a: Gyarados|Earthquake|p1a: Slowbro
|-damage|p1a: Slowbro|180\/394
|move|p1a: Slowbro|Scald|p2a: Gyarados
|-resisted|p2a: Gyarados
|-damage|p2a: Gyarados|0 fnt
|faint|p2a: Gyarados
|
|-weather|none
|-heal|p1a: Slowbro|204\/394|[from] item: Leftovers
|
|switch|p2a: Ferrothorn|Ferrothorn, F|239\/352 par
|-damage|p2a: Ferrothorn|217\/352 par|[from] Stealth Rock
|turn|150
|
|move|p1a: Slowbro|Slack Off|p1a: Slowbro
|-heal|p1a: Slowbro|394\/394
|move|p2a: Ferrothorn|Spikes|p1a: Slowbro
|-sidestart|p1: k4rpman|Spikes
|
|-heal|p2a: Ferrothorn|239\/352 par|[from] item: Leftovers
|turn|151
|
|switch|p1a: Talonflame|Talonflame, M|70\/359
|-damage|p1a: Talonflame|0 fnt|[from] Stealth Rock
|faint|p1a: Talonflame
|cant|p2a: Ferrothorn|par
|
|-heal|p2a: Ferrothorn|261\/352 par|[from] item: Leftovers
|
|switch|p1a: Clefable|Clefable, F|328\/394
|-damage|p1a: Clefable|230\/394|[from] Spikes
|-damage|p1a: Clefable|181\/394|[from] Stealth Rock
|turn|152
|
|move|p1a: Clefable|Moonlight|p1a: Clefable
|-heal|p1a: Clefable|378\/394
|cant|p2a: Ferrothorn|par
|
|-heal|p1a: Clefable|394\/394|[from] item: Leftovers
|-heal|p2a: Ferrothorn|283\/352 par|[from] item: Leftovers
|turn|153
|
|move|p1a: Clefable|Calm Mind|p1a: Clefable
|-boost|p1a: Clefable|spa|1
|-boost|p1a: Clefable|spd|1
|move|p2a: Ferrothorn|Leech Seed|p1a: Clefable
|-start|p1a: Clefable|move: Leech Seed
|
|-heal|p2a: Ferrothorn|305\/352 par|[from] item: Leftovers
|-damage|p1a: Clefable|345\/394|[from] Leech Seed|[of] p2a: Ferrothorn
|-heal|p2a: Ferrothorn|352\/352 par|[silent]
|turn|154
|
|move|p1a: Clefable|Moonblast|p2a: Ferrothorn
|-resisted|p2a: Ferrothorn
|-damage|p2a: Ferrothorn|301\/352 par
|cant|p2a: Ferrothorn|par
|
|-heal|p1a: Clefable|369\/394|[from] item: Leftovers
|-heal|p2a: Ferrothorn|323\/352 par|[from] item: Leftovers
|-damage|p1a: Clefable|320\/394|[from] Leech Seed|[of] p2a: Ferrothorn
|-heal|p2a: Ferrothorn|352\/352 par|[silent]
|turn|155
|
|switch|p1a: Slowbro|Slowbro, M|394\/394
|-damage|p1a: Slowbro|296\/394|[from] Spikes
|-damage|p1a: Slowbro|247\/394|[from] Stealth Rock
|cant|p2a: Ferrothorn|par
|
|-heal|p1a: Slowbro|271\/394|[from] item: Leftovers
|turn|156
|
|move|p2a: Ferrothorn|Protect|p2a: Ferrothorn
|-singleturn|p2a: Ferrothorn|Protect
|move|p1a: Slowbro|Ice Beam|p2a: Ferrothorn
|-activate|p2a: Ferrothorn|Protect
|
|-heal|p1a: Slowbro|295\/394|[from] item: Leftovers
|turn|157
|
|move|p1a: Slowbro|Ice Beam|p2a: Ferrothorn
|-damage|p2a: Ferrothorn|303\/352 par
|move|p2a: Ferrothorn|Leech Seed|p1a: Slowbro
|-start|p1a: Slowbro|move: Leech Seed
|
|-heal|p1a: Slowbro|319\/394|[from] item: Leftovers
|-heal|p2a: Ferrothorn|325\/352 par|[from] item: Leftovers
|-damage|p1a: Slowbro|270\/394|[from] Leech Seed|[of] p2a: Ferrothorn
|-heal|p2a: Ferrothorn|352\/352 par|[silent]
|turn|158
|-message|k4rpman forfeited.
|
|win|Giant Steps
|raw|Ladder updating...
|leave|k4rpman
|player|p1
|raw|k4rpman's rating: 1736 &rarr; <strong>1714<\/strong><br \/>(-22 for losing)
|raw|Giant Steps's rating: 1698 &rarr; <strong>1720<\/strong><br \/>(+22 for winning)