|join|k4rpman
|join|Vaeriu
|player|p1|k4rpman|169
|player|p2|Vaeriu|2
|gametype|singles
|gen|6
|tier|OU
|rated
|clearpoke
|poke|p1|Talonflame, M
|poke|p1|Rotom-Wash
|poke|p1|Medicham, M
|poke|p1|Latias, F
|poke|p1|Scizor, M
|poke|p1|Mamoswine, M
|poke|p2|Slowbro, F
|poke|p2|Latios, M
|poke|p2|Heatran, F
|poke|p2|Scizor, F
|poke|p2|Clefable, F
|poke|p2|Terrakion
|rule|Swagger Clause: Swagger is banned
|rule|Baton Pass Clause: Limit one PokÃ©mon knowing Baton Pass
|rule|Sleep Clause Mod: Limit one foe put to sleep
|rule|Species Clause: Limit one of each PokÃ©mon
|rule|OHKO Clause: OHKO moves are banned
|rule|Moody Clause: Moody is banned
|rule|Evasion Moves Clause: Evasion moves are banned
|rule|Endless Battle Clause: Forcing endless battles is banned
|rule|HP Percentage Mod: HP is shown in percentages
|teampreview
|
|start
|switch|p1a: Mamoswine|Mamoswine, M|361\/361
|switch|p2a: Clefable|Clefable, F|394\/394
|turn|1
|
|switch|p2a: Slowbro|Slowbro, F|394\/394
|move|p1a: Mamoswine|Earthquake|p2a: Slowbro
|-damage|p2a: Slowbro|274\/394
|
|-heal|p2a: Slowbro|298\/394|[from] item: Leftovers
|turn|2
|
|switch|p1a: Rotom-Wash|Rotom-Wash|303\/303
|move|p2a: Slowbro|Scald|p1a: Rotom-Wash
|-resisted|p1a: Rotom-Wash
|-damage|p1a: Rotom-Wash|261\/303
|-status|p1a: Rotom-Wash|brn
|
|-heal|p1a: Rotom-Wash|279\/303 brn|[from] item: Leftovers
|-heal|p2a: Slowbro|322\/394|[from] item: Leftovers
|-damage|p1a: Rotom-Wash|242\/303 brn|[from] brn
|turn|3
|
|move|p1a: Rotom-Wash|Volt Switch|p2a: Slowbro
|-supereffective|p2a: Slowbro
|-damage|p2a: Slowbro|118\/394
|
|switch|p1a: Scizor|Scizor, M|343\/343
|move|p2a: Slowbro|Slack Off|p2a: Slowbro
|-heal|p2a: Slowbro|315\/394
|
|-heal|p2a: Slowbro|339\/394|[from] item: Leftovers
|turn|4
|
|switch|p2a: Clefable|Clefable, F|394\/394
|move|p1a: Scizor|U-turn|p2a: Clefable
|-resisted|p2a: Clefable
|-damage|p2a: Clefable|293\/394
|
|switch|p1a: Mamoswine|Mamoswine, M|361\/361
|
|-heal|p2a: Clefable|317\/394|[from] item: Leftovers
|turn|5
|
|switch|p2a: Slowbro|Slowbro, F|394\/394
|move|p1a: Mamoswine|Stealth Rock|p2a: Slowbro
|-sidestart|p2: Vaeriu|move: Stealth Rock
|
|turn|6
|
|switch|p1a: Rotom-Wash|Rotom-Wash|242\/303 brn
|move|p2a: Slowbro|Scald|p1a: Rotom-Wash
|-resisted|p1a: Rotom-Wash
|-damage|p1a: Rotom-Wash|198\/303 brn
|
|-heal|p1a: Rotom-Wash|216\/303 brn|[from] item: Leftovers
|-damage|p1a: Rotom-Wash|179\/303 brn|[from] brn
|turn|7
|
|move|p1a: Rotom-Wash|Will-O-Wisp|p2a: Slowbro
|-status|p2a: Slowbro|brn
|move|p2a: Slowbro|Scald|p1a: Rotom-Wash
|-resisted|p1a: Rotom-Wash
|-damage|p1a: Rotom-Wash|133\/303 brn
|
|-heal|p1a: Rotom-Wash|151\/303 brn|[from] item: Leftovers
|-damage|p1a: Rotom-Wash|114\/303 brn|[from] brn
|-damage|p2a: Slowbro|345\/394 brn|[from] brn
|turn|8
|
|move|p1a: Rotom-Wash|Pain Split|p2a: Slowbro
|-sethp|p2a: Slowbro|229\/394 brn|p1a: Rotom-Wash|229\/303 brn|[from] move: Pain Split
|move|p2a: Slowbro|Psyshock|p1a: Rotom-Wash
|-damage|p1a: Rotom-Wash|162\/303 brn
|
|-heal|p1a: Rotom-Wash|180\/303 brn|[from] item: Leftovers
|-heal|p2a: Slowbro|253\/394 brn|[from] item: Leftovers
|-damage|p1a: Rotom-Wash|143\/303 brn|[from] brn
|-damage|p2a: Slowbro|204\/394 brn|[from] brn
|turn|9
|
|move|p1a: Rotom-Wash|Volt Switch|p2a: Slowbro
|-supereffective|p2a: Slowbro
|-damage|p2a: Slowbro|12\/394 brn
|
|switch|p1a: Scizor|Scizor, M|343\/343
|move|p2a: Slowbro|Slack Off|p2a: Slowbro
|-heal|p2a: Slowbro|209\/394 brn
|
|-heal|p2a: Slowbro|233\/394 brn|[from] item: Leftovers
|-damage|p2a: Slowbro|184\/394 brn|[from] brn
|turn|10
|
|move|p1a: Scizor|Pursuit|p2a: Slowbro|[from]Pursuit
|-supereffective|p2a: Slowbro
|-damage|p2a: Slowbro|0 fnt
|faint|p2a: Slowbro
|
|
|switch|p2a: Clefable|Clefable, F|317\/394
|turn|11
|
|switch|p1a: Talonflame|Talonflame, M|319\/319
|move|p2a: Clefable|Flamethrower|p1a: Talonflame
|-resisted|p1a: Talonflame
|-damage|p1a: Talonflame|276\/319
|
|-heal|p2a: Clefable|341\/394|[from] item: Leftovers
|turn|12
|
|switch|p2a: Heatran|Heatran, F|385\/385
|-damage|p2a: Heatran|337\/385|[from] Stealth Rock
|move|p1a: Talonflame|Brave Bird|p2a: Heatran
|-resisted|p2a: Heatran
|-damage|p2a: Heatran|244\/385
|-damage|p1a: Talonflame|245\/319|[from] recoil|[of] p2a: Heatran
|
|-heal|p2a: Heatran|268\/385|[from] item: Leftovers
|turn|13
|
|switch|p1a: Rotom-Wash|Rotom-Wash|143\/303 brn
|move|p2a: Heatran|Stealth Rock|p1a: Rotom-Wash
|-sidestart|p1: k4rpman|move: Stealth Rock
|
|-heal|p1a: Rotom-Wash|161\/303 brn|[from] item: Leftovers
|-heal|p2a: Heatran|292\/385|[from] item: Leftovers
|-damage|p1a: Rotom-Wash|124\/303 brn|[from] brn
|turn|14
|
|move|p2a: Heatran|Protect|p2a: Heatran
|-singleturn|p2a: Heatran|Protect
|move|p1a: Rotom-Wash|Pain Split|p2a: Heatran
|-activate|p2a: Heatran|Protect
|
|-heal|p1a: Rotom-Wash|142\/303 brn|[from] item: Leftovers
|-heal|p2a: Heatran|316\/385|[from] item: Leftovers
|-damage|p1a: Rotom-Wash|105\/303 brn|[from] brn
|turn|15
|
|switch|p2a: Clefable|Clefable, F|341\/394
|move|p1a: Rotom-Wash|Pain Split|p2a: Clefable
|-sethp|p2a: Clefable|223\/394|p1a: Rotom-Wash|223\/303 brn|[from] move: Pain Split
|
|-heal|p1a: Rotom-Wash|241\/303 brn|[from] item: Leftovers
|-heal|p2a: Clefable|247\/394|[from] item: Leftovers
|-damage|p1a: Rotom-Wash|204\/303 brn|[from] brn
|turn|16
|
|move|p1a: Rotom-Wash|Volt Switch|p2a: Clefable
|-damage|p2a: Clefable|163\/394
|
|switch|p1a: Latias|Latias, F|301\/301
|-damage|p1a: Latias|264\/301|[from] Stealth Rock
|move|p2a: Clefable|Calm Mind|p2a: Clefable
|-boost|p2a: Clefable|spa|1
|-boost|p2a: Clefable|spd|1
|
|-heal|p2a: Clefable|187\/394|[from] item: Leftovers
|turn|17
|
|move|p1a: Latias|Defog|p2a: Clefable
|-unboost|p2a: Clefable|evasion|1
|-sideend|p2: Vaeriu|Stealth Rock|[from] move: Defog|[of] p2a: Clefable
|-sideend|p1: k4rpman|Stealth Rock|[from] move: Defog|[of] p1a: Latias
|move|p2a: Clefable|Moonblast|p1a: Latias
|-supereffective|p1a: Latias
|-damage|p1a: Latias|28\/301
|-unboost|p1a: Latias|spa|1
|
|-heal|p2a: Clefable|211\/394|[from] item: Leftovers
|turn|18
|
|switch|p1a: Scizor|Scizor, M|343\/343
|move|p2a: Clefable|Calm Mind|p2a: Clefable
|-boost|p2a: Clefable|spa|1
|-boost|p2a: Clefable|spd|1
|
|-heal|p2a: Clefable|235\/394|[from] item: Leftovers
|turn|19
|
|move|p1a: Scizor|Bullet Punch|p2a: Clefable
|-supereffective|p2a: Clefable
|-damage|p2a: Clefable|0 fnt
|faint|p2a: Clefable
|
|
|switch|p2a: Heatran|Heatran, F|316\/385
|turn|20
|
|switch|p1a: Medicham|Medicham, M|265\/265
|move|p2a: Heatran|Lava Plume|p1a: Medicham
|-damage|p1a: Medicham|120\/265
|
|-heal|p2a: Heatran|340\/385|[from] item: Leftovers
|turn|21
|
|switch|p2a: Latios|Latios, M|302\/302
|detailschange|p1a: Medicham|Medicham-Mega, M
|message|Medicham has Mega Evolved into Mega Medicham!
|move|p1a: Medicham|Fake Out|p2a: Latios
|-damage|p2a: Latios|206\/302
|
|turn|22
|
|switch|p1a: Rotom-Wash|Rotom-Wash|204\/303 brn
|move|p2a: Latios|Draco Meteor|p1a: Rotom-Wash
|-damage|p1a: Rotom-Wash|0 fnt
|-unboost|p2a: Latios|spa|2
|faint|p1a: Rotom-Wash
|
|
|switch|p1a: Scizor|Scizor, M|343\/343
|turn|23
|
|move|p2a: Latios|Draco Meteor|p1a: Scizor
|-resisted|p1a: Scizor
|-damage|p1a: Scizor|274\/343
|-unboost|p2a: Latios|spa|2
|move|p1a: Scizor|Pursuit|p2a: Latios
|-supereffective|p2a: Latios
|-damage|p2a: Latios|0 fnt
|faint|p2a: Latios
|
|
|switch|p2a: Scizor|Scizor, F|344\/344
|turn|24
|
|switch|p1a: Talonflame|Talonflame, M|245\/319
|detailschange|p2a: Scizor|Scizor-Mega, F
|message|Scizor has Mega Evolved into Mega Scizor!
|move|p2a: Scizor|Knock Off|p1a: Talonflame
|-damage|p1a: Talonflame|107\/319
|-enditem|p1a: Talonflame|Sharp Beak|[from] move: Knock Off|[of] p2a: Scizor
|
|turn|25
|
|switch|p1a: Mamoswine|Mamoswine, M|361\/361
|switch|p2a: Heatran|Heatran, F|340\/385
|
|-heal|p2a: Heatran|364\/385|[from] item: Leftovers
|turn|26
|
|move|p2a: Heatran|Protect|p2a: Heatran
|-singleturn|p2a: Heatran|Protect
|move|p1a: Mamoswine|Earthquake|p2a: Heatran
|-activate|p2a: Heatran|Protect
|
|-heal|p2a: Heatran|385\/385|[from] item: Leftovers
|turn|27
|
|switch|p2a: Scizor|Scizor-Mega, F|344\/344
|move|p1a: Mamoswine|Earthquake|p2a: Scizor
|-crit|p2a: Scizor
|-damage|p2a: Scizor|202\/344
|
|turn|28
|
|move|p1a: Mamoswine|Endeavor|p2a: Scizor
|-immune|p2a: Scizor|[msg]
|-fail|p2a: Scizor
|move|p2a: Scizor|Roost|p2a: Scizor
|-heal|p2a: Scizor|344\/344
|
|turn|29
|
|move|p1a: Mamoswine|Endeavor|p2a: Scizor
|-immune|p2a: Scizor|[msg]
|-fail|p2a: Scizor
|move|p2a: Scizor|Swords Dance|p2a: Scizor
|-boost|p2a: Scizor|atk|2
|
|turn|30
|
|move|p1a: Mamoswine|Endeavor|p2a: Scizor
|-immune|p2a: Scizor|[msg]
|-fail|p2a: Scizor
|move|p2a: Scizor|Swords Dance|p2a: Scizor
|-boost|p2a: Scizor|atk|2
|
|turn|31
|
|move|p1a: Mamoswine|Stealth Rock|p2a: Scizor
|-sidestart|p2: Vaeriu|move: Stealth Rock
|move|p2a: Scizor|Swords Dance|p2a: Scizor
|-boost|p2a: Scizor|atk|2
|
|turn|32
|
|move|p1a: Mamoswine|Endeavor|p2a: Scizor
|-immune|p2a: Scizor|[msg]
|-fail|p2a: Scizor
|move|p2a: Scizor|Roost|p2a: Scizor
|-fail|p2a: Scizor
|
|turn|33
|
|move|p1a: Mamoswine|Earthquake|p2a: Scizor
|-damage|p2a: Scizor|241\/344
|move|p2a: Scizor|Knock Off|p1a: Mamoswine
|-enditem|p1a: Mamoswine|Focus Sash
|-damage|p1a: Mamoswine|1\/361
|
|turn|34
|
|move|p2a: Scizor|Bullet Punch|p1a: Mamoswine
|-supereffective|p1a: Mamoswine
|-damage|p1a: Mamoswine|0 fnt
|faint|p1a: Mamoswine
|
|
|switch|p1a: Talonflame|Talonflame, M|107\/319
|turn|35
|
|move|p1a: Talonflame|Brave Bird|p2a: Scizor
|-damage|p2a: Scizor|150\/344
|-damage|p1a: Talonflame|77\/319|[from] recoil|[of] p2a: Scizor
|move|p2a: Scizor|Bullet Punch|p1a: Talonflame
|-resisted|p1a: Talonflame
|-damage|p1a: Talonflame|0 fnt
|faint|p1a: Talonflame
|
|
|switch|p1a: Medicham|Medicham-Mega, M|120\/265
|turn|36
|
|move|p1a: Medicham|Fake Out|p2a: Scizor
|-resisted|p2a: Scizor
|-damage|p2a: Scizor|127\/344
|cant|p2a: Scizor|flinch
|
|turn|37
|
|move|p1a: Medicham|Bullet Punch|p2a: Scizor
|-resisted|p2a: Scizor
|-damage|p2a: Scizor|102\/344
|move|p2a: Scizor|Bullet Punch|p1a: Medicham
|-damage|p1a: Medicham|0 fnt
|faint|p1a: Medicham
|
|
|switch|p1a: Scizor|Scizor, M|274\/343
|turn|38
|
|move|p2a: Scizor|Bullet Punch|p1a: Scizor
|-resisted|p1a: Scizor
|-damage|p1a: Scizor|84\/343
|move|p1a: Scizor|Superpower|p2a: Scizor
|-crit|p2a: Scizor
|-damage|p2a: Scizor|0 fnt
|-unboost|p1a: Scizor|atk|1
|-unboost|p1a: Scizor|def|1
|faint|p2a: Scizor
|
|
|switch|p2a: Terrakion|Terrakion|324\/324
|-damage|p2a: Terrakion|304\/324|[from] Stealth Rock
|turn|39
|
|move|p2a: Terrakion|Close Combat|p1a: Scizor
|-damage|p1a: Scizor|0 fnt
|-unboost|p2a: Terrakion|def|1
|-unboost|p2a: Terrakion|spd|1
|faint|p1a: Scizor
|
|-message|k4rpman forfeited.
|
|win|Vaeriu
|raw|Ladder updating...
|leave|k4rpman
|player|p1
|raw|k4rpman's rating: 1576 &rarr; <strong>1551<\/strong><br \/>(-25 for losing)
|raw|Vaeriu's rating: 1492 &rarr; <strong>1517<\/strong><br \/>(+25 for winning)