|join|Reverb
|join|k4rpman
|player|p1|Reverb|#reverb
|player|p2|k4rpman|169
|gametype|singles
|gen|6
|tier|OU
|rated
|clearpoke
|poke|p1|Infernape, M
|poke|p1|Azumarill, F
|poke|p1|Lucario, F
|poke|p1|Landorus, M
|poke|p1|Thundurus, M
|poke|p1|Metagross
|poke|p2|Keldeo
|poke|p2|Tyranitar, F
|poke|p2|Landorus, M
|poke|p2|Metagross
|poke|p2|Latios, M
|poke|p2|Ferrothorn, F
|rule|Swagger Clause: Swagger is banned
|rule|Baton Pass Clause: Limit one PokÃ©mon knowing Baton Pass
|rule|Sleep Clause Mod: Limit one foe put to sleep
|rule|Species Clause: Limit one of each PokÃ©mon
|rule|OHKO Clause: OHKO moves are banned
|rule|Moody Clause: Moody is banned
|rule|Evasion Moves Clause: Evasion moves are banned
|rule|Endless Battle Clause: Forcing endless battles is banned
|rule|HP Percentage Mod: HP is shown in percentages
|teampreview
|
|start
|switch|p1a: Metagross|Metagross|301\/301
|switch|p2a: Keldeo|Keldeo|323\/323
|turn|1
|join|JustB1az3
|
|detailschange|p1a: Metagross|Metagross-Mega
|-mega|p1a: Metagross|Metagross|Metagrossite
|move|p2a: Keldeo|Scald|p1a: Metagross
|-damage|p1a: Metagross|103\/301
|move|p1a: Metagross|Zen Headbutt|p2a: Keldeo
|-supereffective|p2a: Keldeo
|-damage|p2a: Keldeo|0 fnt
|faint|p2a: Keldeo
|
|
|switch|p2a: Tyranitar|Tyranitar, F|341\/341
|-weather|Sandstorm
|turn|2
|
|move|p2a: Tyranitar|Crunch|p1a: Metagross
|-supereffective|p1a: Metagross
|-damage|p1a: Metagross|0 fnt
|faint|p1a: Metagross
|
|-weather|Sandstorm|[upkeep]
|
|switch|p1a: Azumarill|Azumarill, F|360\/360
|turn|3
|
|switch|p2a: Ferrothorn|Ferrothorn, F|352\/352
|move|p1a: Azumarill|Belly Drum|p1a: Azumarill
|-damage|p1a: Azumarill|180\/360
|-setboost|p1a: Azumarill|atk|6|[from] move: Belly Drum
|-enditem|p1a: Azumarill|Sitrus Berry|[eat]
|-heal|p1a: Azumarill|270\/360|[from] item: Sitrus Berry
|
|-weather|Sandstorm|[upkeep]
|-damage|p1a: Azumarill|248\/360|[from] sandstorm
|turn|4
|
|move|p1a: Azumarill|Knock Off|p2a: Ferrothorn
|-damage|p2a: Ferrothorn|0 fnt
|-damage|p1a: Azumarill|203\/360|[from] ability: Iron Barbs|[of] p2a: Ferrothorn
|-damage|p1a: Azumarill|143\/360|[from] item: Rocky Helmet|[of] p2a: Ferrothorn
|-enditem|p2a: Ferrothorn|Rocky Helmet|[from] move: Knock Off|[of] p1a: Azumarill
|faint|p2a: Ferrothorn
|
|-weather|Sandstorm|[upkeep]
|-damage|p1a: Azumarill|121\/360|[from] sandstorm
|
|switch|p2a: Metagross|Metagross|301\/301
|turn|5
|
|detailschange|p2a: Metagross|Metagross-Mega
|-mega|p2a: Metagross|Metagross|Metagrossite
|move|p2a: Metagross|Bullet Punch|p1a: Azumarill
|-damage|p1a: Azumarill|0 fnt
|faint|p1a: Azumarill
|
|-weather|Sandstorm|[upkeep]
|
|switch|p1a: Thundurus|Thundurus, M|299\/299
|turn|6
|
|switch|p2a: Landorus|Landorus, M|319\/319
|move|p1a: Thundurus|Thunder Wave|p2a: Landorus
|-immune|p2a: Landorus|[msg]
|
|-weather|none
|turn|7
|
|switch|p2a: Tyranitar|Tyranitar, F|341\/341
|-weather|Sandstorm
|move|p1a: Thundurus|Hidden Power|p2a: Tyranitar
|-crit|p2a: Tyranitar
|-damage|p2a: Tyranitar|244\/341
|-damage|p1a: Thundurus|270\/299|[from] item: Life Orb
|
|-weather|Sandstorm|[upkeep]
|-damage|p1a: Thundurus|252\/299|[from] sandstorm
|turn|8
|
|move|p2a: Tyranitar|Superpower|p1a: Thundurus
|-resisted|p1a: Thundurus
|-damage|p1a: Thundurus|136\/299
|-unboost|p2a: Tyranitar|atk|1
|-unboost|p2a: Tyranitar|def|1
|move|p1a: Thundurus|Superpower|p2a: Tyranitar
|-supereffective|p2a: Tyranitar
|-damage|p2a: Tyranitar|0 fnt
|-unboost|p1a: Thundurus|atk|1
|-unboost|p1a: Thundurus|def|1
|-damage|p1a: Thundurus|107\/299|[from] item: Life Orb
|faint|p2a: Tyranitar
|
|-weather|Sandstorm|[upkeep]
|-damage|p1a: Thundurus|89\/299|[from] sandstorm
|
|switch|p2a: Metagross|Metagross-Mega|301\/301
|turn|9
|
|move|p1a: Thundurus|Thunder Wave|p2a: Metagross
|-status|p2a: Metagross|par
|move|p2a: Metagross|Zen Headbutt|p1a: Thundurus|[miss]
|-miss|p2a: Metagross|p1a: Thundurus
|
|-weather|Sandstorm|[upkeep]
|-damage|p1a: Thundurus|71\/299|[from] sandstorm
|turn|10
|
|move|p2a: Metagross|Bullet Punch|p1a: Thundurus
|-resisted|p1a: Thundurus
|-damage|p1a: Thundurus|0 fnt
|faint|p1a: Thundurus
|
|-weather|Sandstorm|[upkeep]
|
|switch|p1a: Infernape|Infernape, M|294\/294
|turn|11
|
|move|p1a: Infernape|Fire Blast|p2a: Metagross
|-supereffective|p2a: Metagross
|-damage|p2a: Metagross|0 fnt
|faint|p2a: Metagross
|
|-weather|none
|
|switch|p2a: Latios|Latios, M|301\/301
|turn|12
|join|skysoki
|
|move|p2a: Latios|Psyshock|p1a: Infernape
|-supereffective|p1a: Infernape
|-enditem|p1a: Infernape|Focus Sash
|-damage|p1a: Infernape|1\/294
|-damage|p2a: Latios|271\/301|[from] item: Life Orb
|move|p1a: Infernape|Endeavor|p2a: Latios
|-damage|p2a: Latios|1\/301
|
|turn|13
|
|switch|p1a: Landorus|Landorus, M|319\/319
|move|p2a: Latios|Psyshock|p1a: Landorus
|-damage|p1a: Landorus|127\/319
|-damage|p2a: Latios|0 fnt|[from] item: Life Orb
|faint|p2a: Latios
|
|
|switch|p2a: Landorus|Landorus, M|319\/319
|turn|14
|
|move|p1a: Landorus|Psychic|p2a: Landorus
|-damage|p2a: Landorus|112\/319
|move|p2a: Landorus|Rock Polish|p2a: Landorus
|-boost|p2a: Landorus|spe|2
|
|turn|15
|
|move|p2a: Landorus|Focus Blast|p1a: Landorus
|-resisted|p1a: Landorus
|-damage|p1a: Landorus|0 fnt
|faint|p1a: Landorus
|
|c|âReverb|gg
|c|âk4rpman|gg
|
|switch|p1a: Lucario|Lucario, F|281\/281
|turn|16
|
|move|p1a: Lucario|Extreme Speed|p2a: Landorus
|-damage|p2a: Landorus|0 fnt
|-damage|p1a: Lucario|253\/281|[from] item: Life Orb
|faint|p2a: Landorus
|
|win|Reverb
|raw|Ladder updating...
|leave|k4rpman
|raw|Reverb's rating: 1756 &rarr; <strong>1762<\/strong><br \/>(+6 for winning)
|raw|k4rpman's rating: 1481 &rarr; <strong>1474<\/strong><br \/>(-7 for losing)
|player|p2
|leave|Reverb
|leave|skysoki
|player|p1
|leave|JustB1az3