|join|k4rpman
|join|pulopulpo
|player|p1|k4rpman|265
|player|p2|pulopulpo|29
|gametype|singles
|gen|6
|tier|OU
|rated
|clearpoke
|poke|p1|Gothitelle, F
|poke|p1|Ferrothorn, F
|poke|p1|Heatran, M
|poke|p1|Gyarados, F
|poke|p1|Clefable, F
|poke|p1|Landorus-Therian, M
|poke|p2|Alomomola, M
|poke|p2|Clefable, F
|poke|p2|Gengar, M, shiny
|poke|p2|Gliscor, M
|poke|p2|Gyarados, M
|poke|p2|Zapdos, shiny
|rule|Swagger Clause: Swagger is banned
|rule|Baton Pass Clause: Limit one PokÃ©mon knowing Baton Pass
|rule|Sleep Clause Mod: Limit one foe put to sleep
|rule|Species Clause: Limit one of each PokÃ©mon
|rule|OHKO Clause: OHKO moves are banned
|rule|Moody Clause: Moody is banned
|rule|Evasion Moves Clause: Evasion moves are banned
|rule|Endless Battle Clause: Forcing endless battles is banned
|rule|HP Percentage Mod: HP is shown in percentages
|teampreview
|
|start
|switch|p1a: Landorus-Therian|Landorus-Therian, M|319\/319
|switch|p2a: Cord|Gliscor, M|352\/352
|-ability|p1a: Landorus-Therian|Intimidate|[of] p2a: Cord
|-unboost|p2a: Cord|atk|1
|turn|1
|
|move|p1a: Landorus-Therian|Knock Off|p2a: Cord
|-damage|p2a: Cord|249\/352
|-enditem|p2a: Cord|Toxic Orb|[from] move: Knock Off|[of] p1a: Landorus-Therian
|move|p2a: Cord|Stealth Rock|p1a: Landorus-Therian
|-sidestart|p1: k4rpman|move: Stealth Rock
|
|turn|2
|
|switch|p1a: Ferrothorn|Ferrothorn, F|352\/352
|-damage|p1a: Ferrothorn|330\/352|[from] Stealth Rock
|move|p2a: Cord|Knock Off|p1a: Ferrothorn
|-damage|p1a: Ferrothorn|295\/352
|-damage|p2a: Cord|205\/352|[from] ability: Iron Barbs|[of] p1a: Ferrothorn
|-damage|p2a: Cord|147\/352|[from] item: Rocky Helmet|[of] p1a: Ferrothorn
|-enditem|p1a: Ferrothorn|Rocky Helmet|[from] move: Knock Off|[of] p2a: Cord
|
|turn|3
|
|move|p2a: Cord|Roost|p2a: Cord
|-heal|p2a: Cord|323\/352
|move|p1a: Ferrothorn|Spikes|p2a: Cord
|-sidestart|p2: pulopulpo|Spikes
|
|turn|4
|
|switch|p2a: Bus|Clefable, F|394\/394
|move|p1a: Ferrothorn|Leech Seed|p2a: Bus
|-start|p2a: Bus|move: Leech Seed
|
|turn|5
|
|switch|p1a: Gothitelle|Gothitelle, F|281\/281
|-damage|p1a: Gothitelle|246\/281|[from] Stealth Rock
|move|p2a: Bus|Thunder Wave|p1a: Gothitelle
|-status|p1a: Gothitelle|par
|
|turn|6
|
|move|p2a: Bus|Moonblast|p1a: Gothitelle
|-damage|p1a: Gothitelle|94\/281 par
|cant|p1a: Gothitelle|par
|
|turn|7
|
|switch|p1a: Heatran|Heatran, M|385\/385
|-damage|p1a: Heatran|337\/385|[from] Stealth Rock
|move|p2a: Bus|Moonblast|p1a: Heatran
|-resisted|p1a: Heatran
|-damage|p1a: Heatran|310\/385
|-unboost|p1a: Heatran|spa|1
|
|-heal|p1a: Heatran|334\/385|[from] item: Leftovers
|turn|8
|
|switch|p2a: Cord|Gliscor, M|323\/352
|move|p1a: Heatran|Stealth Rock|p2a: Cord
|-sidestart|p2: pulopulpo|move: Stealth Rock
|
|-heal|p1a: Heatran|358\/385|[from] item: Leftovers
|turn|9
|
|switch|p1a: Ferrothorn|Ferrothorn, F|295\/352
|-damage|p1a: Ferrothorn|273\/352|[from] Stealth Rock
|move|p2a: Cord|Knock Off|p1a: Ferrothorn
|-crit|p1a: Ferrothorn
|-damage|p1a: Ferrothorn|226\/352
|-damage|p2a: Cord|279\/352|[from] ability: Iron Barbs|[of] p1a: Ferrothorn
|
|turn|10
|
|switch|p2a: Dos|Zapdos, shiny|384\/384
|-damage|p2a: Dos|288\/384|[from] Stealth Rock
|-ability|p2a: Dos|Pressure
|move|p1a: Ferrothorn|Gyro Ball|p2a: Dos
|-resisted|p2a: Dos
|-damage|p2a: Dos|226\/384
|
|-heal|p2a: Dos|250\/384|[from] item: Leftovers
|turn|11
|
|switch|p1a: Heatran|Heatran, M|358\/385
|-damage|p1a: Heatran|310\/385|[from] Stealth Rock
|move|p2a: Dos|Defog|p1a: Heatran
|-unboost|p1a: Heatran|evasion|1
|-sideend|p1: k4rpman|Stealth Rock|[from] move: Defog|[of] p1a: Heatran
|-sideend|p2: pulopulpo|Spikes|[from] move: Defog|[of] p2a: Dos
|-sideend|p2: pulopulpo|Stealth Rock|[from] move: Defog|[of] p2a: Dos
|
|-heal|p2a: Dos|274\/384|[from] item: Leftovers
|-heal|p1a: Heatran|334\/385|[from] item: Leftovers
|turn|12
|
|switch|p2a: Cord|Gliscor, M|279\/352
|move|p1a: Heatran|Stealth Rock|p2a: Cord
|-sidestart|p2: pulopulpo|move: Stealth Rock
|
|-heal|p1a: Heatran|358\/385|[from] item: Leftovers
|turn|13
|
|switch|p1a: Gyarados|Gyarados, F|331\/331
|-ability|p1a: Gyarados|Intimidate|[of] p2a: Cord
|-unboost|p2a: Cord|atk|1
|move|p2a: Cord|Stealth Rock|p1a: Gyarados
|-sidestart|p1: k4rpman|move: Stealth Rock
|
|turn|14
|
|switch|p2a: Dos|Zapdos, shiny|274\/384
|-damage|p2a: Dos|178\/384|[from] Stealth Rock
|-ability|p2a: Dos|Pressure
|move|p1a: Gyarados|Substitute|p1a: Gyarados
|-start|p1a: Gyarados|Substitute
|-damage|p1a: Gyarados|249\/331
|
|-heal|p2a: Dos|202\/384|[from] item: Leftovers
|turn|15
|
|move|p1a: Gyarados|Dragon Dance|p1a: Gyarados
|-boost|p1a: Gyarados|atk|1
|-boost|p1a: Gyarados|spe|1
|move|p2a: Dos|Roost|p2a: Dos
|-heal|p2a: Dos|384\/384
|
|turn|16
|
|detailschange|p1a: Gyarados|Gyarados-Mega, F
|-mega|p1a: Gyarados|Gyarados|Gyaradosite
|-ability|p1a: Gyarados|Mold Breaker
|move|p1a: Gyarados|Waterfall|p2a: Dos
|-damage|p2a: Dos|176\/384
|move|p2a: Dos|Thunderbolt|p1a: Gyarados
|-supereffective|p1a: Gyarados
|-end|p1a: Gyarados|Substitute
|
|-heal|p2a: Dos|200\/384|[from] item: Leftovers
|turn|17
|
|move|p1a: Gyarados|Crunch|p2a: Dos
|-damage|p2a: Dos|1\/384
|move|p2a: Dos|Thunderbolt|p1a: Gyarados
|-supereffective|p1a: Gyarados
|-damage|p1a: Gyarados|37\/331
|
|-heal|p2a: Dos|25\/384|[from] item: Leftovers
|turn|18
|c|âpulopulpo|pls be jolly
|
|move|p1a: Gyarados|Waterfall|p2a: Dos
|-damage|p2a: Dos|0 fnt
|faint|p2a: Dos
|
|
|switch|p2a: Mom|Alomomola, M|501\/501
|-damage|p2a: Mom|439\/501|[from] Stealth Rock
|turn|19
|
|move|p1a: Gyarados|Crunch|p2a: Mom
|-damage|p2a: Mom|180\/501
|move|p2a: Mom|Toxic|p1a: Gyarados
|-status|p1a: Gyarados|tox
|
|-heal|p2a: Mom|211\/501|[from] item: Leftovers
|-damage|p1a: Gyarados|17\/331 tox|[from] psn
|turn|20
|
|move|p2a: Mom|Protect|p2a: Mom
|-singleturn|p2a: Mom|Protect
|move|p1a: Gyarados|Crunch|p2a: Mom
|-activate|p2a: Mom|Protect
|
|-heal|p2a: Mom|242\/501|[from] item: Leftovers
|-damage|p1a: Gyarados|0 fnt|[from] psn
|faint|p1a: Gyarados
|
|switch|p1a: Clefable|Clefable, F|394\/394
|-damage|p1a: Clefable|345\/394|[from] Stealth Rock
|turn|21
|
|move|p2a: Mom|Toxic|p1a: Clefable
|-status|p1a: Clefable|tox
|move|p1a: Clefable|Heal Bell|p1a: Clefable
|-cureteam|p1a: Clefable|[from] move: HealBell
|
|-heal|p2a: Mom|273\/501|[from] item: Leftovers
|-heal|p1a: Clefable|369\/394|[from] item: Leftovers
|turn|22
|
|switch|p1a: Heatran|Heatran, M|358\/385
|-damage|p1a: Heatran|310\/385|[from] Stealth Rock
|move|p2a: Mom|Toxic|p1a: Heatran
|-fail|p1a: Heatran
|
|-heal|p1a: Heatran|334\/385|[from] item: Leftovers
|-heal|p2a: Mom|304\/501|[from] item: Leftovers
|turn|23
|
|switch|p2a: Cord|Gliscor, M|279\/352
|-damage|p2a: Cord|235\/352|[from] Stealth Rock
|move|p1a: Heatran|Lava Plume|p2a: Cord
|-damage|p2a: Cord|133\/352
|-status|p2a: Cord|brn
|
|-heal|p1a: Heatran|358\/385|[from] item: Leftovers
|-damage|p2a: Cord|89\/352 brn|[from] brn
|turn|24
|
|switch|p1a: Ferrothorn|Ferrothorn, F|226\/352
|-damage|p1a: Ferrothorn|204\/352|[from] Stealth Rock
|move|p2a: Cord|Knock Off|p1a: Ferrothorn
|-damage|p1a: Ferrothorn|186\/352
|-damage|p2a: Cord|45\/352 brn|[from] ability: Iron Barbs|[of] p1a: Ferrothorn
|
|-damage|p2a: Cord|1\/352 brn|[from] brn
|turn|25
|
|move|p2a: Cord|Roost|p2a: Cord
|-heal|p2a: Cord|177\/352 brn
|move|p1a: Ferrothorn|Leech Seed|p2a: Cord
|-start|p2a: Cord|move: Leech Seed
|
|-damage|p2a: Cord|133\/352 brn|[from] Leech Seed|[of] p1a: Ferrothorn
|-heal|p1a: Ferrothorn|230\/352|[silent]
|-damage|p2a: Cord|89\/352 brn|[from] brn
|turn|26
|
|switch|p2a: Bus|Clefable, F|394\/394
|move|p1a: Ferrothorn|Power Whip|p2a: Bus
|-damage|p2a: Bus|208\/394
|
|turn|27
|
|move|p2a: Bus|Thunder Wave|p1a: Ferrothorn
|-status|p1a: Ferrothorn|par
|move|p1a: Ferrothorn|Gyro Ball|p2a: Bus
|-supereffective|p2a: Bus
|-damage|p2a: Bus|0 fnt
|faint|p2a: Bus
|
|
|switch|p2a: Pus|Gengar, M, shiny|261\/261
|-damage|p2a: Pus|229\/261|[from] Stealth Rock
|turn|28
|
|switch|p1a: Landorus-Therian|Landorus-Therian, M|319\/319
|-damage|p1a: Landorus-Therian|280\/319|[from] Stealth Rock
|-ability|p1a: Landorus-Therian|Intimidate|[of] p2a: Pus
|-unboost|p2a: Pus|atk|1
|move|p2a: Pus|Shadow Ball|p1a: Landorus-Therian
|-damage|p1a: Landorus-Therian|120\/319
|
|-heal|p2a: Pus|245\/261|[from] item: Black Sludge
|turn|29
|
|switch|p2a: Cord|Gliscor, M|89\/352 brn
|-damage|p2a: Cord|45\/352 brn|[from] Stealth Rock
|move|p1a: Landorus-Therian|Knock Off|p2a: Cord
|-damage|p2a: Cord|0 fnt
|faint|p2a: Cord
|
|
|switch|p2a: Dos|Gyarados, M|331\/331
|-damage|p2a: Dos|249\/331|[from] Stealth Rock
|-ability|p2a: Dos|Intimidate|[of] p1a: Landorus-Therian
|-unboost|p1a: Landorus-Therian|atk|1
|turn|30
|
|switch|p1a: Ferrothorn|Ferrothorn, F|230\/352 par
|-damage|p1a: Ferrothorn|208\/352 par|[from] Stealth Rock
|move|p2a: Dos|Dragon Dance|p2a: Dos
|-boost|p2a: Dos|atk|1
|-boost|p2a: Dos|spe|1
|
|turn|31
|
|move|p2a: Dos|Earthquake|p1a: Ferrothorn
|-damage|p1a: Ferrothorn|88\/352 par
|cant|p1a: Ferrothorn|par
|
|turn|32
|
|switch|p1a: Landorus-Therian|Landorus-Therian, M|120\/319
|-damage|p1a: Landorus-Therian|81\/319|[from] Stealth Rock
|-ability|p1a: Landorus-Therian|Intimidate|[of] p2a: Dos
|-unboost|p2a: Dos|atk|1
|detailschange|p2a: Dos|Gyarados-Mega, M
|-mega|p2a: Dos|Gyarados|Gyaradosite
|-ability|p2a: Dos|Mold Breaker
|move|p2a: Dos|Crunch|p1a: Landorus-Therian
|-damage|p1a: Landorus-Therian|0 fnt
|faint|p1a: Landorus-Therian
|
|
|switch|p1a: Clefable|Clefable, F|369\/394
|-damage|p1a: Clefable|320\/394|[from] Stealth Rock
|turn|33
|
|switch|p2a: Mom|Alomomola, M|471\/501
|-damage|p2a: Mom|409\/501|[from] Stealth Rock
|move|p1a: Clefable|Moonblast|p2a: Mom
|-damage|p2a: Mom|297\/501
|
|-heal|p2a: Mom|328\/501|[from] item: Leftovers
|-heal|p1a: Clefable|344\/394|[from] item: Leftovers
|turn|34
|
|move|p2a: Mom|Wish|p2a: Mom
|move|p1a: Clefable|Wish|p1a: Clefable
|
|-heal|p2a: Mom|359\/501|[from] item: Leftovers
|-heal|p1a: Clefable|368\/394|[from] item: Leftovers
|turn|35
|
|switch|p2a: Pus|Gengar, M, shiny|245\/261
|-damage|p2a: Pus|213\/261|[from] Stealth Rock
|switch|p1a: Ferrothorn|Ferrothorn, F|88\/352 par
|-damage|p1a: Ferrothorn|66\/352 par|[from] Stealth Rock
|
|-heal|p2a: Pus|261\/261|[from] move: Wish|[wisher] Mom
|-heal|p1a: Ferrothorn|263\/352 par|[from] move: Wish|[wisher] Clefable
|turn|36
|
|switch|p2a: Mom|Alomomola, M|501\/501
|-damage|p2a: Mom|439\/501|[from] Stealth Rock
|switch|p1a: Heatran|Heatran, M|358\/385
|-damage|p1a: Heatran|310\/385|[from] Stealth Rock
|
|-heal|p1a: Heatran|334\/385|[from] item: Leftovers
|-heal|p2a: Mom|470\/501|[from] item: Leftovers
|turn|37
|
|move|p1a: Heatran|Toxic|p2a: Mom
|-status|p2a: Mom|tox
|move|p2a: Mom|Scald|p1a: Heatran
|-supereffective|p1a: Heatran
|-damage|p1a: Heatran|262\/385
|
|-heal|p1a: Heatran|286\/385|[from] item: Leftovers
|-heal|p2a: Mom|501\/501 tox|[from] item: Leftovers
|-damage|p2a: Mom|470\/501 tox|[from] psn
|turn|38
|
|switch|p2a: Dos|Gyarados-Mega, M|249\/331
|-damage|p2a: Dos|208\/331|[from] Stealth Rock
|-ability|p2a: Dos|Mold Breaker
|move|p1a: Heatran|Taunt|p2a: Dos
|-start|p2a: Dos|move: Taunt
|
|-heal|p1a: Heatran|310\/385|[from] item: Leftovers
|turn|39
|
|move|p2a: Dos|Earthquake|p1a: Heatran
|-supereffective|p1a: Heatran
|-damage|p1a: Heatran|0 fnt
|faint|p1a: Heatran
|
|
|switch|p1a: Ferrothorn|Ferrothorn, F|263\/352 par
|-damage|p1a: Ferrothorn|241\/352 par|[from] Stealth Rock
|turn|40
|
|move|p2a: Dos|Crunch|p1a: Ferrothorn
|-damage|p1a: Ferrothorn|132\/352 par
|-damage|p2a: Dos|167\/331|[from] ability: Iron Barbs|[of] p1a: Ferrothorn
|-unboost|p1a: Ferrothorn|def|1
|move|p1a: Ferrothorn|Gyro Ball|p2a: Dos
|-resisted|p2a: Dos
|-damage|p2a: Dos|86\/331
|
|turn|41
|
|switch|p1a: Clefable|Clefable, F|368\/394
|-damage|p1a: Clefable|319\/394|[from] Stealth Rock
|move|p2a: Dos|Earthquake|p1a: Clefable
|-damage|p1a: Clefable|203\/394
|
|-heal|p1a: Clefable|227\/394|[from] item: Leftovers
|-end|p2a: Dos|move: Taunt
|turn|42
|
|move|p2a: Dos|Waterfall|p1a: Clefable
|-damage|p1a: Clefable|85\/394
|move|p1a: Clefable|Wish|p1a: Clefable
|
|-heal|p1a: Clefable|109\/394|[from] item: Leftovers
|turn|43
|
|move|p2a: Dos|Earthquake|p1a: Clefable
|-damage|p1a: Clefable|0 fnt
|faint|p1a: Clefable
|
|c|âpulopulpo|gg
|
|switch|p1a: Gothitelle|Gothitelle, F|94\/281
|-damage|p1a: Gothitelle|59\/281|[from] Stealth Rock
|turn|44
|
|move|p1a: Gothitelle|Thunderbolt|p2a: Dos
|-supereffective|p2a: Dos
|-damage|p2a: Dos|0 fnt
|faint|p2a: Dos
|
|
|switch|p2a: Pus|Gengar, M, shiny|261\/261
|-damage|p2a: Pus|229\/261|[from] Stealth Rock
|turn|45
|
|switch|p1a: Ferrothorn|Ferrothorn, F|132\/352 par
|-damage|p1a: Ferrothorn|110\/352 par|[from] Stealth Rock
|move|p2a: Pus|Shadow Ball|p1a: Ferrothorn
|-damage|p1a: Ferrothorn|0 fnt
|faint|p1a: Ferrothorn
|
|-heal|p2a: Pus|245\/261|[from] item: Black Sludge
|
|switch|p1a: Gothitelle|Gothitelle, F|59\/281
|-damage|p1a: Gothitelle|24\/281|[from] Stealth Rock
|turn|46
|c|âpulopulpo|i think you won if you passed wish to ferro
|
|move|p1a: Gothitelle|Psychic|p2a: Pus
|-supereffective|p2a: Pus
|-damage|p2a: Pus|0 fnt
|faint|p2a: Pus
|
|
|switch|p2a: Mom|Alomomola, M|501\/501 tox
|-damage|p2a: Mom|439\/501 tox|[from] Stealth Rock
|turn|47
|
|move|p1a: Gothitelle|Psychic|p2a: Mom
|-damage|p2a: Mom|304\/501 tox
|move|p2a: Mom|Scald|p1a: Gothitelle
|-damage|p1a: Gothitelle|0 fnt
|faint|p1a: Gothitelle
|
|win|pulopulpo
|raw|Ladder updating...
|raw|k4rpman's rating: 1441 &rarr; <strong>1424<\/strong><br \/>(-17 for losing)
|raw|pulopulpo's rating: 1478 &rarr; <strong>1496<\/strong><br \/>(+18 for winning)
|leave|k4rpman
|player|p1