|join|k4rpman
|join|ForgeMaster
|player|p1|k4rpman|169
|player|p2|ForgeMaster|17
|gametype|singles
|gen|6
|tier|OU
|rated
|clearpoke
|poke|p1|Kyurem-Black
|poke|p1|Conkeldurr, F
|poke|p1|Venusaur, F
|poke|p1|Aegislash, F
|poke|p1|Latios, M
|poke|p1|Heatran, F
|poke|p2|Medicham, F
|poke|p2|Scizor, M
|poke|p2|Rotom-Wash
|poke|p2|Deoxys-Speed
|poke|p2|Greninja, M
|poke|p2|Aegislash, M
|rule|Sleep Clause Mod: Limit one foe put to sleep
|rule|Species Clause: Limit one of each Pokemon
|rule|OHKO Clause: OHKO moves are banned
|rule|Moody Clause: Moody is banned
|rule|Evasion Moves Clause: Evasion moves are banned
|rule|Endless Battle Clause: Forcing endless battles is banned.
|rule|HP Percentage Mod: HP is reported as percentages
|teampreview
|
|start
|switch|p1a: Conkeldurr|Conkeldurr, F|351\/351
|switch|p2a: Rotom-Wash|Rotom-Wash|304\/304
|turn|1
|
|move|p2a: Rotom-Wash|Volt Switch|p1a: Conkeldurr
|-damage|p1a: Conkeldurr|296\/351
|
|switch|p2a: Greninja|Greninja, M|286\/286
|move|p1a: Conkeldurr|Knock Off|p2a: Greninja
|-resisted|p2a: Greninja
|-damage|p2a: Greninja|199\/286
|-enditem|p2a: Greninja|Focus Sash|[from] move: Knock Off|[of] p1a: Conkeldurr
|
|turn|2
|
|-start|p2a: Greninja|typechange|Water|[from] Protean
|move|p2a: Greninja|Hydro Pump|p1a: Conkeldurr|[miss]
|-miss|p2a: Greninja|p1a: Conkeldurr
|move|p1a: Conkeldurr|Drain Punch|p2a: Greninja
|-damage|p2a: Greninja|1\/286
|-heal|p1a: Conkeldurr|351\/351|[from] drain|[of] p2a: Greninja
|
|turn|3
|
|switch|p2a: Aegislash|Aegislash, M|324\/324
|move|p1a: Conkeldurr|Mach Punch|p2a: Aegislash
|-immune|p2a: Aegislash|[msg]
|
|turn|4
|
|move|p2a: Aegislash|King's Shield|p2a: Aegislash
|-singleturn|p2a: Aegislash|Protect
|move|p1a: Conkeldurr|Drain Punch|p2a: Aegislash
|-immune|p2a: Aegislash|[msg]
|
|turn|5
|
|switch|p2a: Greninja|Greninja, M|1\/286
|move|p1a: Conkeldurr|Knock Off|p2a: Greninja
|-resisted|p2a: Greninja
|-damage|p2a: Greninja|0 fnt
|faint|p2a: Greninja
|
|
|switch|p2a: Medicham|Medicham, F|261\/261
|turn|6
|
|switch|p1a: Aegislash|Aegislash, F|321\/321
|-formechange|p2a: Medicham|Medicham-Mega
|message|Medicham has Mega Evolved into Mega Medicham!
|move|p2a: Medicham|Drain Punch|p1a: Aegislash
|-immune|p1a: Aegislash|[msg]
|
|turn|7
|
|switch|p2a: Aegislash|Aegislash, M|324\/324
|-formechange|p1a: Aegislash|Aegislash-Blade
|move|p1a: Aegislash|Shadow Ball|p2a: Aegislash
|-supereffective|p2a: Aegislash
|-damage|p2a: Aegislash|94\/324
|-enditem|p2a: Aegislash|Weakness Policy
|-boost|p2a: Aegislash|atk|2|[from] item: Weakness Policy
|-boost|p2a: Aegislash|spa|2|[from] item: Weakness Policy
|
|turn|8
|
|-formechange|p1a: Aegislash|Aegislash
|move|p1a: Aegislash|King's Shield|p1a: Aegislash
|-singleturn|p1a: Aegislash|Protect
|-formechange|p2a: Aegislash|Aegislash-Blade
|move|p2a: Aegislash|Shadow Sneak|p1a: Aegislash
|-activate|p1a: Aegislash|Protect
|-unboost|p2a: Aegislash|atk|2
|
|turn|9
|
|-formechange|p1a: Aegislash|Aegislash-Blade
|move|p1a: Aegislash|Shadow Ball|p2a: Aegislash
|-supereffective|p2a: Aegislash
|-damage|p2a: Aegislash|0 fnt
|faint|p2a: Aegislash
|
|
|switch|p2a: Rotom-Wash|Rotom-Wash|304\/304
|turn|10
|
|switch|p1a: Conkeldurr|Conkeldurr, F|351\/351
|move|p2a: Rotom-Wash|Will-O-Wisp|p1a: Conkeldurr
|-status|p1a: Conkeldurr|brn
|
|-damage|p1a: Conkeldurr|308\/351 brn|[from] brn
|turn|11
|
|move|p2a: Rotom-Wash|Hydro Pump|p1a: Conkeldurr
|-damage|p1a: Conkeldurr|220\/351 brn
|move|p1a: Conkeldurr|Knock Off|p2a: Rotom-Wash
|-damage|p2a: Rotom-Wash|169\/304
|-enditem|p2a: Rotom-Wash|Leftovers|[from] move: Knock Off|[of] p1a: Conkeldurr
|
|-damage|p1a: Conkeldurr|177\/351 brn|[from] brn
|turn|12
|
|move|p2a: Rotom-Wash|Hydro Pump|p1a: Conkeldurr
|-damage|p1a: Conkeldurr|78\/351 brn
|move|p1a: Conkeldurr|Drain Punch|p2a: Rotom-Wash
|-damage|p2a: Rotom-Wash|3\/304
|-heal|p1a: Conkeldurr|161\/351 brn|[from] drain|[of] p2a: Rotom-Wash
|
|-damage|p1a: Conkeldurr|118\/351 brn|[from] brn
|turn|13
|
|move|p1a: Conkeldurr|Mach Punch|p2a: Rotom-Wash
|-damage|p2a: Rotom-Wash|0 fnt
|faint|p2a: Rotom-Wash
|
|-damage|p1a: Conkeldurr|75\/351 brn|[from] brn
|
|switch|p2a: Medicham|Medicham, F|261\/261
|-formechange|p2a: Medicham|Medicham-Mega
|turn|14
|
|switch|p1a: Aegislash|Aegislash, F|321\/321
|move|p2a: Medicham|Fire Punch|p1a: Aegislash
|-crit|p1a: Aegislash
|-supereffective|p1a: Aegislash
|-damage|p1a: Aegislash|0 fnt
|faint|p1a: Aegislash
|
|
|switch|p1a: Latios|Latios, M|301\/301
|turn|15
|
|switch|p2a: Scizor|Scizor, M|343\/343
|move|p1a: Latios|Draco Meteor|p2a: Scizor
|-resisted|p2a: Scizor
|-damage|p2a: Scizor|175\/343
|-unboost|p1a: Latios|spa|2
|-damage|p1a: Latios|271\/301|[from] item: Life Orb
|
|turn|16
|
|move|p2a: Scizor|Pursuit|p1a: Latios|[from]Pursuit
|-supereffective|p1a: Latios
|-damage|p1a: Latios|0 fnt
|faint|p1a: Latios
|
|
|switch|p1a: Heatran|Heatran, F|323\/323
|-item|p1a: Heatran|Air Balloon
|turn|17
|
|switch|p2a: Deoxys-Speed|Deoxys-Speed|241\/241
|-ability|p2a: Deoxys-Speed|Pressure
|move|p1a: Heatran|Fire Blast|p2a: Deoxys-Speed
|-damage|p2a: Deoxys-Speed|15\/241
|
|turn|18
|
|move|p2a: Deoxys-Speed|Superpower|p1a: Heatran
|-supereffective|p1a: Heatran
|-damage|p1a: Heatran|79\/323
|-enditem|p1a: Heatran|Air Balloon
|-unboost|p2a: Deoxys-Speed|atk|1
|-unboost|p2a: Deoxys-Speed|def|1
|-damage|p2a: Deoxys-Speed|0 fnt|[from] item: Life Orb
|faint|p2a: Deoxys-Speed
|move|p1a: Heatran|Earth Power|p2: Deoxys-Speed|[notarget]
|-notarget
|
|
|switch|p2a: Medicham|Medicham, F|261\/261
|-formechange|p2a: Medicham|Medicham-Mega
|turn|19
|
|move|p2a: Medicham|Drain Punch|p1a: Heatran
|-supereffective|p1a: Heatran
|-damage|p1a: Heatran|0 fnt
|faint|p1a: Heatran
|
|
|switch|p1a: Venusaur|Venusaur, F|364\/364
|turn|20
|
|-formechange|p1a: Venusaur|Venusaur-Mega
|message|Venusaur has Mega Evolved into Mega Venusaur!
|move|p2a: Medicham|Ice Punch|p1a: Venusaur
|-supereffective|p1a: Venusaur
|-damage|p1a: Venusaur|248\/364
|move|p1a: Venusaur|Leech Seed|p2a: Medicham
|-start|p2a: Medicham|move: Leech Seed
|
|-damage|p2a: Medicham|229\/261|[from] Leech Seed|[of] p1a: Venusaur
|-heal|p1a: Venusaur|280\/364|[silent]
|turn|21
|
|switch|p2a: Scizor|Scizor, M|175\/343
|move|p1a: Venusaur|Giga Drain|p2a: Scizor
|-resisted|p2a: Scizor
|-damage|p2a: Scizor|147\/343
|-heal|p1a: Venusaur|294\/364|[from] drain|[of] p2a: Scizor
|
|turn|22
|
|move|p1a: Venusaur|Leech Seed|p2a: Scizor
|-start|p2a: Scizor|move: Leech Seed
|move|p2a: Scizor|U-turn|p1a: Venusaur
|-damage|p1a: Venusaur|159\/364
|
|switch|p2a: Medicham|Medicham, F|229\/261
|-formechange|p2a: Medicham|Medicham-Mega
|
|turn|23
|
|move|p2a: Medicham|Ice Punch|p1a: Venusaur
|-supereffective|p1a: Venusaur
|-damage|p1a: Venusaur|37\/364
|move|p1a: Venusaur|Synthesis|p1a: Venusaur
|-heal|p1a: Venusaur|219\/364
|
|turn|24
|
|move|p2a: Medicham|Ice Punch|p1a: Venusaur
|-supereffective|p1a: Venusaur
|-damage|p1a: Venusaur|107\/364
|move|p1a: Venusaur|Synthesis|p1a: Venusaur
|-heal|p1a: Venusaur|289\/364
|
|turn|25
|
|move|p2a: Medicham|Ice Punch|p1a: Venusaur
|-supereffective|p1a: Venusaur
|-damage|p1a: Venusaur|179\/364
|move|p1a: Venusaur|Leech Seed|p2a: Medicham
|-start|p2a: Medicham|move: Leech Seed
|
|-damage|p2a: Medicham|197\/261|[from] Leech Seed|[of] p1a: Venusaur
|-heal|p1a: Venusaur|211\/364|[silent]
|turn|26
|
|switch|p2a: Scizor|Scizor, M|147\/343
|move|p1a: Venusaur|Giga Drain|p2a: Scizor
|-resisted|p2a: Scizor
|-damage|p2a: Scizor|118\/343
|-heal|p1a: Venusaur|226\/364|[from] drain|[of] p2a: Scizor
|
|turn|27
|
|switch|p1a: Conkeldurr|Conkeldurr, F|75\/351 brn
|move|p2a: Scizor|U-turn|p1a: Conkeldurr
|-resisted|p1a: Conkeldurr
|-damage|p1a: Conkeldurr|0 fnt
|faint|p1a: Conkeldurr
|
|switch|p2a: Medicham|Medicham, F|197\/261
|-formechange|p2a: Medicham|Medicham-Mega
|
|
|switch|p1a: Venusaur|Venusaur, F|226\/364
|-formechange|p1a: Venusaur|Venusaur-Mega
|turn|28
|
|move|p2a: Medicham|Ice Punch|p1a: Venusaur
|-supereffective|p1a: Venusaur
|-damage|p1a: Venusaur|116\/364
|-status|p1a: Venusaur|frz
|cant|p1a: Venusaur|frz
|
|turn|29
|
|move|p2a: Medicham|Ice Punch|p1a: Venusaur
|-supereffective|p1a: Venusaur
|-damage|p1a: Venusaur|6\/364 frz
|cant|p1a: Venusaur|frz
|
|turn|30
|
|move|p2a: Medicham|Drain Punch|p1a: Venusaur
|-resisted|p1a: Venusaur
|-damage|p1a: Venusaur|0 fnt
|-heal|p2a: Medicham|200\/261|[from] drain|[of] p1a: Venusaur
|faint|p1a: Venusaur
|
|
|switch|p1a: Kyurem-Black|Kyurem-Black|405\/405
|-ability|p1a: Kyurem-Black|Teravolt
|turn|31
|
|move|p2a: Medicham|Drain Punch|p1a: Kyurem-Black
|-supereffective|p1a: Kyurem-Black
|-damage|p1a: Kyurem-Black|0 fnt
|-heal|p2a: Medicham|261\/261|[from] drain|[of] p1a: Kyurem-Black
|faint|p1a: Kyurem-Black
|
|win|ForgeMaster
|raw|Ladder updating...
|raw|k4rpman's rating: 1764 &rarr; <strong>1734<\/strong><br \/>(-30 for losing)
|raw|ForgeMaster's rating: 1578 &rarr; <strong>1608<\/strong><br \/>(+30 for winning)
|leave|k4rpman
|player|p1