|join|k4rpman
|join|i wish i had drugs
|player|p1|k4rpman|101
|player|p2|i wish i had drugs|84
|gametype|singles
|gen|6
|tier|OU
|rated
|clearpoke
|poke|p1|Bisharp, M
|poke|p1|Heatran, M
|poke|p1|Latias, F
|poke|p1|Thundurus, M
|poke|p1|Gardevoir, F
|poke|p1|Keldeo
|poke|p2|Gyarados, F
|poke|p2|Thundurus, M
|poke|p2|Mamoswine, F
|poke|p2|Aegislash, M
|poke|p2|Latios, M
|poke|p2|Conkeldurr, F
|rule|Sleep Clause Mod: Limit one foe put to sleep
|rule|Species Clause: Limit one of each Pokemon
|rule|OHKO Clause: OHKO moves are banned
|rule|Moody Clause: Moody is banned
|rule|Evasion Moves Clause: Evasion moves are banned
|rule|Endless Battle Clause: Forcing endless battles is banned.
|rule|HP Percentage Mod: HP is reported as percentages
|teampreview
|join|dubs-chan
|chat|i wish i had drugs|NOT
|chat|i wish i had drugs|DONT
|chat|i wish i had drugs|THINK
|chat|i wish i had drugs|DONT THINK
|chat|i wish i had drugs|LEAD KELD
|chat|i wish i had drugs|IDC
|chat|dubs-chan|b-b-b-but he needs replays
|chat|i wish i had drugs|DO SOMETHING
|chat|i wish i had drugs|ANYTHING
|chat|dubs-chan|he's gotta become smogon famous
|chat|i wish i had drugs|THIS ISNT SPL
|join|crai ;_;
|
|start
|switch|p1a: Thundurus|Thundurus, M|299\/299
|switch|p2a: Mamoswine|Mamoswine, F|361\/361
|turn|1
|chat|i wish i had drugs|THERE U GO
|chat|i wish i had drugs|GOOD JOB
|chat|THIS ISNT SPL|i can confirm
|chat|i wish i had drugs|I HAVE ICICLE SPEAR
|chat|THIS ISNT SPL|O_O SASH THUNDY!!!
|chat|i wish i had drugs|sub if you want
|chat|i wish i had drugs|:)
|
|switch|p1a: Keldeo|Keldeo|322\/322
|move|p2a: Mamoswine|Icicle Crash|p1a: Keldeo
|-crit|p1a: Keldeo
|-resisted|p1a: Keldeo
|-damage|p1a: Keldeo|203\/322
|
|turn|2
|chat|i wish i had drugs|i like it
|
|move|p1a: Keldeo|Scald|p2a: Mamoswine
|-supereffective|p2a: Mamoswine
|-enditem|p2a: Mamoswine|Focus Sash
|-damage|p2a: Mamoswine|1\/361
|move|p2a: Mamoswine|Earthquake|p1a: Keldeo
|-damage|p1a: Keldeo|17\/322
|
|turn|3
|chat|THIS ISNT SPL|its sash mamo 
|chat|THIS ISNT SPL|o it ly is
|chat|i wish i had drugs|ye
|chat|crai ;_;|eq agn
|chat|i wish i had drugs|switch
|chat|THIS ISNT SPL|spoiler: is mamo jolly
|
|move|p1a: Keldeo|Scald|p2a: Mamoswine
|-supereffective|p2a: Mamoswine
|-damage|p2a: Mamoswine|0 fnt
|faint|p2a: Mamoswine
|
|chat|i wish i had drugs|yes
|chat|crai ;_;|lel
|chat|THIS ISNT SPL|spoiler: puss
|
|switch|p2a: Conkeldurr|Conkeldurr, F|351\/351
|turn|4
|
|switch|p1a: Gardevoir|Gardevoir, F|277\/277
|-ability|p1a: Gardevoir|Guts|[from] ability: Trace|[of] p2a: Conkeldurr
|move|p2a: Conkeldurr|Mach Punch|p1a: Gardevoir
|-resisted|p1a: Gardevoir
|-damage|p1a: Gardevoir|251\/277
|
|turn|5
|chat|crai ;_;|go to lati
|chat|THIS ISNT SPL|uhh
|chat|crai ;_;|o dat works
|chat|i wish i had drugs|close enough
|chat|crai ;_;|shadow
|
|switch|p2a: Aegislash|Aegislash, M|319\/319
|-formechange|p1a: Gardevoir|Gardevoir-Mega
|message|Gardevoir has Mega Evolved into Mega Gardevoir!
|move|p1a: Gardevoir|Will-O-Wisp|p2a: Aegislash
|-status|p2a: Aegislash|brn
|
|-damage|p2a: Aegislash|280\/319 brn|[from] brn
|turn|6
|chat|crai ;_;|bal
|join|worship kj
|chat|crai ;_;|oooo
|chat|i wish i had drugs|oh no
|chat|i wish i had drugs|?
|chat|crai ;_;|better 
|chat|THIS ISNT SPL|now his uh
|chat|crai ;_;|i guess
|chat|THIS ISNT SPL|chople bisharp lives a sacred sword
|
|switch|p1a: Heatran|Heatran, M|385\/385
|switch|p2a: Gyarados|Gyarados, F|331\/331
|-ability|p2a: Gyarados|Intimidate|[of] p1a: Heatran
|-unboost|p1a: Heatran|atk|1
|
|turn|7
|chat|i wish i had drugs|yawn
|chat|crai ;_;|wisp
|chat|THIS ISNT SPL|dude
|chat|crai ;_;|tran
|chat|THIS ISNT SPL|u almost
|
|-formechange|p2a: Gyarados|Gyarados-Mega
|message|Gyarados has Mega Evolved into Mega Gyarados!
|-ability|p2a: Gyarados|Mold Breaker
|move|p2a: Gyarados|Earthquake|p1a: Heatran
|-supereffective|p1a: Heatran
|-damage|p1a: Heatran|0 fnt
|faint|p1a: Heatran
|
|chat|THIS ISNT SPL|intimidated his bisharp
|chat|i wish i had drugs|get good
|
|switch|p1a: Keldeo|Keldeo|17\/322
|turn|8
|chat|i wish i had drugs|at any point
|
|switch|p2a: Latios|Latios, M|301\/301
|move|p1a: Keldeo|Hydro Pump|p2a: Latios
|-resisted|p2a: Latios
|-damage|p2a: Latios|165\/301
|
|turn|9
|
|switch|p1a: Gardevoir|Gardevoir, F|251\/277
|-formechange|p1a: Gardevoir|Gardevoir-Mega
|move|p2a: Latios|Earthquake|p1a: Gardevoir
|-damage|p1a: Gardevoir|117\/277
|-damage|p2a: Latios|135\/301|[from] item: Life Orb
|
|turn|10
|chat|i wish i had drugs|close enough
|chat|crai ;_;|draco
|chat|crai ;_;|if real
|chat|THIS ISNT SPL|big dmg
|
|switch|p1a: Thundurus|Thundurus, M|299\/299
|move|p2a: Latios|Earthquake|p1a: Thundurus
|-immune|p1a: Thundurus|[msg]
|
|turn|11
|chat|i wish i had drugs|fuck
|chat|crai ;_;|:<D
|chat|crai ;_;|:C
|
|move|p1a: Thundurus|Substitute|p1a: Thundurus
|-start|p1a: Thundurus|Substitute
|-damage|p1a: Thundurus|225\/299
|move|p2a: Latios|Psyshock|p1a: Thundurus
|-end|p1a: Thundurus|Substitute
|-damage|p2a: Latios|105\/301|[from] item: Life Orb
|
|-heal|p1a: Thundurus|243\/299|[from] item: Leftovers
|turn|12
|chat|THIS ISNT SPL|not real ^_^
|chat|i wish i had drugs|KNEW it was sub
|chat|THIS ISNT SPL|__epic life orb stall__
|chat|i wish i had drugs|i'm a god
|
|switch|p2a: Conkeldurr|Conkeldurr, F|351\/351
|move|p1a: Thundurus|Substitute|p1a: Thundurus
|-start|p1a: Thundurus|Substitute
|-damage|p1a: Thundurus|169\/299
|
|-heal|p1a: Thundurus|187\/299|[from] item: Leftovers
|turn|13
|
|move|p1a: Thundurus|Thunderbolt|p2a: Conkeldurr
|-damage|p2a: Conkeldurr|248\/351
|move|p2a: Conkeldurr|Ice Punch|p1a: Thundurus
|-supereffective|p1a: Thundurus
|-end|p1a: Thundurus|Substitute
|
|-heal|p1a: Thundurus|205\/299|[from] item: Leftovers
|turn|14
|
|switch|p1a: Keldeo|Keldeo|17\/322
|move|p2a: Conkeldurr|Knock Off|p1a: Keldeo
|-resisted|p1a: Keldeo
|-damage|p1a: Keldeo|0 fnt
|faint|p1a: Keldeo
|
|leave|worship kj
|chat|i wish i had drugs|:)
|
|switch|p1a: Gardevoir|Gardevoir, F|117\/277
|-formechange|p1a: Gardevoir|Gardevoir-Mega
|turn|15
|chat|i wish i had drugs|nice +1
|chat|i wish i had drugs|does this nigga have shadow ball or no
|chat|THIS ISNT SPL|yes
|chat|crai ;_;|no :c
|
|switch|p2a: Latios|Latios, M|105\/301
|move|p1a: Gardevoir|Hyper Voice|p2a: Latios
|-supereffective|p2a: Latios
|-damage|p2a: Latios|0 fnt
|faint|p2a: Latios
|
|chat|THIS ISNT SPL|doesnt have focus imo
|
|switch|p2a: Aegislash|Aegislash, M|280\/319 brn
|turn|16
|
|switch|p1a: Bisharp|Bisharp, M|287\/287
|-formechange|p2a: Aegislash|Aegislash-Blade
|move|p2a: Aegislash|Shadow Ball|p1a: Bisharp
|-resisted|p1a: Bisharp
|-damage|p1a: Bisharp|217\/287
|
|-damage|p2a: Aegislash|241\/319 brn|[from] brn
|turn|17
|chat|i wish i had drugs|the FUCK kinda bisharp
|chat|THIS ISNT SPL|vest bisharp?
|
|move|p1a: Bisharp|Pursuit|p2a: Aegislash
|-supereffective|p2a: Aegislash
|-damage|p2a: Aegislash|0 fnt
|faint|p2a: Aegislash
|
|
|switch|p2a: Thundurus|Thundurus, M|299\/299
|turn|18
|
|move|p2a: Thundurus|Substitute|p2a: Thundurus
|-start|p2a: Thundurus|Substitute
|-damage|p2a: Thundurus|225\/299
|move|p1a: Bisharp|Sucker Punch|p2a: Thundurus
|-fail|p2a: Thundurus
|
|-heal|p2a: Thundurus|243\/299|[from] item: Leftovers
|turn|19
|
|move|p2a: Thundurus|Nasty Plot|p2a: Thundurus
|-boost|p2a: Thundurus|spa|2
|move|p1a: Bisharp|Sucker Punch|p2a: Thundurus
|-fail|p2a: Thundurus
|
|-heal|p2a: Thundurus|261\/299|[from] item: Leftovers
|turn|20
|chat|crai ;_;|oml
|chat|i wish i had drugs|u ok?
|chat|THIS ISNT SPL|dude
|chat|THIS ISNT SPL|ur USING a thundy
|
|move|p2a: Thundurus|Thunderbolt|p1a: Bisharp
|-damage|p1a: Bisharp|0 fnt
|faint|p1a: Bisharp
|
|-heal|p2a: Thundurus|279\/299|[from] item: Leftovers
|chat|THIS ISNT SPL|with sub
|chat|THIS ISNT SPL|why are
|chat|THIS ISNT SPL|WHY
|chat|i wish i had drugs|lmfao
|chat|THIS ISNT SPL|HOLY SHIT
|chat|crai ;_;|helllooo
|chat|i wish i had drugs|YOU
|chat|i wish i had drugs|HAVE
|chat|i wish i had drugs|ONE
|chat|i wish i had drugs|OF
|chat|i wish i had drugs|THESE
|chat|THIS ISNT SPL|YOU KNOW HOW THEY WORK
|
|switch|p1a: Thundurus|Thundurus, M|205\/299
|turn|21
|
|move|p1a: Thundurus|Thunderbolt|p2a: Thundurus
|-end|p2a: Thundurus|Substitute
|move|p2a: Thundurus|Hidden Power|p1a: Thundurus
|-supereffective|p1a: Thundurus
|-damage|p1a: Thundurus|0 fnt
|faint|p1a: Thundurus
|
|-heal|p2a: Thundurus|297\/299|[from] item: Leftovers
|chat|THIS ISNT SPL|__jesus christ__
|chat|i wish i had drugs|nice speed tie
|
|switch|p1a: Latias|Latias, F|301\/301
|turn|22
|
|move|p2a: Thundurus|Substitute|p2a: Thundurus
|-start|p2a: Thundurus|Substitute
|-damage|p2a: Thundurus|223\/299
|move|p1a: Latias|Draco Meteor|p2a: Thundurus
|-end|p2a: Thundurus|Substitute
|-unboost|p1a: Latias|spa|2
|-damage|p1a: Latias|271\/301|[from] item: Life Orb
|
|-heal|p2a: Thundurus|241\/299|[from] item: Leftovers
|turn|23
|chat|i wish i had drugs|my turn :)
|chat|THIS ISNT SPL|he's going gyarados
|
|move|p2a: Thundurus|Substitute|p2a: Thundurus
|-start|p2a: Thundurus|Substitute
|-damage|p2a: Thundurus|167\/299
|move|p1a: Latias|Draco Meteor|p2a: Thundurus
|-end|p2a: Thundurus|Substitute
|-unboost|p1a: Latias|spa|2
|-damage|p1a: Latias|241\/301|[from] item: Life Orb
|
|-heal|p2a: Thundurus|185\/299|[from] item: Leftovers
|turn|24
|chat|THIS ISNT SPL|now......... go gardevoir
|
|move|p2a: Thundurus|Substitute|p2a: Thundurus
|-start|p2a: Thundurus|Substitute
|-damage|p2a: Thundurus|111\/299
|move|p1a: Latias|Healing Wish|p1a: Latias
|faint|p1a: Latias
|
|-heal|p2a: Thundurus|129\/299|[from] item: Leftovers
|chat|i wish i had drugs|hi
|chat|i wish i had drugs|forfeit
|
|switch|p1a: Gardevoir|Gardevoir, F|117\/277
|-formechange|p1a: Gardevoir|Gardevoir-Mega
|-heal|p1a: Gardevoir|277\/277|[from] move: Healing Wish
|turn|25
|chat|crai ;_;|.
|chat|i wish i had drugs|:O
|chat|crai ;_;|i think
|chat|THIS ISNT SPL|goes thru SUBS
|
|move|p2a: Thundurus|Thunderbolt|p1a: Gardevoir
|-damage|p1a: Gardevoir|49\/277
|move|p1a: Gardevoir|Hyper Voice|p2a: Thundurus
|-damage|p2a: Thundurus|0 fnt
|faint|p2a: Thundurus
|
|chat|crai ;_;|u lost
|chat|THIS ISNT SPL|top lel
|chat|crai ;_;|live
|chat|THIS ISNT SPL|u lose
|chat|crai ;_;|LIVE
|chat|crai ;_;|YESSS
|chat|i wish i had drugs|lmao
|
|switch|p2a: Gyarados|Gyarados, F|331\/331
|-formechange|p2a: Gyarados|Gyarados-Mega
|-ability|p2a: Gyarados|Mold Breaker
|turn|26
|chat|crai ;_;|GG
|chat|i wish i had drugs|OH FUCK
|chat|i wish i had drugs|I MEGA'D
|chat|crai ;_;|HAHAHAHA
|join|ash borer
|chat|i wish i had drugs|LOL
|chat|i wish i had drugs|what a fucking MONSTER
|
|move|p1a: Gardevoir|Hyper Voice|p2a: Gyarados
|-supereffective|p2a: Gyarados
|-damage|p2a: Gyarados|0 fnt
|faint|p2a: Gyarados
|
|
|switch|p2a: Conkeldurr|Conkeldurr, F|248\/351
|turn|27
|chat|k4rpman|lol
|chat|ash borer|conk
|chat|ash borer|you
|chat|ash borer|can
|chat|ash borer|this
|
|move|p1a: Gardevoir|Hyper Voice|p2a: Conkeldurr
|-supereffective|p2a: Conkeldurr
|-damage|p2a: Conkeldurr|0 fnt
|faint|p2a: Conkeldurr
|
|win|k4rpman
|raw|Ladder updating...
|raw|k4rpman's rating: 1835 &rarr; <strong>1845<\/strong><br \/>(+10 for winning)
|raw|i wish i had drugs's rating: 1643 &rarr; <strong>1633<\/strong><br \/>(-10 for losing)
|chat|crai ;_;|this thing is stronger than lo mewtwo
|chat|ash borer|rip
|chat|i wish i had drugs|rofl
|leave|crai ;_;
|leave|ash borer
|leave|i wish i had drugs
|player|p2
|chat|THIS ISNT SPL|nice throw
|chat|k4rpman|.cry
|leave|THIS ISNT SPL