|join|zen96
|join|k4rpman
|player|p1|zen96|265
|player|p2|k4rpman|169
|gametype|singles
|gen|6
|tier|OU
|rated
|clearpoke
|poke|p1|Scolipede, F, shiny
|poke|p1|Vaporeon, M, shiny
|poke|p1|Espeon, M, shiny
|poke|p1|Smeargle, M, shiny
|poke|p1|Sylveon, M, shiny
|poke|p1|Mr. Mime, M, shiny
|poke|p2|Tyranitar, M
|poke|p2|Latias, F
|poke|p2|Aegislash, M
|poke|p2|Thundurus, M
|poke|p2|Landorus, M
|poke|p2|Keldeo
|rule|Sleep Clause Mod: Limit one foe put to sleep
|rule|Species Clause: Limit one of each Pokemon
|rule|OHKO Clause: OHKO moves are banned
|rule|Moody Clause: Moody is banned
|rule|Evasion Moves Clause: Evasion moves are banned
|rule|Endless Battle Clause: Forcing endless battles is banned.
|rule|HP Percentage Mod: HP is reported as percentages
|teampreview
|
|start
|switch|p1a: Scolipede|Scolipede, F, shiny|323\/323
|switch|p2a: Landorus|Landorus, M|319\/319
|turn|1
|
|move|p2a: Landorus|Stealth Rock|p1a: Scolipede
|-sidestart|p1: zen96|move: Stealth Rock
|move|p1a: Scolipede|Iron Defense|p1a: Scolipede
|-boost|p1a: Scolipede|def|2
|
|-boost|p1a: Scolipede|spe|1|[from] ability: Speed Boost
|turn|2
|
|move|p1a: Scolipede|Protect|p1a: Scolipede
|-singleturn|p1a: Scolipede|Protect
|move|p2a: Landorus|Earth Power|p1a: Scolipede
|-activate|p1a: Scolipede|Protect
|
|-boost|p1a: Scolipede|spe|1|[from] ability: Speed Boost
|turn|3
|
|move|p1a: Scolipede|Substitute|p1a: Scolipede
|-start|p1a: Scolipede|Substitute
|-damage|p1a: Scolipede|243\/323
|move|p2a: Landorus|Earth Power|p1a: Scolipede
|-end|p1a: Scolipede|Substitute
|
|-boost|p1a: Scolipede|spe|1|[from] ability: Speed Boost
|turn|4
|
|move|p1a: Scolipede|Protect|p1a: Scolipede
|-singleturn|p1a: Scolipede|Protect
|move|p2a: Landorus|Earth Power|p1a: Scolipede
|-activate|p1a: Scolipede|Protect
|
|-boost|p1a: Scolipede|spe|1|[from] ability: Speed Boost
|turn|5
|
|move|p1a: Scolipede|Substitute|p1a: Scolipede
|-start|p1a: Scolipede|Substitute
|-damage|p1a: Scolipede|163\/323
|move|p2a: Landorus|Earth Power|p1a: Scolipede
|-end|p1a: Scolipede|Substitute
|
|-boost|p1a: Scolipede|spe|1|[from] ability: Speed Boost
|turn|6
|
|move|p1a: Scolipede|Protect|p1a: Scolipede
|-singleturn|p1a: Scolipede|Protect
|move|p2a: Landorus|Earth Power|p1a: Scolipede
|-activate|p1a: Scolipede|Protect
|
|-boost|p1a: Scolipede|spe|1|[from] ability: Speed Boost
|turn|7
|
|move|p1a: Scolipede|Baton Pass|p1a: Scolipede
|
|switch|p1a: Mr. Mime|Mr. Mime, M, shiny|284\/284
|-damage|p1a: Mr. Mime|249\/284|[from] Stealth Rock
|move|p2a: Landorus|Earth Power|p1a: Mr. Mime
|-crit|p1a: Mr. Mime
|-damage|p1a: Mr. Mime|22\/284
|
|-heal|p1a: Mr. Mime|39\/284|[from] item: Leftovers
|turn|8
|
|move|p1a: Mr. Mime|Baton Pass|p1a: Mr. Mime
|
|switch|p1a: Sylveon|Sylveon, M, shiny|394\/394
|-damage|p1a: Sylveon|345\/394|[from] Stealth Rock
|move|p2a: Landorus|Earth Power|p1a: Sylveon
|-damage|p1a: Sylveon|131\/394
|
|-heal|p1a: Sylveon|155\/394|[from] item: Leftovers
|turn|9
|
|move|p1a: Sylveon|Calm Mind|p1a: Sylveon
|-boost|p1a: Sylveon|spa|1
|-boost|p1a: Sylveon|spd|1
|move|p2a: Landorus|Earth Power|p1a: Sylveon
|-damage|p1a: Sylveon|25\/394
|
|-heal|p1a: Sylveon|49\/394|[from] item: Leftovers
|turn|10
|
|move|p1a: Sylveon|Baton Pass|p1a: Sylveon
|
|switch|p1a: Espeon|Espeon, M, shiny|333\/333
|-damage|p1a: Espeon|292\/333|[from] Stealth Rock
|move|p2a: Landorus|Earth Power|p1a: Espeon
|-damage|p1a: Espeon|109\/333
|
|-heal|p1a: Espeon|129\/333|[from] item: Leftovers
|turn|11
|
|switch|p2a: Tyranitar|Tyranitar, M|341\/341
|-weather|Sandstorm
|move|p1a: Espeon|Stored Power|p2a: Tyranitar
|-immune|p2a: Tyranitar|[msg]
|
|-weather|Sandstorm|[upkeep]
|-damage|p1a: Espeon|109\/333|[from] sandstorm
|-heal|p1a: Espeon|129\/333|[from] item: Leftovers
|turn|12
|
|switch|p2a: Landorus|Landorus, M|319\/319
|move|p1a: Espeon|Baton Pass|p1a: Espeon
|
|switch|p1a: Smeargle|Smeargle, M, shiny|314\/314
|-damage|p1a: Smeargle|275\/314|[from] Stealth Rock
|
|-weather|Sandstorm|[upkeep]
|-damage|p1a: Smeargle|256\/314|[from] sandstorm
|turn|13
|
|switch|p2a: Keldeo|Keldeo|322\/322
|move|p1a: Smeargle|Spore|p2a: Keldeo
|-status|p2a: Keldeo|slp
|
|-weather|Sandstorm|[upkeep]
|-damage|p1a: Smeargle|237\/314|[from] sandstorm
|-damage|p2a: Keldeo|302\/322 slp|[from] sandstorm
|turn|14
|
|switch|p2a: Aegislash|Aegislash, M|322\/322
|move|p1a: Smeargle|Ingrain|p1a: Smeargle
|-start|p1a: Smeargle|move: Ingrain
|
|-weather|Sandstorm|[upkeep]
|-damage|p1a: Smeargle|218\/314|[from] sandstorm
|-heal|p1a: Smeargle|237\/314|[from] Ingrain
|turn|15
|
|move|p1a: Smeargle|Baton Pass|p1a: Smeargle
|
|switch|p1a: Vaporeon|Vaporeon, M, shiny|449\/449
|-damage|p1a: Vaporeon|393\/449|[from] Stealth Rock
|-formechange|p2a: Aegislash|Aegislash-Blade
|move|p2a: Aegislash|Shadow Ball|p1a: Vaporeon
|-damage|p1a: Vaporeon|270\/449
|
|-weather|none
|-heal|p1a: Vaporeon|298\/449|[from] item: Leftovers
|-heal|p1a: Vaporeon|326\/449|[from] Ingrain
|turn|16
|
|switch|p2a: Thundurus|Thundurus, M|298\/298
|move|p1a: Vaporeon|Acid Armor|p1a: Vaporeon
|-boost|p1a: Vaporeon|def|2
|
|-heal|p1a: Vaporeon|354\/449|[from] item: Leftovers
|-heal|p1a: Vaporeon|382\/449|[from] Ingrain
|turn|17
|
|move|p2a: Thundurus|Thunderbolt|p1a: Vaporeon
|-supereffective|p1a: Vaporeon
|-damage|p1a: Vaporeon|190\/449
|move|p1a: Vaporeon|Roar|p2a: Thundurus
|drag|p2a: Latias|Latias, F|301\/301
|
|-heal|p1a: Vaporeon|218\/449|[from] item: Leftovers
|-heal|p1a: Vaporeon|246\/449|[from] Ingrain
|turn|18
|
|switch|p2a: Thundurus|Thundurus, M|298\/298
|move|p1a: Vaporeon|Substitute|p1a: Vaporeon
|-start|p1a: Vaporeon|Substitute
|-damage|p1a: Vaporeon|134\/449
|
|-heal|p1a: Vaporeon|162\/449|[from] item: Leftovers
|-heal|p1a: Vaporeon|190\/449|[from] Ingrain
|turn|19
|
|move|p1a: Vaporeon|Baton Pass|p1a: Vaporeon
|
|switch|p1a: Espeon|Espeon, M, shiny|129\/333
|-damage|p1a: Espeon|88\/333|[from] Stealth Rock
|move|p2a: Thundurus|Thunderbolt|p1a: Espeon
|-activate|p1a: Espeon|Substitute|[damage]
|
|-heal|p1a: Espeon|108\/333|[from] item: Leftovers
|-heal|p1a: Espeon|128\/333|[from] Ingrain
|turn|20
|
|switch|p2a: Tyranitar|Tyranitar, M|341\/341
|-weather|Sandstorm
|move|p1a: Espeon|Calm Mind|p1a: Espeon
|-boost|p1a: Espeon|spa|1
|-boost|p1a: Espeon|spd|1
|
|-weather|Sandstorm|[upkeep]
|-damage|p1a: Espeon|108\/333|[from] sandstorm
|-heal|p1a: Espeon|128\/333|[from] item: Leftovers
|-heal|p1a: Espeon|148\/333|[from] Ingrain
|turn|21
|
|-formechange|p2a: Tyranitar|Tyranitar-Mega
|message|Tyranitar has Mega Evolved into Mega Tyranitar!
|move|p1a: Espeon|Baton Pass|p1a: Espeon
|
|switch|p1a: Sylveon|Sylveon, M, shiny|49\/394
|-damage|p1a: Sylveon|0 fnt|[from] Stealth Rock
|faint|p1a: Sylveon
|move|p2a: Tyranitar|Crunch|p1: Sylveon|[notarget]
|-notarget
|
|-weather|Sandstorm|[upkeep]
|chat|k4rpman|lol.
|-message|zen96 forfeited.
|leave|zen96
|
|win|k4rpman
|raw|Ladder updating...
|player|p1
|raw|zen96's rating: 1790 &rarr; <strong>1765<\/strong><br \/>(-25 for losing)
|raw|k4rpman's rating: 1706 &rarr; <strong>1731<\/strong><br \/>(+25 for winning)