|join|Mob Barley
|join|K4rpman
|player|p1|Mob Barley|124
|player|p2|K4rpman|102
|gametype|singles
|tier|OU (current)
|rated
|rule|Evasion Abilities Clause: Evasion abilities are banned
|clearpoke
|poke|p1|Tyranitar, M
|poke|p1|Gastrodon, M, shiny
|poke|p1|Skarmory, F
|poke|p1|Heatran, M, shiny
|poke|p1|Venusaur, M, shiny
|poke|p1|Garchomp, M
|poke|p2|Gyarados, M
|poke|p2|Celebi
|poke|p2|Politoed, M
|poke|p2|Jirachi
|poke|p2|Kyurem-Black
|poke|p2|Tentacruel, M
|rule|Sleep Clause Mod: Limit one foe put to sleep
|rule|Species Clause: Limit one of each Pokemon
|rule|OHKO Clause: OHKO moves are banned
|rule|Moody Clause: Moody is banned
|rule|Evasion Moves Clause: Evasion moves are banned
|rule|HP Percentage Mod: HP is reported as percentages
|teampreview
|callback|decision
|
|start
|switch|p1a: Venusaur|Venusaur, M, shiny|364\/364
|switch|p2a: Politoed|Politoed, M|349\/349
|-weather|RainDance|[from] ability: Drizzle|[of] p2a: Politoed
|turn|1
|callback|decision
|
|move|p1a: Venusaur|Sleep Powder|p2a: Politoed
|-status|p2a: Politoed|slp
|cant|p2a: Politoed|slp
|
|-weather|RainDance|[upkeep]
|turn|2
|callback|decision
|
|switch|p1a: Tyranitar|Tyranitar, M|385\/385
|-weather|Sandstorm|[from] ability: Sand Stream|[of] p1a: Tyranitar
|switch|p2a: Jirachi|Jirachi|404\/404
|
|-weather|Sandstorm|[upkeep]
|turn|3
|callback|decision
|
|switch|p2a: Celebi|Celebi|404\/404
|switch|p1a: Gastrodon|Gastrodon, M, shiny|426\/426
|
|-weather|Sandstorm|[upkeep]
|-damage|p2a: Celebi|379\/404|[from] sandstorm
|-heal|p2a: Celebi|404\/404|[from] item: Leftovers
|turn|4
|callback|decision
|
|switch|p1a: Skarmory|Skarmory, F|334\/334
|move|p2a: Celebi|Stealth Rock|p1a: Skarmory
|-sidestart|p1: Mob Barley|move: Stealth Rock
|
|-weather|Sandstorm|[upkeep]
|-damage|p2a: Celebi|379\/404|[from] sandstorm
|-heal|p2a: Celebi|404\/404|[from] item: Leftovers
|turn|5
|callback|decision
|
|switch|p2a: Tentacruel|Tentacruel, M|363\/363
|move|p1a: Skarmory|Spikes|p2a: Tentacruel
|-sidestart|p2: K4rpman|Spikes
|
|-weather|Sandstorm|[upkeep]
|-damage|p2a: Tentacruel|341\/363|[from] sandstorm
|-heal|p2a: Tentacruel|363\/363|[from] item: Black Sludge
|turn|6
|callback|decision
|
|switch|p1a: Garchomp|Garchomp, M|358\/358
|-damage|p1a: Garchomp|336\/358|[from] Stealth Rock
|move|p2a: Tentacruel|Rapid Spin|p1a: Garchomp
|-damage|p1a: Garchomp|325\/358
|-damage|p2a: Tentacruel|318\/363|[from] ability: Rough Skin|[of] p1a: Garchomp
|-sideend|p2: K4rpman|Spikes|[from] move: Rapid Spin|[of] p2a: Tentacruel
|
|-weather|Sandstorm|[upkeep]
|-damage|p2a: Tentacruel|296\/363|[from] sandstorm
|-heal|p2a: Tentacruel|318\/363|[from] item: Black Sludge
|turn|7
|callback|decision
|
|switch|p1a: Skarmory|Skarmory, F|334\/334
|-damage|p1a: Skarmory|293\/334|[from] Stealth Rock
|switch|p2a: Celebi|Celebi|404\/404
|
|-weather|Sandstorm|[upkeep]
|-damage|p2a: Celebi|379\/404|[from] sandstorm
|-heal|p2a: Celebi|404\/404|[from] item: Leftovers
|-heal|p1a: Skarmory|313\/334|[from] item: Leftovers
|turn|8
|callback|decision
|
|switch|p2a: Tentacruel|Tentacruel, M|318\/363
|move|p1a: Skarmory|Brave Bird|p2a: Tentacruel
|-damage|p2a: Tentacruel|198\/363
|-damage|p1a: Skarmory|273\/334|[from] recoil|[of] p2a: Tentacruel
|
|-weather|Sandstorm|[upkeep]
|-damage|p2a: Tentacruel|176\/363|[from] sandstorm
|-heal|p2a: Tentacruel|198\/363|[from] item: Black Sludge
|-heal|p1a: Skarmory|293\/334|[from] item: Leftovers
|turn|9
|callback|decision
|
|switch|p1a: Gastrodon|Gastrodon, M, shiny|426\/426
|-damage|p1a: Gastrodon|400\/426|[from] Stealth Rock
|move|p2a: Tentacruel|Scald|p1a: Gastrodon
|-boost|p1a: Gastrodon|spa|1|[from] ability: Storm Drain
|
|-weather|Sandstorm|[upkeep]
|-damage|p2a: Tentacruel|176\/363|[from] sandstorm
|-heal|p2a: Tentacruel|198\/363|[from] item: Black Sludge
|-heal|p1a: Gastrodon|426\/426|[from] item: Leftovers
|turn|10
|callback|decision
|
|switch|p1a: Tyranitar|Tyranitar, M|385\/385
|-damage|p1a: Tyranitar|337\/385|[from] Stealth Rock
|move|p2a: Tentacruel|Toxic|p1a: Tyranitar|[miss]
|-miss|p2a: Tentacruel|p1a: Tyranitar
|
|-weather|Sandstorm|[upkeep]
|-damage|p2a: Tentacruel|176\/363|[from] sandstorm
|-heal|p2a: Tentacruel|198\/363|[from] item: Black Sludge
|turn|11
|callback|decision
|chat|Mob Barley|why
|
|move|p2a: Tentacruel|Scald|p1a: Tyranitar
|-supereffective|p1a: Tyranitar
|-damage|p1a: Tyranitar|223\/385
|-status|p1a: Tyranitar|brn
|move|p1a: Tyranitar|Crunch|p2a: Tentacruel
|-damage|p2a: Tentacruel|78\/363
|
|-weather|Sandstorm|[upkeep]
|-damage|p2a: Tentacruel|56\/363|[from] sandstorm
|-heal|p2a: Tentacruel|78\/363|[from] item: Black Sludge
|-damage|p1a: Tyranitar|175\/385 brn|[from] brn
|turn|12
|callback|decision
|
|switch|p2a: Politoed|Politoed, M|349\/349 slp
|-weather|RainDance|[from] ability: Drizzle|[of] p2a: Politoed
|switch|p1a: Gastrodon|Gastrodon, M, shiny|426\/426
|-damage|p1a: Gastrodon|400\/426|[from] Stealth Rock
|
|-weather|RainDance|[upkeep]
|-heal|p1a: Gastrodon|426\/426|[from] item: Leftovers
|turn|13
|callback|decision
|
|switch|p2a: Celebi|Celebi|404\/404
|move|p1a: Gastrodon|Earth Power|p2a: Celebi
|-resisted|p2a: Celebi
|-damage|p2a: Celebi|370\/404
|
|-weather|RainDance|[upkeep]
|-heal|p2a: Celebi|395\/404|[from] item: Leftovers
|turn|14
|callback|decision
|
|switch|p1a: Skarmory|Skarmory, F|293\/334
|-damage|p1a: Skarmory|252\/334|[from] Stealth Rock
|move|p2a: Celebi|Baton Pass|p2a: Celebi
|callback|decision
|
|switch|p2a: Tentacruel|Tentacruel, M|78\/363
|
|-weather|RainDance|[upkeep]
|-heal|p2a: Tentacruel|100\/363|[from] ability: Rain Dish
|-heal|p2a: Tentacruel|122\/363|[from] item: Black Sludge
|-heal|p1a: Skarmory|272\/334|[from] item: Leftovers
|turn|15
|callback|decision
|
|move|p2a: Tentacruel|Scald|p1a: Skarmory
|-damage|p1a: Skarmory|116\/334
|move|p1a: Skarmory|Brave Bird|p2a: Tentacruel
|-damage|p2a: Tentacruel|0 fnt
|-damage|p1a: Skarmory|76\/334|[from] recoil|[of] p2a: Tentacruel
|faint|p2a: Tentacruel
|
|-weather|RainDance|[upkeep]
|-heal|p1a: Skarmory|96\/334|[from] item: Leftovers
|callback|decision
|
|switch|p2a: Gyarados|Gyarados, M|353\/353
|turn|16
|callback|decision
|
|switch|p1a: Gastrodon|Gastrodon, M, shiny|426\/426
|-damage|p1a: Gastrodon|400\/426|[from] Stealth Rock
|move|p2a: Gyarados|Dragon Dance|p2a: Gyarados
|-boost|p2a: Gyarados|atk|1
|-boost|p2a: Gyarados|spe|1
|
|-weather|RainDance|[upkeep]
|-heal|p1a: Gastrodon|426\/426|[from] item: Leftovers
|turn|17
|callback|decision
|
|move|p2a: Gyarados|Substitute|p2a: Gyarados
|-start|p2a: Gyarados|Substitute
|-damage|p2a: Gyarados|265\/353
|move|p1a: Gastrodon|Toxic|p2a: Gyarados
|
|-weather|RainDance|[upkeep]
|-heal|p2a: Gyarados|287\/353|[from] item: Leftovers
|turn|18
|callback|decision
|chat|Mob Barley|oh god you noob
|chat|Mob Barley|no skill
|chat|K4rpman|.mad
|
|switch|p1a: Tyranitar|Tyranitar, M|175\/385 brn
|-damage|p1a: Tyranitar|127\/385 brn|[from] Stealth Rock
|-weather|Sandstorm|[from] ability: Sand Stream|[of] p1a: Tyranitar
|move|p2a: Gyarados|Dragon Dance|p2a: Gyarados
|-boost|p2a: Gyarados|atk|1
|-boost|p2a: Gyarados|spe|1
|
|-weather|Sandstorm|[upkeep]
|-damage|p2a: Gyarados|265\/353|[from] sandstorm
|-heal|p2a: Gyarados|287\/353|[from] item: Leftovers
|-damage|p1a: Tyranitar|79\/385 brn|[from] brn
|turn|19
|callback|decision
|chat|Mob Barley|w.e i just wrecked u last game scrub
|
|move|p2a: Gyarados|Waterfall|p1a: Tyranitar
|-supereffective|p1a: Tyranitar
|-damage|p1a: Tyranitar|0 fnt
|faint|p1a: Tyranitar
|-boost|p2a: Gyarados|atk|1|[from] ability: Moxie
|
|-weather|Sandstorm|[upkeep]
|-damage|p2a: Gyarados|265\/353|[from] sandstorm
|-heal|p2a: Gyarados|287\/353|[from] item: Leftovers
|callback|decision
|
|switch|p1a: Venusaur|Venusaur, M, shiny|364\/364
|-damage|p1a: Venusaur|319\/364|[from] Stealth Rock
|turn|20
|callback|decision
|chat|K4rpman|aren't you a toughie
|
|switch|p1a: Skarmory|Skarmory, F|96\/334
|-damage|p1a: Skarmory|55\/334|[from] Stealth Rock
|move|p2a: Gyarados|Bounce|p1a: Skarmory|[still]
|-prepare|p2a: Gyarados|Bounce|p1a: Skarmory
|
|-weather|Sandstorm|[upkeep]
|-damage|p2a: Gyarados|265\/353|[from] sandstorm
|-heal|p2a: Gyarados|287\/353|[from] item: Leftovers
|-heal|p1a: Skarmory|75\/334|[from] item: Leftovers
|turn|21
|callback|decision
|
|move|p2a: Gyarados|Bounce|p1a: Skarmory
|-resisted|p1a: Skarmory
|-damage|p1a: Skarmory|0 fnt
|faint|p1a: Skarmory
|-boost|p2a: Gyarados|atk|1|[from] ability: Moxie
|
|-weather|Sandstorm|[upkeep]
|-damage|p2a: Gyarados|265\/353|[from] sandstorm
|-heal|p2a: Gyarados|287\/353|[from] item: Leftovers
|callback|decision
|chat|Mob Barley|no skill
|chat|Mob Barley|takes no skill ur plays
|-message|Mob Barley forfeited.
|
|win|K4rpman
|raw|Ladder updating...
|raw|Mob Barley's rating: 2293 &rarr; <strong>2291<\/strong><br \/>(-2 for losing)
|raw|K4rpman's rating: 2354 &rarr; <strong>2365<\/strong><br \/>(+11 for winning)
|leave|Mob Barley
|player|p1