|join|K4rpman
|join|Zamrock
|player|p1|K4rpman|101
|player|p2|Zamrock|101
|gametype|singles
|tier|OU (current)
|rated
|rule|Evasion Abilities Clause: Evasion abilities are banned
|clearpoke
|poke|p1|Dragonite, F
|poke|p1|Alakazam, F
|poke|p1|Skarmory, M
|poke|p1|Magnezone
|poke|p1|Gengar, M
|poke|p1|Breloom, F
|poke|p2|Chandelure, F
|poke|p2|Scizor, M
|poke|p2|Conkeldurr, F
|poke|p2|Reuniclus, F
|poke|p2|Hydreigon, F
|poke|p2|Rotom-Wash
|rule|Sleep Clause Mod: Limit one foe put to sleep
|rule|Species Clause: Limit one of each Pokemon
|rule|OHKO Clause: OHKO moves are banned
|rule|Moody Clause: Moody is banned
|rule|Evasion Moves Clause: Evasion moves are banned
|rule|HP Percentage Mod: HP is reported as percentages
|teampreview
|callback|decision
|
|start
|switch|p1a: Skarmory|Skarmory, M|271\/271
|switch|p2a: Conkeldurr|Conkeldurr, F|383\/383
|turn|1
|callback|decision
|
|move|p1a: Skarmory|Stealth Rock|p2a: Conkeldurr
|-sidestart|p2: Zamrock|move: Stealth Rock
|move|p2a: Conkeldurr|ThunderPunch|p1a: Skarmory
|-supereffective|p1a: Skarmory
|-damage|p1a: Skarmory|6\/271
|
|turn|2
|callback|decision
|
|switch|p1a: Gengar|Gengar, M|262\/262
|move|p2a: Conkeldurr|Mach Punch|p1a: Gengar
|-immune|p1a: Gengar|[msg]
|
|turn|3
|callback|decision
|
|move|p1a: Gengar|Will-O-Wisp|p2a: Conkeldurr|[miss]
|-miss|p1a: Gengar|p2a: Conkeldurr
|move|p2a: Conkeldurr|ThunderPunch|p1a: Gengar
|-damage|p1a: Gengar|0 fnt
|faint|p1a: Gengar
|
|callback|decision
|
|switch|p1a: Breloom|Breloom, F|261\/261
|turn|4
|callback|decision
|
|switch|p2a: Chandelure|Chandelure, F|262\/262
|-damage|p2a: Chandelure|197\/262|[from] Stealth Rock
|move|p1a: Breloom|Spore|p2a: Chandelure
|-status|p2a: Chandelure|slp
|
|turn|5
|callback|decision
|
|cant|p2a: Chandelure|slp
|move|p2a: Chandelure|Sleep Talk|p2a: Chandelure
|move|p2a: Chandelure|Fire Blast|p1a: Breloom|[from]Sleep Talk
|-supereffective|p1a: Breloom
|-enditem|p1a: Breloom|Focus Sash
|-damage|p1a: Breloom|1\/261
|move|p1a: Breloom|Swords Dance|p1a: Breloom
|-boost|p1a: Breloom|atk|2
|
|turn|6
|callback|decision
|chat|K4rpman|rofl
|
|cant|p2a: Chandelure|slp
|move|p2a: Chandelure|Sleep Talk|p2a: Chandelure
|move|p2a: Chandelure|Hidden Power|p1a: Breloom|[from]Sleep Talk
|-damage|p1a: Breloom|0 fnt
|faint|p1a: Breloom
|
|callback|decision
|chat|Zamrock|I'm prepared nigga
|chat|K4rpman|counterteaming on the ladder
|chat|K4rpman|smh
|
|switch|p1a: Dragonite|Dragonite, F|324\/324
|turn|7
|callback|decision
|chat|Zamrock|brah, you beat me twice
|chat|Zamrock|how the fuck can I not prepare for that? ._.
|
|switch|p2a: Rotom|Rotom-Wash|299\/299
|-damage|p2a: Rotom|262\/299|[from] Stealth Rock
|move|p1a: Dragonite|Outrage|p2a: Rotom
|-crit|p2a: Rotom
|-damage|p2a: Rotom|0 fnt
|faint|p2a: Rotom
|
|callback|decision
|
|switch|p2a: Scizor|Scizor, M|331\/331
|-damage|p2a: Scizor|290\/331|[from] Stealth Rock
|turn|8
|callback|decision
|
|move|p1a: Dragonite|Outrage|p2a: Scizor
|-resisted|p2a: Scizor
|-damage|p2a: Scizor|106\/331
|move|p2a: Scizor|Roost|p2a: Scizor
|-heal|p2a: Scizor|272\/331
|
|-end|p1a: Dragonite|rampage
|-start|p1a: Dragonite|confusion
|turn|9
|callback|decision
|
|switch|p1a: Skarmory|Skarmory, M|6\/271
|move|p2a: Scizor|U-turn|p1a: Skarmory
|-resisted|p1a: Skarmory
|-damage|p1a: Skarmory|0 fnt
|faint|p1a: Skarmory
|callback|decision
|
|switch|p2a: Chandelure|Chandelure, F|197\/262 slp
|-damage|p2a: Chandelure|132\/262 slp|[from] Stealth Rock
|
|callback|decision
|
|switch|p1a: Alakazam|Alakazam, F|252\/252
|turn|10
|callback|decision
|
|cant|p2a: Chandelure|slp
|move|p2a: Chandelure|Sleep Talk|p2a: Chandelure
|move|p2a: Chandelure|Shadow Ball|p1a: Alakazam|[from]Sleep Talk
|-supereffective|p1a: Alakazam
|-enditem|p1a: Alakazam|Focus Sash
|-damage|p1a: Alakazam|1\/252
|-unboost|p1a: Alakazam|spd|1
|move|p1a: Alakazam|Psyshock|p2a: Chandelure
|-damage|p2a: Chandelure|0 fnt
|faint|p2a: Chandelure
|
|callback|decision
|
|switch|p2a: Conkeldurr|Conkeldurr, F|383\/383
|-damage|p2a: Conkeldurr|360\/383|[from] Stealth Rock
|turn|11
|callback|decision
|
|switch|p1a: Dragonite|Dragonite, F|324\/324
|move|p2a: Conkeldurr|Mach Punch|p1a: Dragonite
|-resisted|p1a: Dragonite
|-damage|p1a: Dragonite|295\/324
|-damage|p2a: Conkeldurr|322\/383|[from] item: Life Orb
|
|turn|12
|callback|decision
|
|move|p1a: Dragonite|Outrage|p2a: Conkeldurr
|-damage|p2a: Conkeldurr|0 fnt
|faint|p2a: Conkeldurr
|
|callback|decision
|
|switch|p2a: Scizor|Scizor, M|272\/331
|-damage|p2a: Scizor|231\/331|[from] Stealth Rock
|turn|13
|callback|decision
|
|move|p1a: Dragonite|Outrage|p2a: Scizor
|-resisted|p2a: Scizor
|-damage|p2a: Scizor|63\/331
|move|p2a: Scizor|Roost|p2a: Scizor
|-heal|p2a: Scizor|229\/331
|
|-end|p1a: Dragonite|rampage
|-start|p1a: Dragonite|confusion
|turn|14
|callback|decision
|
|switch|p1a: Magnezone|Magnezone|282\/282
|move|p2a: Scizor|U-turn|p1a: Magnezone
|-resisted|p1a: Magnezone
|-damage|p1a: Magnezone|217\/282
|callback|decision
|
|switch|p2a: Hydreigon|Hydreigon, F|325\/325
|-damage|p2a: Hydreigon|285\/325|[from] Stealth Rock
|
|-heal|p1a: Magnezone|234\/282|[from] item: Leftovers
|turn|15
|callback|decision
|
|move|p2a: Hydreigon|Tailwind|p2a: Hydreigon
|-sidestart|p2: Zamrock|move: Tailwind
|move|p1a: Magnezone|Flash Cannon|p2a: Hydreigon
|-damage|p2a: Hydreigon|132\/325
|
|-heal|p1a: Magnezone|251\/282|[from] item: Leftovers
|turn|16
|callback|decision
|
|move|p2a: Hydreigon|Fire Blast|p1a: Magnezone
|-supereffective|p1a: Magnezone
|-damage|p1a: Magnezone|0 fnt
|-damage|p2a: Hydreigon|100\/325|[from] item: Life Orb
|faint|p1a: Magnezone
|
|callback|decision
|
|switch|p1a: Dragonite|Dragonite, F|295\/324
|turn|17
|callback|decision
|
|switch|p2a: Scizor|Scizor, M|229\/331
|-damage|p2a: Scizor|188\/331|[from] Stealth Rock
|move|p1a: Dragonite|ExtremeSpeed|p2a: Scizor
|-resisted|p2a: Scizor
|-damage|p2a: Scizor|103\/331
|
|turn|18
|callback|decision
|
|move|p1a: Dragonite|ExtremeSpeed|p2a: Scizor
|-resisted|p2a: Scizor
|-damage|p2a: Scizor|20\/331
|move|p2a: Scizor|Roost|p2a: Scizor
|-heal|p2a: Scizor|186\/331
|
|-sideend|p2: Zamrock|move: Tailwind
|turn|19
|callback|decision
|
|switch|p1a: Alakazam|Alakazam, F|1\/252
|move|p2a: Scizor|Swords Dance|p2a: Scizor
|-boost|p2a: Scizor|atk|2
|
|turn|20
|callback|decision
|
|move|p2a: Scizor|Bullet Punch|p1a: Alakazam
|-damage|p1a: Alakazam|0 fnt
|faint|p1a: Alakazam
|
|callback|decision
|
|switch|p1a: Dragonite|Dragonite, F|295\/324
|turn|21
|callback|decision
|
|move|p2a: Scizor|Bullet Punch|p1a: Dragonite
|-damage|p1a: Dragonite|16\/324
|move|p1a: Dragonite|Fire Punch|p2a: Scizor
|-supereffective|p2a: Scizor
|-damage|p2a: Scizor|0 fnt
|faint|p2a: Scizor
|
|callback|decision
|
|switch|p2a: Reuniclus|Reuniclus, F|409\/409
|turn|22
|callback|decision
|
|move|p1a: Dragonite|Fire Punch|p2a: Reuniclus
|-damage|p2a: Reuniclus|225\/409
|move|p2a: Reuniclus|Psyshock|p1a: Dragonite
|-damage|p1a: Dragonite|0 fnt
|faint|p1a: Dragonite
|
|win|Zamrock
|raw|Ladder updating...
|raw|K4rpman's rating: 2399 &rarr; <strong>2336<\/strong><br \/>(-63 for losing)
|raw|Zamrock's rating: 2294 &rarr; <strong>2301<\/strong><br \/>(+7 for winning)
|leave|K4rpman
|player|p1