|join|Climbatize
|join|K4rpman
|player|p1|Climbatize|30
|player|p2|K4rpman|265
|gametype|singles
|tier|Pokebank OU (beta)
|rated
|rule|Evasion Abilities Clause: Evasion abilities are banned
|clearpoke
|poke|p1|Azumarill, M
|poke|p1|Volcarona, F
|poke|p1|Ferrothorn, F
|poke|p1|Kangaskhan, F
|poke|p1|Hydreigon, M
|poke|p1|Rhyperior, M
|poke|p2|Kangaskhan, F
|poke|p2|Breloom, M
|poke|p2|Blaziken, M
|poke|p2|Rotom-Wash
|poke|p2|Scizor, M
|poke|p2|Landorus-Therian, M
|rule|Sleep Clause Mod: Limit one foe put to sleep
|rule|Species Clause: Limit one of each Pokemon
|rule|Moody Clause: Moody is banned
|rule|OHKO Clause: OHKO moves are banned
|rule|Evasion Moves Clause: Evasion moves are banned
|rule|HP Percentage Mod: HP is reported as percentages
|teampreview
|callback|decision
|
|start
|switch|p1a: Hydreigon|Hydreigon, M|326\/326
|switch|p2a: Breloom|Breloom, M|261\/261
|turn|1
|callback|decision
|
|switch|p1a: Volcarona|Volcarona, F|371\/371
|move|p2a: Breloom|Mach Punch|p1a: Volcarona
|-resisted|p1a: Volcarona
|-damage|p1a: Volcarona|310\/371
|
|-heal|p1a: Volcarona|333\/371|[from] item: Leftovers
|turn|2
|callback|decision
|
|move|p1a: Volcarona|Fiery Dance|p2a: Breloom
|-supereffective|p2a: Breloom
|-enditem|p2a: Breloom|Focus Sash
|-damage|p2a: Breloom|1\/261
|move|p2a: Breloom|Rock Tomb|p1a: Volcarona
|-supereffective|p1a: Volcarona
|-damage|p1a: Volcarona|0 fnt
|faint|p1a: Volcarona
|
|callback|decision
|chat|Climbatize|noob
|chat|K4rpman|get fucked
|chat|Climbatize|your garbage
|chat|Climbatize|people who use sash
|chat|Climbatize|are trash
|chat|K4rpman|lol
|
|switch|p1a: Kangaskhan|Kangaskhan, F|351\/351
|turn|3
|callback|decision
|
|-formechange|p1a: Kangaskhan|Kangaskhan-Mega
|message|Kangaskhan has Mega Evolved into Mega Kangaskhan!
|move|p1a: Kangaskhan|Fake Out|p2a: Breloom
|-damage|p2a: Breloom|0 fnt
|-hitcount|p2a: Breloom|1
|faint|p2a: Breloom
|
|callback|decision
|chat|K4rpman|fake out kanga is bad .-.
|
|switch|p2a: Landorus-Therian|Landorus-Therian, M|381\/381
|-ability|p2a: Landorus-Therian|Intimidate|[of] p1a: Kangaskhan
|-unboost|p1a: Kangaskhan|atk|1
|turn|4
|callback|decision
|
|switch|p1a: Ferrothorn|Ferrothorn, F|352\/352
|move|p2a: Landorus-Therian|Stealth Rock|p1a: Ferrothorn
|-sidestart|p1: Climbatize|move: Stealth Rock
|
|turn|5
|callback|decision
|
|switch|p2a: Blaziken|Blaziken, M|301\/301
|move|p1a: Ferrothorn|Spikes|p2a: Blaziken
|-sidestart|p2: K4rpman|Spikes
|
|turn|6
|callback|decision
|
|switch|p1a: Rhyperior|Rhyperior, M|434\/434
|-damage|p1a: Rhyperior|407\/434|[from] Stealth Rock
|move|p2a: Blaziken|Flare Blitz|p1a: Rhyperior
|-resisted|p1a: Rhyperior
|-damage|p1a: Rhyperior|327\/434
|-damage|p2a: Blaziken|275\/301|[from] recoil|[of] p1a: Rhyperior
|
|-heal|p2a: Blaziken|293\/301|[from] item: Leftovers
|-heal|p1a: Rhyperior|354\/434|[from] item: Leftovers
|-boost|p2a: Blaziken|spe|1|[from] ability: Speed Boost
|turn|7
|callback|decision
|
|move|p2a: Blaziken|Baton Pass|p2a: Blaziken
|callback|decision
|
|switch|p2a: Landorus-Therian|Landorus-Therian, M|381\/381
|-ability|p2a: Landorus-Therian|Intimidate|[of] p1a: Rhyperior
|-unboost|p1a: Rhyperior|atk|1
|move|p1a: Rhyperior|Earthquake|p2a: Landorus-Therian
|-immune|p2a: Landorus-Therian|[msg]
|
|-heal|p1a: Rhyperior|381\/434|[from] item: Leftovers
|turn|8
|callback|decision
|chat|Climbatize|ew so bad running ubers
|
|switch|p1a: Ferrothorn|Ferrothorn, F|352\/352
|-damage|p1a: Ferrothorn|330\/352|[from] Stealth Rock
|move|p2a: Landorus-Therian|Earthquake|p1a: Ferrothorn
|-damage|p1a: Ferrothorn|239\/352
|
|-heal|p1a: Ferrothorn|261\/352|[from] item: Leftovers
|turn|9
|callback|decision
|chat|K4rpman|ur garbo
|chat|K4rpman|straight from the trash can
|chat|Climbatize|im 4th on the ladder
|chat|Climbatize|dumbass retard
|chat|Climbatize|where are you on the ladder
|chat|Climbatize|nowhere, you nobody
|chat|K4rpman|up ur rump
|
|move|p2a: Landorus-Therian|Earthquake|p1a: Ferrothorn
|-damage|p1a: Ferrothorn|170\/352
|move|p1a: Ferrothorn|Leech Seed|p2a: Landorus-Therian
|-start|p2a: Landorus-Therian|move: Leech Seed
|
|-heal|p1a: Ferrothorn|192\/352|[from] item: Leftovers
|-damage|p2a: Landorus-Therian|334\/381|[from] Leech Seed|[of] p1a: Ferrothorn
|-heal|p1a: Ferrothorn|239\/352|[silent]
|turn|10
|callback|decision
|chat|Climbatize|good come back
|
|switch|p2a: Scizor|Scizor, M|343\/343
|-damage|p2a: Scizor|301\/343|[from] Spikes
|move|p1a: Ferrothorn|Leech Seed|p2a: Scizor|[miss]
|-miss|p1a: Ferrothorn|p2a: Scizor
|
|-heal|p1a: Ferrothorn|261\/352|[from] item: Leftovers
|turn|11
|callback|decision
|chat|K4rpman|did you go 2-1 in wcop?
|
|switch|p1a: Azumarill|Azumarill, M|404\/404
|-damage|p1a: Azumarill|354\/404|[from] Stealth Rock
|move|p2a: Scizor|Superpower|p1a: Azumarill
|-resisted|p1a: Azumarill
|-damage|p1a: Azumarill|210\/404
|-unboost|p2a: Scizor|atk|1
|-unboost|p2a: Scizor|def|1
|
|turn|12
|callback|decision
|
|switch|p2a: Rotom-Wash|Rotom-Wash|304\/304
|move|p1a: Azumarill|Play Rough|p2a: Rotom-Wash
|-damage|p2a: Rotom-Wash|117\/304
|
|turn|13
|callback|decision
|
|switch|p1a: Ferrothorn|Ferrothorn, F|261\/352
|-damage|p1a: Ferrothorn|239\/352|[from] Stealth Rock
|move|p2a: Rotom-Wash|Will-O-Wisp|p1a: Ferrothorn
|-status|p1a: Ferrothorn|brn
|
|-heal|p1a: Ferrothorn|261\/352 brn|[from] item: Leftovers
|-damage|p1a: Ferrothorn|217\/352 brn|[from] brn
|turn|14
|callback|decision
|
|move|p2a: Rotom-Wash|Rest|p2a: Rotom-Wash
|-status|p2a: Rotom-Wash|slp
|-heal|p2a: Rotom-Wash|304\/304 slp|[silent]
|-status|p2a: Rotom-Wash|slp|[from] move: Rest
|-enditem|p2a: Rotom-Wash|Chesto Berry|[eat]
|-curestatus|p2a: Rotom-Wash|slp
|move|p1a: Ferrothorn|Leech Seed|p2a: Rotom-Wash
|-start|p2a: Rotom-Wash|move: Leech Seed
|
|-heal|p1a: Ferrothorn|239\/352 brn|[from] item: Leftovers
|-damage|p2a: Rotom-Wash|266\/304|[from] Leech Seed|[of] p1a: Ferrothorn
|-heal|p1a: Ferrothorn|277\/352 brn|[silent]
|-damage|p1a: Ferrothorn|233\/352 brn|[from] brn
|turn|15
|callback|decision
|
|move|p2a: Rotom-Wash|Volt Switch|p1a: Ferrothorn
|-resisted|p1a: Ferrothorn
|-damage|p1a: Ferrothorn|192\/352 brn
|callback|decision
|
|switch|p2a: Blaziken|Blaziken, M|293\/301
|-damage|p2a: Blaziken|256\/301|[from] Spikes
|move|p1a: Ferrothorn|Leech Seed|p2a: Blaziken
|-start|p2a: Blaziken|move: Leech Seed
|
|-heal|p2a: Blaziken|274\/301|[from] item: Leftovers
|-heal|p1a: Ferrothorn|214\/352 brn|[from] item: Leftovers
|-damage|p2a: Blaziken|237\/301|[from] Leech Seed|[of] p1a: Ferrothorn
|-heal|p1a: Ferrothorn|251\/352 brn|[silent]
|-damage|p1a: Ferrothorn|207\/352 brn|[from] brn
|turn|16
|callback|decision
|
|switch|p1a: Azumarill|Azumarill, M|210\/404
|-damage|p1a: Azumarill|160\/404|[from] Stealth Rock
|move|p2a: Blaziken|High Jump Kick|p1a: Azumarill
|-resisted|p1a: Azumarill
|-damage|p1a: Azumarill|16\/404
|
|-heal|p2a: Blaziken|255\/301|[from] item: Leftovers
|-damage|p2a: Blaziken|218\/301|[from] Leech Seed|[of] p1a: Azumarill
|-heal|p1a: Azumarill|53\/404|[silent]
|-boost|p2a: Blaziken|spe|1|[from] ability: Speed Boost
|turn|17
|callback|decision
|
|switch|p2a: Rotom-Wash|Rotom-Wash|266\/304
|move|p1a: Azumarill|Aqua Jet|p2a: Rotom-Wash
|-resisted|p2a: Rotom-Wash
|-damage|p2a: Rotom-Wash|220\/304
|
|turn|18
|callback|decision
|
|switch|p1a: Rhyperior|Rhyperior, M|381\/434
|-damage|p1a: Rhyperior|354\/434|[from] Stealth Rock
|move|p2a: Rotom-Wash|Volt Switch|p1a: Rhyperior
|-immune|p1a: Rhyperior|[msg]
|
|-heal|p1a: Rhyperior|381\/434|[from] item: Leftovers
|turn|19
|callback|decision
|
|switch|p1a: Hydreigon|Hydreigon, M|326\/326
|-damage|p1a: Hydreigon|286\/326|[from] Stealth Rock
|move|p2a: Rotom-Wash|Hydro Pump|p1a: Hydreigon
|-resisted|p1a: Hydreigon
|-damage|p1a: Hydreigon|214\/326
|
|-heal|p1a: Hydreigon|234\/326|[from] item: Leftovers
|turn|20
|callback|decision
|
|switch|p2a: Landorus-Therian|Landorus-Therian, M|334\/381
|-ability|p2a: Landorus-Therian|Intimidate|[of] p1a: Hydreigon
|-unboost|p1a: Hydreigon|atk|1
|move|p1a: Hydreigon|Substitute|p1a: Hydreigon
|-start|p1a: Hydreigon|Substitute
|-damage|p1a: Hydreigon|153\/326
|
|-heal|p1a: Hydreigon|173\/326|[from] item: Leftovers
|-heal|p2a: Landorus-Therian|357\/381|[from] item: Leftovers
|turn|21
|callback|decision
|
|move|p1a: Hydreigon|Dark Pulse|p2a: Landorus-Therian
|-damage|p2a: Landorus-Therian|185\/381
|move|p2a: Landorus-Therian|U-turn|p1a: Hydreigon
|-supereffective|p1a: Hydreigon
|-end|p1a: Hydreigon|Substitute
|callback|decision
|chat|Climbatize|special defensive landorous
|
|switch|p2a: Scizor|Scizor, M|301\/343
|-damage|p2a: Scizor|259\/343|[from] Spikes
|
|-heal|p1a: Hydreigon|193\/326|[from] item: Leftovers
|turn|22
|callback|decision
|chat|Climbatize|retarded
|chat|K4rpman|lol
|chat|K4rpman|its actually not
|chat|K4rpman|ur just bad
|
|switch|p1a: Ferrothorn|Ferrothorn, F|207\/352 brn
|-damage|p1a: Ferrothorn|185\/352 brn|[from] Stealth Rock
|move|p2a: Scizor|Bullet Punch|p1a: Ferrothorn
|-resisted|p1a: Ferrothorn
|-damage|p1a: Ferrothorn|129\/352 brn
|-damage|p2a: Scizor|217\/343|[from] ability: Iron Barbs|[of] p1a: Ferrothorn
|
|-heal|p1a: Ferrothorn|151\/352 brn|[from] item: Leftovers
|-damage|p1a: Ferrothorn|107\/352 brn|[from] brn
|turn|23
|callback|decision
|chat|Climbatize|again noob
|chat|Climbatize|im4th on the lader
|chat|K4rpman|ye, ik
|chat|Climbatize|and you are a nobody rookie
|chat|Climbatize|with a bunch of awful sets
|
|switch|p2a: Blaziken|Blaziken, M|218\/301
|-damage|p2a: Blaziken|181\/301|[from] Spikes
|move|p1a: Ferrothorn|Leech Seed|p2a: Blaziken|[miss]
|-miss|p1a: Ferrothorn|p2a: Blaziken
|
|-heal|p2a: Blaziken|199\/301|[from] item: Leftovers
|-heal|p1a: Ferrothorn|129\/352 brn|[from] item: Leftovers
|-damage|p1a: Ferrothorn|85\/352 brn|[from] brn
|turn|24
|callback|decision
|chat|Climbatize|and with a ton of hax
|
|move|p2a: Blaziken|Flare Blitz|p1a: Ferrothorn
|-supereffective|p1a: Ferrothorn
|-damage|p1a: Ferrothorn|0 fnt
|-damage|p2a: Blaziken|171\/301|[from] recoil|[of] p1a: Ferrothorn
|-damage|p2a: Blaziken|134\/301|[from] ability: Iron Barbs|[of] p1a: Ferrothorn
|faint|p1a: Ferrothorn
|
|-heal|p2a: Blaziken|152\/301|[from] item: Leftovers
|-boost|p2a: Blaziken|spe|1|[from] ability: Speed Boost
|callback|decision
|chat|K4rpman|yea, if that leech seed hit id be done for
|
|switch|p1a: Kangaskhan|Kangaskhan, F|351\/351
|-formechange|p1a: Kangaskhan|Kangaskhan-Mega
|-damage|p1a: Kangaskhan|308\/351|[from] Stealth Rock
|turn|25
|callback|decision
|chat|Climbatize|a lot weaker
|chat|K4rpman|might have ohko'd my blaziken
|chat|Climbatize|twice
|chat|Climbatize|retard
|
|move|p2a: Blaziken|Protect|p2a: Blaziken
|-singleturn|p2a: Blaziken|Protect
|move|p1a: Kangaskhan|Fake Out|p2a: Blaziken
|-activate|p2a: Blaziken|Protect
|
|-heal|p2a: Blaziken|170\/301|[from] item: Leftovers
|-boost|p2a: Blaziken|spe|1|[from] ability: Speed Boost
|turn|26
|callback|decision
|chat|Climbatize|so bad
|chat|K4rpman|smarmy oaf
|
|switch|p1a: Rhyperior|Rhyperior, M|381\/434
|-damage|p1a: Rhyperior|354\/434|[from] Stealth Rock
|move|p2a: Blaziken|High Jump Kick|p1a: Rhyperior
|-supereffective|p1a: Rhyperior
|-damage|p1a: Rhyperior|57\/434
|
|-heal|p2a: Blaziken|188\/301|[from] item: Leftovers
|-heal|p1a: Rhyperior|84\/434|[from] item: Leftovers
|-boost|p2a: Blaziken|spe|1|[from] ability: Speed Boost
|turn|27
|callback|decision
|chat|Climbatize|u run wubers
|chat|Climbatize|ubers
|chat|Climbatize|like a fag
|
|move|p2a: Blaziken|High Jump Kick|p1a: Rhyperior
|-supereffective|p1a: Rhyperior
|-damage|p1a: Rhyperior|0 fnt
|faint|p1a: Rhyperior
|
|-heal|p2a: Blaziken|206\/301|[from] item: Leftovers
|-boost|p2a: Blaziken|spe|1|[from] ability: Speed Boost
|callback|decision
|chat|K4rpman|ye
|chat|K4rpman|get demolished chimp
|
|switch|p1a: Azumarill|Azumarill, M|53\/404
|-damage|p1a: Azumarill|3\/404|[from] Stealth Rock
|turn|28
|callback|decision
|chat|Climbatize|your trash
|chat|K4rpman|we have already established this .-.
|chat|Climbatize|18-5
|chat|Climbatize|and u think ur good LOL
|chat|Climbatize|fucking nobody
|
|switch|p2a: Rotom-Wash|Rotom-Wash|220\/304
|move|p1a: Azumarill|Aqua Jet|p2a: Rotom-Wash
|-resisted|p2a: Rotom-Wash
|-damage|p2a: Rotom-Wash|173\/304
|
|turn|29
|callback|decision
|chat|K4rpman|you never answered my question
|
|move|p1a: Azumarill|Aqua Jet|p2a: Rotom-Wash
|-resisted|p2a: Rotom-Wash
|-damage|p2a: Rotom-Wash|131\/304
|move|p2a: Rotom-Wash|Volt Switch|p1a: Azumarill
|-supereffective|p1a: Azumarill
|-damage|p1a: Azumarill|0 fnt
|faint|p1a: Azumarill
|callback|decision
|
|switch|p2a: Blaziken|Blaziken, M|206\/301
|-damage|p2a: Blaziken|169\/301|[from] Spikes
|
|-heal|p2a: Blaziken|187\/301|[from] item: Leftovers
|callback|decision
|
|switch|p1a: Hydreigon|Hydreigon, M|193\/326
|-damage|p1a: Hydreigon|153\/326|[from] Stealth Rock
|turn|30
|callback|decision
|
|move|p1a: Hydreigon|Focus Blast|p2a: Blaziken
|-damage|p2a: Blaziken|0 fnt
|faint|p2a: Blaziken
|
|-heal|p1a: Hydreigon|173\/326|[from] item: Leftovers
|callback|decision
|chat|Climbatize|good prediction idiot
|
|switch|p2a: Scizor|Scizor, M|217\/343
|-damage|p2a: Scizor|175\/343|[from] Spikes
|turn|31
|callback|decision
|chat|K4rpman|i still win anyway .-.
|chat|K4rpman|bc uh, u bad?
|
|move|p2a: Scizor|Bullet Punch|p1a: Hydreigon
|-crit|p1a: Hydreigon
|-damage|p1a: Hydreigon|0 fnt
|faint|p1a: Hydreigon
|
|callback|decision
|chat|Climbatize|you got hax
|chat|Climbatize|whole game
|chat|Climbatize|and u brag
|chat|Climbatize|thats how i know your shit
|
|switch|p1a: Kangaskhan|Kangaskhan, F|308\/351
|-formechange|p1a: Kangaskhan|Kangaskhan-Mega
|-damage|p1a: Kangaskhan|265\/351|[from] Stealth Rock
|turn|32
|callback|decision
|
|move|p2a: Scizor|Bullet Punch|p1a: Kangaskhan
|-damage|p1a: Kangaskhan|87\/351
|move|p1a: Kangaskhan|Power-Up Punch|p2a: Scizor
|-damage|p2a: Scizor|120\/343
|-boost|p1a: Kangaskhan|atk|1
|-damage|p2a: Scizor|81\/343
|-boost|p1a: Kangaskhan|atk|1
|-hitcount|p2a: Scizor|2
|
|turn|33
|callback|decision
|chat|K4rpman|ur an oaf
|chat|Climbatize|you think tats a cool insult to use ^
|chat|Climbatize|dumb fag
|
|move|p1a: Kangaskhan|Sucker Punch|p2a: Scizor
|-damage|p2a: Scizor|0 fnt
|-hitcount|p2a: Scizor|1
|faint|p2a: Scizor
|
|callback|decision
|chat|K4rpman|ye
|
|switch|p2a: Landorus-Therian|Landorus-Therian, M|185\/381
|-ability|p2a: Landorus-Therian|Intimidate|[of] p1a: Kangaskhan
|-unboost|p1a: Kangaskhan|atk|1
|turn|34
|callback|decision
|
|switch|p2a: Rotom-Wash|Rotom-Wash|131\/304
|move|p1a: Kangaskhan|Return|p2a: Rotom-Wash
|-damage|p2a: Rotom-Wash|0 fnt
|-hitcount|p2a: Rotom-Wash|1
|faint|p2a: Rotom-Wash
|
|callback|decision
|chat|Climbatize|aww
|
|switch|p2a: Landorus-Therian|Landorus-Therian, M|185\/381
|-ability|p2a: Landorus-Therian|Intimidate|[of] p1a: Kangaskhan
|-unboost|p1a: Kangaskhan|atk|1
|turn|35
|callback|decision
|chat|Climbatize|intimidate shuffling
|chat|Climbatize|garbage ass noob
|
|move|p1a: Kangaskhan|Return|p2a: Landorus-Therian
|-damage|p2a: Landorus-Therian|4\/381
|-damage|p2a: Landorus-Therian|0 fnt
|-hitcount|p2a: Landorus-Therian|2
|faint|p2a: Landorus-Therian
|
|callback|decision
|chat|K4rpman|i know, im so good
|
|switch|p2a: Kangaskhan|Kangaskhan, F|351\/351
|-damage|p2a: Kangaskhan|308\/351|[from] Spikes
|turn|36
|callback|decision
|chat|Climbatize|your a trash nobody
|
|-formechange|p2a: Kangaskhan|Kangaskhan-Mega
|message|Kangaskhan has Mega Evolved into Mega Kangaskhan!
|move|p1a: Kangaskhan|Sucker Punch|p2a: Kangaskhan
|-damage|p2a: Kangaskhan|198\/351
|-damage|p2a: Kangaskhan|148\/351
|-hitcount|p2a: Kangaskhan|2
|move|p2a: Kangaskhan|Earthquake|p1a: Kangaskhan
|-damage|p1a: Kangaskhan|0 fnt
|faint|p1a: Kangaskhan
|
|win|K4rpman
|raw|Ladder updating...
|raw|Climbatize's rating: 2112 &rarr; <strong>2102<\/strong><br \/>(-10 for losing)
|raw|K4rpman's rating: 1846 &rarr; <strong>1875<\/strong><br \/>(+29 for winning)
|chat|K4rpman|gg noob
|leave|Climbatize
|player|p1