|join|K4rpman
|join|OkayThen
|player|p1|K4rpman|1
|player|p2|OkayThen|151
|gametype|singles
|tier|Pokebank OU (beta)
|rated
|rule|Evasion Abilities Clause: Evasion abilities are banned
|clearpoke
|poke|p1|Pinsir, F
|poke|p1|Rotom-Wash
|poke|p1|Hippowdon, M
|poke|p1|Aegislash, F
|poke|p1|Mandibuzz, F
|poke|p1|Azumarill, F
|poke|p2|Magnezone
|poke|p2|Tyranitar, F
|poke|p2|Latios, M
|poke|p2|Garchomp, F
|poke|p2|Talonflame, F
|poke|p2|Lucario, F
|rule|Sleep Clause Mod: Limit one foe put to sleep
|rule|Species Clause: Limit one of each Pokemon
|rule|Moody Clause: Moody is banned
|rule|OHKO Clause: OHKO moves are banned
|rule|Evasion Moves Clause: Evasion moves are banned
|rule|HP Percentage Mod: HP is reported as percentages
|teampreview
|callback|decision
|
|start
|switch|p1a: Aegislash|Aegislash, F|261\/261
|switch|p2a: Talonflame|Talonflame, F|297\/297
|turn|1
|callback|decision
|
|move|p2a: Talonflame|Swords Dance|p2a: Talonflame
|-boost|p2a: Talonflame|atk|2
|-formechange|p1a: Aegislash|Aegislash-Blade
|move|p1a: Aegislash|Shadow Ball|p2a: Talonflame
|-damage|p2a: Talonflame|0 fnt
|faint|p2a: Talonflame
|
|callback|decision
|
|switch|p2a: Magnezone|Magnezone|281\/281
|turn|2
|callback|decision
|
|move|p2a: Magnezone|Thunderbolt|p1a: Aegislash
|-damage|p1a: Aegislash|3\/261
|move|p1a: Aegislash|Sacred Sword|p2a: Magnezone
|-supereffective|p2a: Magnezone
|-damage|p2a: Magnezone|75\/281
|
|-heal|p2a: Magnezone|92\/281|[from] item: Leftovers
|turn|3
|callback|decision
|
|move|p1a: Aegislash|Shadow Sneak|p2a: Magnezone
|-damage|p2a: Magnezone|2\/281
|move|p2a: Magnezone|Thunderbolt|p1a: Aegislash
|-damage|p1a: Aegislash|0 fnt
|faint|p1a: Aegislash
|
|-heal|p2a: Magnezone|19\/281|[from] item: Leftovers
|callback|decision
|
|switch|p1a: Azumarill|Azumarill, F|404\/404
|turn|4
|callback|decision
|
|move|p1a: Azumarill|Aqua Jet|p2a: Magnezone
|-damage|p2a: Magnezone|0 fnt
|faint|p2a: Magnezone
|
|callback|decision
|
|switch|p2a: Lucario|Lucario, F|281\/281
|turn|5
|callback|decision
|
|-formechange|p2a: Lucario|Lucario-Mega
|message|Lucario has Mega Evolved into Mega Lucario!
|move|p2a: Lucario|Close Combat|p1a: Azumarill
|-resisted|p1a: Azumarill
|-damage|p1a: Azumarill|210\/404
|-unboost|p2a: Lucario|def|1
|-unboost|p2a: Lucario|spd|1
|move|p1a: Azumarill|Substitute|p1a: Azumarill
|-start|p1a: Azumarill|Substitute
|-damage|p1a: Azumarill|109\/404
|
|-heal|p1a: Azumarill|134\/404|[from] item: Leftovers
|turn|6
|callback|decision
|
|-singleturn|p1a: Azumarill|move: Focus Punch
|move|p2a: Lucario|Close Combat|p1a: Azumarill
|-resisted|p1a: Azumarill
|-end|p1a: Azumarill|Substitute
|-unboost|p2a: Lucario|def|1
|-unboost|p2a: Lucario|spd|1
|move|p1a: Azumarill|Focus Punch|p2a: Lucario
|-supereffective|p2a: Lucario
|-damage|p2a: Lucario|0 fnt
|faint|p2a: Lucario
|
|-heal|p1a: Azumarill|159\/404|[from] item: Leftovers
|callback|decision
|
|switch|p2a: Latios|Latios, M|301\/301
|turn|7
|callback|decision
|
|move|p2a: Latios|Thunderbolt|p1a: Azumarill
|-crit|p1a: Azumarill
|-supereffective|p1a: Azumarill
|-damage|p1a: Azumarill|0 fnt
|faint|p1a: Azumarill
|
|callback|decision
|
|switch|p1a: Hippowdon|Hippowdon, M|420\/420
|-weather|Sandstorm
|turn|8
|callback|decision
|
|switch|p2a: Garchomp|Garchomp, F|357\/357
|move|p1a: Hippowdon|Stealth Rock|p2a: Garchomp
|-sidestart|p2: OkayThen|move: Stealth Rock
|
|-weather|Sandstorm|[upkeep]
|turn|9
|callback|decision
|
|move|p2a: Garchomp|Substitute|p2a: Garchomp
|-start|p2a: Garchomp|Substitute
|-damage|p2a: Garchomp|268\/357
|move|p1a: Hippowdon|Earthquake|p2a: Garchomp
|-end|p2a: Garchomp|Substitute
|
|-weather|Sandstorm|[upkeep]
|-heal|p2a: Garchomp|290\/357|[from] item: Leftovers
|turn|10
|callback|decision
|
|switch|p2a: Latios|Latios, M|301\/301
|-damage|p2a: Latios|264\/301|[from] Stealth Rock
|move|p1a: Hippowdon|Whirlwind|p2a: Latios
|drag|p2a: Tyranitar|Tyranitar, F|341\/341
|-damage|p2a: Tyranitar|299\/341|[from] Stealth Rock
|
|-weather|Sandstorm|[upkeep]
|-heal|p2a: Tyranitar|320\/341|[from] item: Leftovers
|turn|11
|callback|decision
|
|move|p2a: Tyranitar|Stealth Rock|p1a: Hippowdon
|-sidestart|p1: K4rpman|move: Stealth Rock
|move|p1a: Hippowdon|Whirlwind|p2a: Tyranitar
|drag|p2a: Latios|Latios, M|264\/301
|-damage|p2a: Latios|227\/301|[from] Stealth Rock
|
|-weather|Sandstorm|[upkeep]
|-damage|p2a: Latios|209\/301|[from] sandstorm
|turn|12
|callback|decision
|
|move|p2a: Latios|Draco Meteor|p1a: Hippowdon|[miss]
|-miss|p2a: Latios|p1a: Hippowdon
|move|p1a: Hippowdon|Slack Off|p1a: Hippowdon
|-fail|p1a: Hippowdon
|
|-weather|none
|turn|13
|callback|decision
|
|move|p2a: Latios|Draco Meteor|p1a: Hippowdon
|-damage|p1a: Hippowdon|0 fnt
|-unboost|p2a: Latios|spa|2
|faint|p1a: Hippowdon
|
|callback|decision
|
|switch|p1a: Mandibuzz|Mandibuzz, F|423\/423
|-damage|p1a: Mandibuzz|318\/423|[from] Stealth Rock
|turn|14
|callback|decision
|
|switch|p2a: Tyranitar|Tyranitar, F|320\/341
|-damage|p2a: Tyranitar|278\/341|[from] Stealth Rock
|-weather|Sandstorm
|move|p1a: Mandibuzz|Toxic|p2a: Tyranitar
|-status|p2a: Tyranitar|tox
|
|-weather|Sandstorm|[upkeep]
|-heal|p2a: Tyranitar|299\/341 tox|[from] item: Leftovers
|-heal|p1a: Mandibuzz|344\/423|[from] item: Leftovers
|-damage|p2a: Tyranitar|278\/341 tox|[from] psn
|turn|15
|callback|decision
|
|move|p2a: Tyranitar|Stone Edge|p1a: Mandibuzz
|-supereffective|p1a: Mandibuzz
|-damage|p1a: Mandibuzz|0 fnt
|faint|p1a: Mandibuzz
|
|-weather|Sandstorm|[upkeep]
|-heal|p2a: Tyranitar|299\/341 tox|[from] item: Leftovers
|-damage|p2a: Tyranitar|257\/341 tox|[from] psn
|callback|decision
|
|switch|p1a: Pinsir|Pinsir, F|271\/271
|-damage|p1a: Pinsir|204\/271|[from] Stealth Rock
|turn|16
|callback|decision
|
|-formechange|p1a: Pinsir|Pinsir-Mega
|message|Pinsir has Mega Evolved into Mega Pinsir!
|move|p1a: Pinsir|Earthquake|p2a: Tyranitar
|-supereffective|p2a: Tyranitar
|-damage|p2a: Tyranitar|7\/341 tox
|move|p2a: Tyranitar|Stone Edge|p1a: Pinsir
|-supereffective|p1a: Pinsir
|-damage|p1a: Pinsir|0 fnt
|faint|p1a: Pinsir
|
|-weather|Sandstorm|[upkeep]
|-heal|p2a: Tyranitar|28\/341 tox|[from] item: Leftovers
|-damage|p2a: Tyranitar|0 fnt|[from] psn
|faint|p2a: Tyranitar
|callback|decision
|
|switch|p2a: Latios|Latios, M|209\/301
|-damage|p2a: Latios|172\/301|[from] Stealth Rock
|switch|p1a: Rotom-Wash|Rotom-Wash|304\/304
|-damage|p1a: Rotom-Wash|266\/304|[from] Stealth Rock
|turn|17
|callback|decision
|
|move|p2a: Latios|Draco Meteor|p1a: Rotom-Wash
|-damage|p1a: Rotom-Wash|0 fnt
|-unboost|p2a: Latios|spa|2
|faint|p1a: Rotom-Wash
|
|win|OkayThen
|raw|Ladder updating...
|raw|K4rpman's rating: 1793 &rarr; <strong>1766<\/strong><br \/>(-27 for losing)
|raw|OkayThen's rating: 1789 &rarr; <strong>1801<\/strong><br \/>(+12 for winning)
|chat|OkayThen|gg
|leave|K4rpman
|player|p1