|join|gran chelin
|join|TARJA TURUNEN
|player|p1|gran chelin|164
|player|p2|TARJA TURUNEN|260
|gametype|singles
|gen|6
|tier|OU
|rated
|clearpoke
|poke|p1|Terrakion
|poke|p1|Keldeo-Resolute, shiny
|poke|p1|Gardevoir, F, shiny
|poke|p1|Diggersby, F, shiny
|poke|p1|Thundurus, M, shiny
|poke|p1|Dragonite, M
|poke|p2|Jirachi
|poke|p2|Manectric, F
|poke|p2|Talonflame, M, shiny
|poke|p2|Rotom-Wash, shiny
|poke|p2|Landorus-Therian, M
|poke|p2|Greninja, F, shiny
|rule|Swagger Clause: Swagger is banned
|rule|Baton Pass Clause: Limit one PokÃ©mon knowing Baton Pass
|rule|Sleep Clause Mod: Limit one foe put to sleep
|rule|Species Clause: Limit one of each PokÃ©mon
|rule|OHKO Clause: OHKO moves are banned
|rule|Moody Clause: Moody is banned
|rule|Evasion Moves Clause: Evasion moves are banned
|rule|Endless Battle Clause: Forcing endless battles is banned
|rule|HP Percentage Mod: HP is shown in percentages
|teampreview
|
|start
|switch|p1a: (â­â Í¡ Í¡Â° Í Í¡Í¡Â°)â­â|Terrakion|324\/324
|switch|p2a: Jirachi|Jirachi|341\/341
|turn|1
|
|move|p2a: Jirachi|Iron Head|p1a: (â­â Í¡ Í¡Â° Í Í¡Í¡Â°)â­â
|-supereffective|p1a: (â­â Í¡ Í¡Â° Í Í¡Í¡Â°)â­â
|-damage|p1a: (â­â Í¡ Í¡Â° Í Í¡Í¡Â°)â­â|42\/324
|cant|p1a: (â­â Í¡ Í¡Â° Í Í¡Í¡Â°)â­â|flinch
|
|turn|2
|
|switch|p1a: (â­â Í¡ Í¡Â° Í Í¡Í¡Â°)â­â|Dragonite, M|324\/324
|move|p2a: Jirachi|Iron Head|p1a: (â­â Í¡ Í¡Â° Í Í¡Í¡Â°)â­â
|-damage|p1a: (â­â Í¡ Í¡Â° Í Í¡Í¡Â°)â­â|267\/324
|
|turn|3
|
|switch|p2a: Landorus-Therian|Landorus-Therian, M|319\/319
|-ability|p2a: Landorus-Therian|Intimidate|[of] p1a: (â­â Í¡ Í¡Â° Í Í¡Í¡Â°)â­â
|-unboost|p1a: (â­â Í¡ Í¡Â° Í Í¡Í¡Â°)â­â|atk|1
|move|p1a: (â­â Í¡ Í¡Â° Í Í¡Í¡Â°)â­â|Dragon Dance|p1a: (â­â Í¡ Í¡Â° Í Í¡Í¡Â°)â­â
|-boost|p1a: (â­â Í¡ Í¡Â° Í Í¡Í¡Â°)â­â|atk|1
|-boost|p1a: (â­â Í¡ Í¡Â° Í Í¡Í¡Â°)â­â|spe|1
|
|turn|4
|
|move|p1a: (â­â Í¡ Í¡Â° Í Í¡Í¡Â°)â­â|Dragon Claw|p2a: Landorus-Therian
|-damage|p2a: Landorus-Therian|159\/319
|move|p2a: Landorus-Therian|Stealth Rock|p1a: (â­â Í¡ Í¡Â° Í Í¡Í¡Â°)â­â
|-sidestart|p1: gran chelin|move: Stealth Rock
|
|-heal|p2a: Landorus-Therian|178\/319|[from] item: Leftovers
|turn|5
|
|move|p1a: (â­â Í¡ Í¡Â° Í Í¡Í¡Â°)â­â|Dragon Claw|p2a: Landorus-Therian
|-damage|p2a: Landorus-Therian|16\/319
|move|p2a: Landorus-Therian|U-turn|p1a: (â­â Í¡ Í¡Â° Í Í¡Í¡Â°)â­â
|-resisted|p1a: (â­â Í¡ Í¡Â° Í Í¡Í¡Â°)â­â
|-damage|p1a: (â­â Í¡ Í¡Â° Í Í¡Í¡Â°)â­â|219\/324
|
|switch|p2a: Manectric|Manectric, F|281\/281
|
|turn|6
|
|detailschange|p2a: Manectric|Manectric-Mega, F
|message|Manectric has Mega Evolved into Mega Manectric!
|-ability|p2a: Manectric|Intimidate|[of] p1a: (â­â Í¡ Í¡Â° Í Í¡Í¡Â°)â­â
|-unboost|p1a: (â­â Í¡ Í¡Â° Í Í¡Í¡Â°)â­â|atk|1
|move|p1a: (â­â Í¡ Í¡Â° Í Í¡Í¡Â°)â­â|Earthquake|p2a: Manectric
|-supereffective|p2a: Manectric
|-damage|p2a: Manectric|67\/281
|move|p2a: Manectric|Hidden Power|p1a: (â­â Í¡ Í¡Â° Í Í¡Í¡Â°)â­â
|-supereffective|p1a: (â­â Í¡ Í¡Â° Í Í¡Í¡Â°)â­â
|-damage|p1a: (â­â Í¡ Í¡Â° Í Í¡Í¡Â°)â­â|0 fnt
|faint|p1a: (â­â Í¡ Í¡Â° Í Í¡Í¡Â°)â­â
|
|
|switch|p1a: (â­â Í¡ Í¡Â° Í Í¡Í¡Â°)â­â|Diggersby, F, shiny|311\/311
|-damage|p1a: (â­â Í¡ Í¡Â° Í Í¡Í¡Â°)â­â|292\/311|[from] Stealth Rock
|turn|7
|
|switch|p2a: Rotom-Wash|Rotom-Wash, shiny|304\/304
|move|p1a: (â­â Í¡ Í¡Â° Í Í¡Í¡Â°)â­â|Quick Attack|p2a: Rotom-Wash
|-damage|p2a: Rotom-Wash|243\/304
|
|-heal|p2a: Rotom-Wash|262\/304|[from] item: Leftovers
|turn|8
|
|move|p1a: (â­â Í¡ Í¡Â° Í Í¡Í¡Â°)â­â|Swords Dance|p1a: (â­â Í¡ Í¡Â° Í Í¡Í¡Â°)â­â
|-boost|p1a: (â­â Í¡ Í¡Â° Í Í¡Í¡Â°)â­â|atk|2
|move|p2a: Rotom-Wash|Volt Switch|p1a: (â­â Í¡ Í¡Â° Í Í¡Í¡Â°)â­â
|-immune|p1a: (â­â Í¡ Í¡Â° Í Í¡Í¡Â°)â­â|[msg]
|
|-heal|p2a: Rotom-Wash|281\/304|[from] item: Leftovers
|turn|9
|
|move|p1a: (â­â Í¡ Í¡Â° Í Í¡Í¡Â°)â­â|Frustration|p2a: Rotom-Wash
|-damage|p2a: Rotom-Wash|0 fnt
|faint|p2a: Rotom-Wash
|
|
|switch|p2a: Greninja|Greninja, F, shiny|285\/285
|turn|10
|
|move|p1a: (â­â Í¡ Í¡Â° Í Í¡Í¡Â°)â­â|Quick Attack|p2a: Greninja
|-damage|p2a: Greninja|24\/285
|move|p2a: Greninja|Scald|p1a: (â­â Í¡ Í¡Â° Í Í¡Í¡Â°)â­â
|-start|p2a: Greninja|typechange|Water|[from] Protean
|-supereffective|p1a: (â­â Í¡ Í¡Â° Í Í¡Í¡Â°)â­â
|-damage|p1a: (â­â Í¡ Í¡Â° Í Í¡Í¡Â°)â­â|0 fnt
|-damage|p2a: Greninja|0 fnt|[from] item: Life Orb
|faint|p1a: (â­â Í¡ Í¡Â° Í Í¡Í¡Â°)â­â
|faint|p2a: Greninja
|
|
|switch|p2a: Manectric|Manectric-Mega, F|67\/281
|switch|p1a: (â­â Í¡ Í¡Â° Í Í¡Í¡Â°)â­â|Terrakion|42\/324
|-damage|p1a: (â­â Í¡ Í¡Â° Í Í¡Í¡Â°)â­â|22\/324|[from] Stealth Rock
|-ability|p2a: Manectric|Intimidate|[of] p1a: (â­â Í¡ Í¡Â° Í Í¡Í¡Â°)â­â
|-unboost|p1a: (â­â Í¡ Í¡Â° Í Í¡Í¡Â°)â­â|atk|1
|turn|11
|
|move|p2a: Manectric|Volt Switch|p1a: (â­â Í¡ Í¡Â° Í Í¡Í¡Â°)â­â
|-damage|p1a: (â­â Í¡ Í¡Â° Í Í¡Í¡Â°)â­â|0 fnt
|faint|p1a: (â­â Í¡ Í¡Â° Í Í¡Í¡Â°)â­â
|
|switch|p2a: Landorus-Therian|Landorus-Therian, M|16\/319
|
|-heal|p2a: Landorus-Therian|35\/319|[from] item: Leftovers
|
|switch|p1a: (â­â Í¡ Í¡Â° Í Í¡Í¡Â°)â­â|Gardevoir, F, shiny|277\/277
|-damage|p1a: (â­â Í¡ Í¡Â° Í Í¡Í¡Â°)â­â|243\/277|[from] Stealth Rock
|turn|12
|
|detailschange|p1a: (â­â Í¡ Í¡Â° Í Í¡Í¡Â°)â­â|Gardevoir-Mega, F, shiny
|message|Gardevoir has Mega Evolved into Mega Gardevoir!
|move|p2a: Landorus-Therian|Earthquake|p1a: (â­â Í¡ Í¡Â° Í Í¡Í¡Â°)â­â
|-damage|p1a: (â­â Í¡ Í¡Â° Í Í¡Í¡Â°)â­â|0 fnt
|faint|p1a: (â­â Í¡ Í¡Â° Í Í¡Í¡Â°)â­â
|
|-heal|p2a: Landorus-Therian|54\/319|[from] item: Leftovers
|
|switch|p1a: (â­â Í¡ Í¡Â° Í Í¡Í¡Â°)â­â|Thundurus, M, shiny|299\/299
|-damage|p1a: (â­â Í¡ Í¡Â° Í Í¡Í¡Â°)â­â|225\/299|[from] Stealth Rock
|turn|13
|
|move|p1a: (â­â Í¡ Í¡Â° Í Í¡Í¡Â°)â­â|Psychic|p2a: Landorus-Therian
|-damage|p2a: Landorus-Therian|0 fnt
|faint|p2a: Landorus-Therian
|
|-heal|p1a: (â­â Í¡ Í¡Â° Í Í¡Í¡Â°)â­â|243\/299|[from] item: Leftovers
|
|switch|p2a: Manectric|Manectric-Mega, F|67\/281
|-ability|p2a: Manectric|Intimidate|[of] p1a: (â­â Í¡ Í¡Â° Í Í¡Í¡Â°)â­â
|-unboost|p1a: (â­â Í¡ Í¡Â° Í Í¡Í¡Â°)â­â|atk|1
|turn|14
|
|move|p2a: Manectric|Volt Switch|p1a: (â­â Í¡ Í¡Â° Í Í¡Í¡Â°)â­â
|-damage|p1a: (â­â Í¡ Í¡Â° Í Í¡Í¡Â°)â­â|89\/299
|
|switch|p2a: Jirachi|Jirachi|341\/341
|move|p1a: (â­â Í¡ Í¡Â° Í Í¡Í¡Â°)â­â|Psychic|p2a: Jirachi
|-resisted|p2a: Jirachi
|-damage|p2a: Jirachi|317\/341
|
|-heal|p1a: (â­â Í¡ Í¡Â° Í Í¡Í¡Â°)â­â|107\/299|[from] item: Leftovers
|turn|15
|
|move|p2a: Jirachi|Ice Punch|p1a: (â­â Í¡ Í¡Â° Í Í¡Í¡Â°)â­â
|-supereffective|p1a: (â­â Í¡ Í¡Â° Í Í¡Í¡Â°)â­â
|-damage|p1a: (â­â Í¡ Í¡Â° Í Í¡Í¡Â°)â­â|0 fnt
|faint|p1a: (â­â Í¡ Í¡Â° Í Í¡Í¡Â°)â­â
|
|
|switch|p1a: (â­â Í¡ Í¡Â° Í Í¡Í¡Â°)â­â|Keldeo-Resolute, shiny|323\/323
|-damage|p1a: (â­â Í¡ Í¡Â° Í Í¡Í¡Â°)â­â|303\/323|[from] Stealth Rock
|turn|16
|
|switch|p2a: Manectric|Manectric-Mega, F|67\/281
|-ability|p2a: Manectric|Intimidate|[of] p1a: (â­â Í¡ Í¡Â° Í Í¡Í¡Â°)â­â
|-unboost|p1a: (â­â Í¡ Í¡Â° Í Í¡Í¡Â°)â­â|atk|1
|move|p1a: (â­â Í¡ Í¡Â° Í Í¡Í¡Â°)â­â|Scald|p2a: Manectric
|-damage|p2a: Manectric|0 fnt
|faint|p2a: Manectric
|
|
|switch|p2a: Talonflame|Talonflame, M, shiny|309\/309
|turn|17
|
|move|p2a: Talonflame|Brave Bird|p1a: (â­â Í¡ Í¡Â° Í Í¡Í¡Â°)â­â
|-supereffective|p1a: (â­â Í¡ Í¡Â° Í Í¡Í¡Â°)â­â
|-damage|p1a: (â­â Í¡ Í¡Â° Í Í¡Í¡Â°)â­â|0 fnt
|-damage|p2a: Talonflame|209\/309|[from] recoil|[of] p1a: (â­â Í¡ Í¡Â° Í Í¡Í¡Â°)â­â
|faint|p1a: (â­â Í¡ Í¡Â° Í Í¡Í¡Â°)â­â
|
|win|TARJA TURUNEN
|raw|Ladder updating...
|raw|gran chelin's rating: 1698 &rarr; <strong>1681<\/strong><br \/>(-17 for losing)
|raw|TARJA TURUNEN's rating: 1761 &rarr; <strong>1777<\/strong><br \/>(+16 for winning)