|join|TARJA TURUNEN
|join|zeroalt
|player|p1|TARJA TURUNEN|78
|player|p2|zeroalt|265
|gametype|singles
|gen|6
|tier|OU
|rated
|clearpoke
|poke|p1|Terrakion
|poke|p1|Greninja, M
|poke|p1|Mew
|poke|p1|Medicham, F
|poke|p1|Raikou
|poke|p1|Landorus-Therian, M
|poke|p2|Clefable, F
|poke|p2|Heatran, F
|poke|p2|Venusaur, F
|poke|p2|Suicune
|poke|p2|Zapdos
|poke|p2|Gliscor, F
|rule|Swagger Clause: Swagger is banned
|rule|Baton Pass Clause: Limit one PokÃ©mon knowing Baton Pass
|rule|Sleep Clause Mod: Limit one foe put to sleep
|rule|Species Clause: Limit one of each PokÃ©mon
|rule|OHKO Clause: OHKO moves are banned
|rule|Moody Clause: Moody is banned
|rule|Evasion Moves Clause: Evasion moves are banned
|rule|Endless Battle Clause: Forcing endless battles is banned
|rule|HP Percentage Mod: HP is shown in percentages
|teampreview
|
|start
|switch|p1a: Medicham|Medicham, F|261\/261
|switch|p2a: Clefable|Clefable, F|394\/394
|turn|1
|
|detailschange|p1a: Medicham|Medicham-Mega, F
|message|Medicham has Mega Evolved into Mega Medicham!
|move|p1a: Medicham|Fake Out|p2a: Clefable
|-damage|p2a: Clefable|299\/394
|cant|p2a: Clefable|flinch
|
|-heal|p2a: Clefable|323\/394|[from] item: Leftovers
|turn|2
|
|switch|p2a: Gliscor|Gliscor, F|354\/354
|move|p1a: Medicham|Psycho Cut|p2a: Gliscor
|-damage|p2a: Gliscor|216\/354
|
|-status|p2a: Gliscor|tox|[from] item: Toxic Orb
|turn|3
|
|switch|p2a: Suicune|Suicune|404\/404
|-ability|p2a: Suicune|Pressure
|move|p1a: Medicham|Ice Punch|p2a: Suicune
|-resisted|p2a: Suicune
|-damage|p2a: Suicune|357\/404
|
|-heal|p2a: Suicune|382\/404|[from] item: Leftovers
|turn|4
|
|switch|p1a: Raikou|Raikou|321\/321
|-ability|p1a: Raikou|Pressure
|move|p2a: Suicune|Scald|p1a: Raikou
|-damage|p1a: Raikou|260\/321
|-status|p1a: Raikou|brn
|
|-heal|p2a: Suicune|404\/404|[from] item: Leftovers
|-damage|p1a: Raikou|220\/321 brn|[from] brn
|turn|5
|
|switch|p2a: Venusaur|Venusaur, F|364\/364
|move|p1a: Raikou|Volt Switch|p2a: Venusaur
|-resisted|p2a: Venusaur
|-damage|p2a: Venusaur|304\/364
|
|switch|p1a: Medicham|Medicham-Mega, F|261\/261
|
|turn|6
|
|switch|p2a: Suicune|Suicune|404\/404
|-ability|p2a: Suicune|Pressure
|move|p1a: Medicham|Psycho Cut|p2a: Suicune
|-damage|p2a: Suicune|277\/404
|
|-heal|p2a: Suicune|302\/404|[from] item: Leftovers
|turn|7
|
|switch|p1a: Raikou|Raikou|220\/321 brn
|-ability|p1a: Raikou|Pressure
|move|p2a: Suicune|Scald|p1a: Raikou
|-damage|p1a: Raikou|160\/321 brn
|
|-heal|p2a: Suicune|327\/404|[from] item: Leftovers
|-damage|p1a: Raikou|120\/321 brn|[from] brn
|turn|8
|
|switch|p2a: Zapdos|Zapdos|383\/383
|-ability|p2a: Zapdos|Pressure
|move|p1a: Raikou|Volt Switch|p2a: Zapdos
|-damage|p2a: Zapdos|292\/383
|
|switch|p1a: Terrakion|Terrakion|323\/323
|
|-heal|p2a: Zapdos|315\/383|[from] item: Leftovers
|turn|9
|
|switch|p2a: Venusaur|Venusaur, F|304\/364
|move|p1a: Terrakion|Stealth Rock|p2a: Venusaur
|-sidestart|p2: zeroalt|move: Stealth Rock
|
|turn|10
|
|switch|p1a: Mew|Mew|404\/404
|detailschange|p2a: Venusaur|Venusaur-Mega, F
|message|Venusaur has Mega Evolved into Mega Venusaur!
|move|p2a: Venusaur|Giga Drain|p1a: Mew
|-damage|p1a: Mew|299\/404
|-heal|p2a: Venusaur|357\/364|[from] drain|[of] p1a: Mew
|
|-heal|p1a: Mew|324\/404|[from] item: Leftovers
|turn|11
|
|switch|p2a: Gliscor|Gliscor, F|216\/354 tox
|-damage|p2a: Gliscor|172\/354 tox|[from] Stealth Rock
|move|p1a: Mew|Taunt|p2a: Gliscor
|-start|p2a: Gliscor|move: Taunt
|
|-heal|p1a: Mew|349\/404|[from] item: Leftovers
|-heal|p2a: Gliscor|216\/354 tox|[from] ability: Poison Heal
|turn|12
|
|switch|p1a: Landorus-Therian|Landorus-Therian, M|319\/319
|-ability|p1a: Landorus-Therian|Intimidate|[of] p2a: Gliscor
|-unboost|p2a: Gliscor|atk|1
|move|p2a: Gliscor|Earthquake|p1a: Landorus-Therian
|-immune|p1a: Landorus-Therian|[msg]
|
|-heal|p2a: Gliscor|260\/354 tox|[from] ability: Poison Heal
|turn|13
|
|move|p1a: Landorus-Therian|U-turn|p2a: Gliscor
|-resisted|p2a: Gliscor
|-damage|p2a: Gliscor|231\/354 tox
|
|switch|p1a: Medicham|Medicham-Mega, F|261\/261
|move|p2a: Gliscor|Earthquake|p1a: Medicham
|-damage|p1a: Medicham|174\/261
|
|-heal|p2a: Gliscor|275\/354 tox|[from] ability: Poison Heal
|turn|14
|
|switch|p2a: Zapdos|Zapdos|315\/383
|-damage|p2a: Zapdos|220\/383|[from] Stealth Rock
|-ability|p2a: Zapdos|Pressure
|move|p1a: Medicham|Drain Punch|p2a: Zapdos
|-resisted|p2a: Zapdos
|-damage|p2a: Zapdos|88\/383
|-heal|p1a: Medicham|240\/261|[from] drain|[of] p2a: Zapdos
|
|-heal|p2a: Zapdos|111\/383|[from] item: Leftovers
|turn|15
|
|move|p1a: Medicham|Ice Punch|p2a: Zapdos
|-supereffective|p2a: Zapdos
|-damage|p2a: Zapdos|0 fnt
|faint|p2a: Zapdos
|
|
|switch|p2a: Suicune|Suicune|327\/404
|-damage|p2a: Suicune|277\/404|[from] Stealth Rock
|-ability|p2a: Suicune|Pressure
|turn|16
|
|move|p1a: Medicham|Drain Punch|p2a: Suicune
|-damage|p2a: Suicune|138\/404
|-heal|p1a: Medicham|261\/261|[from] drain|[of] p2a: Suicune
|move|p2a: Suicune|Scald|p1a: Medicham
|-damage|p1a: Medicham|158\/261
|
|-heal|p2a: Suicune|163\/404|[from] item: Leftovers
|turn|17
|
|move|p1a: Medicham|Drain Punch|p2a: Suicune
|-damage|p2a: Suicune|24\/404
|-heal|p1a: Medicham|228\/261|[from] drain|[of] p2a: Suicune
|move|p2a: Suicune|Scald|p1a: Medicham
|-damage|p1a: Medicham|135\/261
|
|-heal|p2a: Suicune|49\/404|[from] item: Leftovers
|turn|18
|
|move|p1a: Medicham|Drain Punch|p2a: Suicune
|-damage|p2a: Suicune|0 fnt
|-heal|p1a: Medicham|160\/261|[from] drain|[of] p2a: Suicune
|faint|p2a: Suicune
|
|
|switch|p2a: Clefable|Clefable, F|323\/394
|turn|19
|
|switch|p1a: Raikou|Raikou|120\/321 brn
|-ability|p1a: Raikou|Pressure
|move|p2a: Clefable|Moonblast|p1a: Raikou
|-damage|p1a: Raikou|53\/321 brn
|
|-heal|p2a: Clefable|347\/394|[from] item: Leftovers
|-damage|p1a: Raikou|13\/321 brn|[from] brn
|turn|20
|
|move|p1a: Raikou|Thunderbolt|p2a: Clefable
|-damage|p2a: Clefable|239\/394
|-status|p2a: Clefable|par
|move|p2a: Clefable|Soft-Boiled|p2a: Clefable
|-heal|p2a: Clefable|394\/394 par
|
|-damage|p1a: Raikou|0 fnt|[from] brn
|faint|p1a: Raikou
|
|switch|p1a: Greninja|Greninja, M|285\/285
|turn|21
|
|move|p1a: Greninja|Spikes|p2a: Clefable
|-start|p1a: Greninja|typechange|Ground|[from] Protean
|-sidestart|p2: zeroalt|Spikes
|move|p2a: Clefable|Soft-Boiled|p2a: Clefable
|-fail|p2a: Clefable
|
|turn|22
|
|move|p1a: Greninja|Spikes|p2a: Clefable
|-sidestart|p2: zeroalt|Spikes
|cant|p2a: Clefable|par
|
|turn|23
|
|move|p1a: Greninja|Spikes|p2a: Clefable
|-sidestart|p2: zeroalt|Spikes
|move|p2a: Clefable|Calm Mind|p2a: Clefable
|-boost|p2a: Clefable|spa|1
|-boost|p2a: Clefable|spd|1
|
|turn|24
|
|switch|p1a: Terrakion|Terrakion|323\/323
|cant|p2a: Clefable|par
|
|turn|25
|
|move|p1a: Terrakion|Taunt|p2a: Clefable
|-start|p2a: Clefable|move: Taunt
|move|p2a: Clefable|Moonblast|p1a: Terrakion
|-supereffective|p1a: Terrakion
|-enditem|p1a: Terrakion|Focus Sash
|-damage|p1a: Terrakion|1\/323
|
|turn|26
|
|switch|p2a: Gliscor|Gliscor, F|275\/354 tox
|-damage|p2a: Gliscor|231\/354 tox|[from] Stealth Rock
|move|p1a: Terrakion|Stone Edge|p2a: Gliscor
|-damage|p2a: Gliscor|104\/354 tox
|
|-heal|p2a: Gliscor|148\/354 tox|[from] ability: Poison Heal
|turn|27
|
|move|p1a: Terrakion|Taunt|p2a: Gliscor
|-start|p2a: Gliscor|move: Taunt
|move|p2a: Gliscor|Earthquake|p1a: Terrakion
|-supereffective|p1a: Terrakion
|-damage|p1a: Terrakion|0 fnt
|faint|p1a: Terrakion
|
|-heal|p2a: Gliscor|192\/354 tox|[from] ability: Poison Heal
|
|switch|p1a: Medicham|Medicham-Mega, F|160\/261
|turn|28
|
|switch|p2a: Venusaur|Venusaur-Mega, F|357\/364
|-damage|p2a: Venusaur|266\/364|[from] Spikes
|-damage|p2a: Venusaur|221\/364|[from] Stealth Rock
|move|p1a: Medicham|Ice Punch|p2a: Venusaur
|-crit|p2a: Venusaur
|-supereffective|p2a: Venusaur
|-damage|p2a: Venusaur|69\/364
|
|turn|29
|
|move|p1a: Medicham|Psycho Cut|p2a: Venusaur
|-supereffective|p2a: Venusaur
|-damage|p2a: Venusaur|0 fnt
|faint|p2a: Venusaur
|
|
|switch|p2a: Clefable|Clefable, F|394\/394 par
|turn|30
|
|switch|p1a: Mew|Mew|349\/404
|move|p2a: Clefable|Moonblast|p1a: Mew
|-damage|p1a: Mew|246\/404
|
|-heal|p1a: Mew|271\/404|[from] item: Leftovers
|turn|31
|
|switch|p2a: Gliscor|Gliscor, F|192\/354 tox
|-damage|p2a: Gliscor|148\/354 tox|[from] Stealth Rock
|move|p1a: Mew|Taunt|p2a: Gliscor
|-start|p2a: Gliscor|move: Taunt
|
|-heal|p1a: Mew|296\/404|[from] item: Leftovers
|-heal|p2a: Gliscor|192\/354 tox|[from] ability: Poison Heal
|turn|32
|
|move|p1a: Mew|Psychic|p2a: Gliscor
|-damage|p2a: Gliscor|54\/354 tox
|move|p2a: Gliscor|Earthquake|p1a: Mew
|-damage|p1a: Mew|197\/404
|
|-heal|p1a: Mew|222\/404|[from] item: Leftovers
|-heal|p2a: Gliscor|98\/354 tox|[from] ability: Poison Heal
|turn|33
|
|switch|p2a: Heatran|Heatran, F|323\/323
|-damage|p2a: Heatran|283\/323|[from] Stealth Rock
|-item|p2a: Heatran|Air Balloon
|move|p1a: Mew|Psychic|p2a: Heatran
|-resisted|p2a: Heatran
|-damage|p2a: Heatran|229\/323
|-enditem|p2a: Heatran|Air Balloon
|
|-heal|p1a: Mew|247\/404|[from] item: Leftovers
|turn|34
|
|switch|p1a: Greninja|Greninja, M|285\/285
|move|p2a: Heatran|Taunt|p1a: Greninja
|-start|p1a: Greninja|move: Taunt
|
|turn|35
|
|switch|p2a: Clefable|Clefable, F|394\/394 par
|move|p1a: Greninja|Hydro Pump|p2a: Clefable|[miss]
|-start|p1a: Greninja|typechange|Water|[from] Protean
|-miss|p1a: Greninja|p2a: Clefable
|
|turn|36
|
|switch|p1a: Mew|Mew|247\/404
|move|p2a: Clefable|Moonblast|p1a: Mew
|-damage|p1a: Mew|135\/404
|
|-heal|p1a: Mew|160\/404|[from] item: Leftovers
|turn|37
|
|switch|p2a: Heatran|Heatran, F|229\/323
|-damage|p2a: Heatran|149\/323|[from] Spikes
|-damage|p2a: Heatran|109\/323|[from] Stealth Rock
|move|p1a: Mew|Soft-Boiled|p1a: Mew
|-heal|p1a: Mew|362\/404
|
|-heal|p1a: Mew|387\/404|[from] item: Leftovers
|turn|38
|
|move|p2a: Heatran|Stealth Rock|p1a: Mew
|-sidestart|p1: TARJA TURUNEN|move: Stealth Rock
|move|p1a: Mew|Taunt|p2a: Heatran
|-start|p2a: Heatran|move: Taunt
|
|-heal|p1a: Mew|404\/404|[from] item: Leftovers
|turn|39
|
|move|p2a: Heatran|Fire Blast|p1a: Mew
|-damage|p1a: Mew|211\/404
|move|p1a: Mew|Psychic|p2a: Heatran
|-resisted|p2a: Heatran
|-damage|p2a: Heatran|56\/323
|-unboost|p2a: Heatran|spd|1
|
|-heal|p1a: Mew|236\/404|[from] item: Leftovers
|turn|40
|
|move|p2a: Heatran|Fire Blast|p1a: Mew
|-damage|p1a: Mew|23\/404
|move|p1a: Mew|Soft-Boiled|p1a: Mew
|-heal|p1a: Mew|225\/404
|
|-heal|p1a: Mew|250\/404|[from] item: Leftovers
|turn|41
|
|switch|p1a: Greninja|Greninja, M|285\/285
|-damage|p1a: Greninja|250\/285|[from] Stealth Rock
|move|p2a: Heatran|Fire Blast|p1a: Greninja
|-resisted|p1a: Greninja
|-damage|p1a: Greninja|109\/285
|
|-end|p2a: Heatran|move: Taunt
|turn|42
|
|move|p1a: Greninja|Dark Pulse|p2a: Heatran
|-start|p1a: Greninja|typechange|Dark|[from] Protean
|-damage|p2a: Heatran|0 fnt
|-damage|p1a: Greninja|81\/285|[from] item: Life Orb
|faint|p2a: Heatran
|
|-message|zeroalt forfeited.
|
|win|TARJA TURUNEN
|raw|Ladder updating...