|join|TARJA TURUNEN
|join|Co11ege Dropout
|player|p1|TARJA TURUNEN|78
|player|p2|Co11ege Dropout|171
|gametype|singles
|gen|6
|tier|OU
|rated
|clearpoke
|poke|p1|Bisharp, F
|poke|p1|Breloom, M
|poke|p1|Dragonite, M
|poke|p1|Charizard, F
|poke|p1|Terrakion
|poke|p1|Greninja, M
|poke|p2|Charizard, M, shiny
|poke|p2|Rotom-Wash
|poke|p2|Excadrill, M
|poke|p2|Tyranitar, F
|poke|p2|Clefable, F
|poke|p2|Garchomp, M
|rule|Swagger Clause: Swagger is banned
|rule|Baton Pass Clause: Limit one PokÃ©mon knowing Baton Pass
|rule|Sleep Clause Mod: Limit one foe put to sleep
|rule|Species Clause: Limit one of each PokÃ©mon
|rule|OHKO Clause: OHKO moves are banned
|rule|Moody Clause: Moody is banned
|rule|Evasion Moves Clause: Evasion moves are banned
|rule|Endless Battle Clause: Forcing endless battles is banned
|rule|HP Percentage Mod: HP is shown in percentages
|teampreview
|
|start
|switch|p1a: Terrakion|Terrakion|323\/323
|switch|p2a: Charizard|Charizard, M, shiny|297\/297
|turn|1
|
|detailschange|p2a: Charizard|Charizard-Mega-Y, M, shiny
|message|Charizard has Mega Evolved into Mega Charizard!
|-weather|SunnyDay
|move|p1a: Terrakion|Stone Edge|p2a: Charizard
|-supereffective|p2a: Charizard
|-damage|p2a: Charizard|0 fnt
|faint|p2a: Charizard
|
|-weather|SunnyDay|[upkeep]
|
|switch|p2a: Clefable|Clefable, F|394\/394
|turn|2
|
|move|p1a: Terrakion|Taunt|p2a: Clefable
|-start|p2a: Clefable|move: Taunt
|cant|p2a: Clefable|move: Taunt|Calm Mind
|
|-weather|SunnyDay|[upkeep]
|turn|3
|
|move|p1a: Terrakion|Stealth Rock|p2a: Clefable
|-sidestart|p2: Co11ege Dropout|move: Stealth Rock
|move|p2a: Clefable|Moonblast|p1a: Terrakion
|-supereffective|p1a: Terrakion
|-damage|p1a: Terrakion|75\/323
|
|-weather|SunnyDay|[upkeep]
|turn|4
|
|switch|p1a: Charizard|Charizard, F|333\/333
|move|p2a: Clefable|Flamethrower|p1a: Charizard
|-resisted|p1a: Charizard
|-damage|p1a: Charizard|272\/333
|
|-weather|SunnyDay|[upkeep]
|-end|p2a: Clefable|move: Taunt
|turn|5
|
|switch|p2a: Garchomp|Garchomp, M|358\/358
|-damage|p2a: Garchomp|336\/358|[from] Stealth Rock
|move|p1a: Charizard|Dragon Dance|p1a: Charizard
|-boost|p1a: Charizard|atk|1
|-boost|p1a: Charizard|spe|1
|
|-weather|none
|turn|6
|
|detailschange|p1a: Charizard|Charizard-Mega-X, F
|message|Charizard has Mega Evolved into Mega Charizard!
|move|p2a: Garchomp|Outrage|p1a: Charizard
|-supereffective|p1a: Charizard
|-damage|p1a: Charizard|0 fnt
|faint|p1a: Charizard
|
|
|switch|p1a: Bisharp|Bisharp, F|271\/271
|turn|7
|
|move|p2a: Garchomp|Outrage|p1a: Bisharp
|-resisted|p1a: Bisharp
|-damage|p1a: Bisharp|150\/271
|move|p1a: Bisharp|Knock Off|p2a: Garchomp
|-damage|p2a: Garchomp|164\/358
|-damage|p1a: Bisharp|117\/271|[from] ability: Rough Skin|[of] p2a: Garchomp
|-enditem|p2a: Garchomp|Choice Scarf|[from] move: Knock Off|[of] p1a: Bisharp
|
|-end|p2a: Garchomp|rampage
|-start|p2a: Garchomp|confusion
|turn|8
|
|switch|p2a: Tyranitar|Tyranitar, F|404\/404
|-damage|p2a: Tyranitar|354\/404|[from] Stealth Rock
|-weather|Sandstorm
|move|p1a: Bisharp|Sucker Punch|p2a: Tyranitar
|-fail|p2a: Tyranitar
|
|-weather|Sandstorm|[upkeep]
|turn|9
|
|move|p1a: Bisharp|Iron Head|p2a: Tyranitar
|-supereffective|p2a: Tyranitar
|-damage|p2a: Tyranitar|112\/404
|move|p2a: Tyranitar|Earthquake|p1a: Bisharp
|-supereffective|p1a: Bisharp
|-damage|p1a: Bisharp|0 fnt
|faint|p1a: Bisharp
|
|-weather|Sandstorm|[upkeep]
|
|switch|p1a: Terrakion|Terrakion|75\/323
|turn|10
|
|move|p1a: Terrakion|Close Combat|p2a: Tyranitar
|-supereffective|p2a: Tyranitar
|-damage|p2a: Tyranitar|0 fnt
|-unboost|p1a: Terrakion|def|1
|-unboost|p1a: Terrakion|spd|1
|faint|p2a: Tyranitar
|
|-weather|Sandstorm|[upkeep]
|
|switch|p2a: Excadrill|Excadrill, M|362\/362
|-damage|p2a: Excadrill|351\/362|[from] Stealth Rock
|-item|p2a: Excadrill|Air Balloon
|turn|11
|
|move|p2a: Excadrill|Iron Head|p1a: Terrakion
|-supereffective|p1a: Terrakion
|-damage|p1a: Terrakion|0 fnt
|faint|p1a: Terrakion
|
|-weather|Sandstorm|[upkeep]
|
|switch|p1a: Dragonite|Dragonite, M|323\/323
|turn|12
|
|move|p2a: Excadrill|Iron Head|p1a: Dragonite
|-damage|p1a: Dragonite|240\/323
|cant|p1a: Dragonite|flinch
|
|-weather|Sandstorm|[upkeep]
|-damage|p1a: Dragonite|220\/323|[from] sandstorm
|turn|13
|
|move|p2a: Excadrill|Rock Slide|p1a: Dragonite
|-supereffective|p1a: Dragonite
|-damage|p1a: Dragonite|20\/323
|move|p1a: Dragonite|Fire Punch|p2a: Excadrill
|-supereffective|p2a: Excadrill
|-damage|p2a: Excadrill|0 fnt
|-enditem|p2a: Excadrill|Air Balloon
|faint|p2a: Excadrill
|
|-weather|Sandstorm|[upkeep]
|-damage|p1a: Dragonite|0 fnt|[from] sandstorm
|faint|p1a: Dragonite
|
|switch|p1a: Breloom|Breloom, M|262\/262
|switch|p2a: Clefable|Clefable, F|394\/394
|turn|14
|
|switch|p2a: Rotom-Wash|Rotom-Wash|304\/304
|-damage|p2a: Rotom-Wash|266\/304|[from] Stealth Rock
|move|p1a: Breloom|Spore|p2a: Rotom-Wash
|-status|p2a: Rotom-Wash|slp
|
|-weather|Sandstorm|[upkeep]
|-damage|p1a: Breloom|246\/262|[from] sandstorm
|-damage|p2a: Rotom-Wash|247\/304 slp|[from] sandstorm
|-heal|p2a: Rotom-Wash|266\/304 slp|[from] item: Leftovers
|turn|15
|
|move|p1a: Breloom|Bullet Seed|p2a: Rotom-Wash
|-supereffective|p2a: Rotom-Wash
|-damage|p2a: Rotom-Wash|170\/304 slp
|-supereffective|p2a: Rotom-Wash
|-damage|p2a: Rotom-Wash|78\/304 slp
|-supereffective|p2a: Rotom-Wash
|-damage|p2a: Rotom-Wash|0 fnt
|-hitcount|p2a: Rotom-Wash|3
|faint|p2a: Rotom-Wash
|
|-weather|none
|
|switch|p2a: Garchomp|Garchomp, M|164\/358
|-damage|p2a: Garchomp|142\/358|[from] Stealth Rock
|turn|16
|
|switch|p1a: Greninja|Greninja, M|285\/285
|move|p2a: Garchomp|Outrage|p1a: Greninja
|-damage|p1a: Greninja|0 fnt
|faint|p1a: Greninja
|
|
|switch|p1a: Breloom|Breloom, M|246\/262
|turn|17
|
|move|p1a: Breloom|Mach Punch|p2a: Garchomp
|-damage|p2a: Garchomp|27\/358
|-damage|p1a: Breloom|214\/262|[from] ability: Rough Skin|[of] p2a: Garchomp
|move|p2a: Garchomp|Outrage|p1a: Breloom
|-crit|p1a: Breloom
|-damage|p1a: Breloom|0 fnt
|faint|p1a: Breloom
|
|win|Co11ege Dropout
|raw|Ladder updating...
|raw|TARJA TURUNEN's rating: 1764 &rarr; <strong>1745<\/strong><br \/>(-19 for losing)
|raw|Co11ege Dropout's rating: 1791 &rarr; <strong>1809<\/strong><br \/>(+18 for winning)
|c|âCo11ege Dropout|gg
|leave|TARJA TURUNEN
|player|p1