|join|TARJA TURUNEN
|join|Scott24
|player|p1|TARJA TURUNEN|260
|player|p2|Scott24|265
|gametype|singles
|gen|6
|tier|OU
|rated
|clearpoke
|poke|p1|Jirachi
|poke|p1|Manectric, M
|poke|p1|Talonflame, M, shiny
|poke|p1|Rotom-Wash, shiny
|poke|p1|Landorus-Therian, M
|poke|p1|Greninja, F, shiny
|poke|p2|Azumarill, F, shiny
|poke|p2|Landorus, M, shiny
|poke|p2|Heatran, F, shiny
|poke|p2|Keldeo-Resolute, shiny
|poke|p2|Venusaur, F, shiny
|poke|p2|Mandibuzz, F, shiny
|rule|Swagger Clause: Swagger is banned
|rule|Baton Pass Clause: Limit one PokÃ©mon knowing Baton Pass
|rule|Sleep Clause Mod: Limit one foe put to sleep
|rule|Species Clause: Limit one of each PokÃ©mon
|rule|OHKO Clause: OHKO moves are banned
|rule|Moody Clause: Moody is banned
|rule|Evasion Moves Clause: Evasion moves are banned
|rule|Endless Battle Clause: Forcing endless battles is banned
|rule|HP Percentage Mod: HP is shown in percentages
|teampreview
|
|start
|switch|p1a: Rotom-Wash|Rotom-Wash, shiny|304\/304
|switch|p2a: Venusaur|Venusaur, F, shiny|349\/349
|turn|1
|
|switch|p1a: Talonflame|Talonflame, M, shiny|309\/309
|detailschange|p2a: Venusaur|Venusaur-Mega, F, shiny
|message|Venusaur has Mega Evolved into Mega Venusaur!
|move|p2a: Venusaur|Sludge Bomb|p1a: Talonflame
|-damage|p1a: Talonflame|83\/309
|
|turn|2
|
|move|p1a: Talonflame|U-turn|p2a: Venusaur
|-damage|p2a: Venusaur|277\/349
|
|switch|p1a: Jirachi|Jirachi|341\/341
|move|p2a: Venusaur|Sludge Bomb|p1a: Jirachi
|-immune|p1a: Jirachi|[msg]
|
|turn|3
|
|move|p1a: Jirachi|Iron Head|p2a: Venusaur
|-damage|p2a: Venusaur|186\/349
|move|p2a: Venusaur|Hidden Power|p1a: Jirachi
|-supereffective|p1a: Jirachi
|-damage|p1a: Jirachi|187\/341
|
|turn|4
|
|move|p1a: Jirachi|Iron Head|p2a: Venusaur
|-damage|p2a: Venusaur|78\/349
|cant|p2a: Venusaur|flinch
|
|turn|5
|
|switch|p2a: Heatran|Heatran, F, shiny|323\/323
|move|p1a: Jirachi|Iron Head|p2a: Heatran
|-resisted|p2a: Heatran
|-damage|p2a: Heatran|296\/323
|
|turn|6
|
|switch|p1a: Rotom-Wash|Rotom-Wash, shiny|304\/304
|switch|p2a: Venusaur|Venusaur-Mega, F, shiny|78\/349
|
|turn|7
|
|move|p2a: Venusaur|Synthesis|p2a: Venusaur
|-heal|p2a: Venusaur|252\/349
|move|p1a: Rotom-Wash|Volt Switch|p2a: Venusaur
|-resisted|p2a: Venusaur
|-damage|p2a: Venusaur|214\/349
|
|switch|p1a: Manectric|Manectric, M|281\/281
|
|turn|8
|
|detailschange|p1a: Manectric|Manectric-Mega, M
|message|Manectric has Mega Evolved into Mega Manectric!
|-ability|p1a: Manectric|Intimidate|[of] p2a: Venusaur
|-unboost|p2a: Venusaur|atk|1
|move|p1a: Manectric|Volt Switch|p2a: Venusaur
|-crit|p2a: Venusaur
|-resisted|p2a: Venusaur
|-damage|p2a: Venusaur|126\/349
|
|switch|p1a: Jirachi|Jirachi|187\/341
|move|p2a: Venusaur|Synthesis|p2a: Venusaur
|-heal|p2a: Venusaur|300\/349
|
|turn|9
|
|move|p1a: Jirachi|Iron Head|p2a: Venusaur
|-damage|p2a: Venusaur|198\/349
|cant|p2a: Venusaur|flinch
|
|turn|10
|
|switch|p2a: Mandibuzz|Mandibuzz, F, shiny|423\/423
|move|p1a: Jirachi|Iron Head|p2a: Mandibuzz
|-damage|p2a: Mandibuzz|332\/423
|
|-heal|p2a: Mandibuzz|358\/423|[from] item: Leftovers
|turn|11
|
|switch|p1a: Rotom-Wash|Rotom-Wash, shiny|304\/304
|move|p2a: Mandibuzz|Foul Play|p1a: Rotom-Wash
|-damage|p1a: Rotom-Wash|255\/304
|
|-heal|p1a: Rotom-Wash|274\/304|[from] item: Leftovers
|-heal|p2a: Mandibuzz|384\/423|[from] item: Leftovers
|turn|12
|
|switch|p2a: Venusaur|Venusaur-Mega, F, shiny|198\/349
|move|p1a: Rotom-Wash|Volt Switch|p2a: Venusaur
|-resisted|p2a: Venusaur
|-damage|p2a: Venusaur|162\/349
|
|switch|p1a: Jirachi|Jirachi|187\/341
|
|turn|13
|
|switch|p2a: Mandibuzz|Mandibuzz, F, shiny|384\/423
|move|p1a: Jirachi|U-turn|p2a: Mandibuzz
|-damage|p2a: Mandibuzz|333\/423
|
|switch|p1a: Rotom-Wash|Rotom-Wash, shiny|274\/304
|
|-heal|p1a: Rotom-Wash|293\/304|[from] item: Leftovers
|-heal|p2a: Mandibuzz|359\/423|[from] item: Leftovers
|turn|14
|
|move|p1a: Rotom-Wash|Will-O-Wisp|p2a: Mandibuzz
|-status|p2a: Mandibuzz|brn
|move|p2a: Mandibuzz|Toxic|p1a: Rotom-Wash
|-status|p1a: Rotom-Wash|tox
|
|-heal|p1a: Rotom-Wash|304\/304 tox|[from] item: Leftovers
|-heal|p2a: Mandibuzz|385\/423 brn|[from] item: Leftovers
|-damage|p1a: Rotom-Wash|285\/304 tox|[from] psn
|-damage|p2a: Mandibuzz|333\/423 brn|[from] brn
|turn|15
|
|move|p1a: Rotom-Wash|Volt Switch|p2a: Mandibuzz
|-crit|p2a: Mandibuzz
|-supereffective|p2a: Mandibuzz
|-damage|p2a: Mandibuzz|91\/423 brn
|
|switch|p1a: Landorus-Therian|Landorus-Therian, M|363\/363
|-ability|p1a: Landorus-Therian|Intimidate|[of] p2a: Mandibuzz
|-unboost|p2a: Mandibuzz|atk|1
|move|p2a: Mandibuzz|Roost|p2a: Mandibuzz
|-heal|p2a: Mandibuzz|303\/423 brn
|
|-heal|p2a: Mandibuzz|329\/423 brn|[from] item: Leftovers
|-damage|p2a: Mandibuzz|277\/423 brn|[from] brn
|turn|16
|
|move|p1a: Landorus-Therian|Stealth Rock|p2a: Mandibuzz
|-sidestart|p2: Scott24|move: Stealth Rock
|move|p2a: Mandibuzz|Toxic|p1a: Landorus-Therian
|-status|p1a: Landorus-Therian|tox
|
|-heal|p2a: Mandibuzz|303\/423 brn|[from] item: Leftovers
|-damage|p1a: Landorus-Therian|341\/363 tox|[from] psn
|-damage|p2a: Mandibuzz|251\/423 brn|[from] brn
|turn|17
|
|move|p1a: Landorus-Therian|U-turn|p2a: Mandibuzz
|-damage|p2a: Mandibuzz|178\/423 brn
|
|switch|p1a: Rotom-Wash|Rotom-Wash, shiny|285\/304 tox
|move|p2a: Mandibuzz|Roost|p2a: Mandibuzz
|-heal|p2a: Mandibuzz|390\/423 brn
|
|-heal|p1a: Rotom-Wash|304\/304 tox|[from] item: Leftovers
|-heal|p2a: Mandibuzz|416\/423 brn|[from] item: Leftovers
|-damage|p1a: Rotom-Wash|285\/304 tox|[from] psn
|-damage|p2a: Mandibuzz|364\/423 brn|[from] brn
|turn|18
|
|move|p1a: Rotom-Wash|Volt Switch|p2a: Mandibuzz
|-supereffective|p2a: Mandibuzz
|-damage|p2a: Mandibuzz|194\/423 brn
|
|switch|p1a: Manectric|Manectric-Mega, M|281\/281
|-ability|p1a: Manectric|Intimidate|[of] p2a: Mandibuzz
|-unboost|p2a: Mandibuzz|atk|1
|move|p2a: Mandibuzz|Taunt|p1a: Manectric
|-start|p1a: Manectric|move: Taunt
|
|-heal|p2a: Mandibuzz|220\/423 brn|[from] item: Leftovers
|-damage|p2a: Mandibuzz|168\/423 brn|[from] brn
|turn|19
|
|move|p1a: Manectric|Volt Switch|p2a: Mandibuzz
|-supereffective|p2a: Mandibuzz
|-damage|p2a: Mandibuzz|0 fnt
|faint|p2a: Mandibuzz
|
|switch|p1a: Landorus-Therian|Landorus-Therian, M|341\/363 tox
|
|-heal|p1a: Landorus-Therian|363\/363 tox|[from] item: Leftovers
|-damage|p1a: Landorus-Therian|341\/363 tox|[from] psn
|
|switch|p2a: Landorus|Landorus, M, shiny|319\/319
|-damage|p2a: Landorus|280\/319|[from] Stealth Rock
|turn|20
|
|move|p2a: Landorus|Stealth Rock|p1a: Landorus-Therian
|-sidestart|p1: TARJA TURUNEN|move: Stealth Rock
|move|p1a: Landorus-Therian|U-turn|p2a: Landorus
|-resisted|p2a: Landorus
|-damage|p2a: Landorus|229\/319
|
|switch|p1a: Greninja|Greninja, F, shiny|285\/285
|-damage|p1a: Greninja|250\/285|[from] Stealth Rock
|
|turn|21
|
|switch|p2a: Venusaur|Venusaur-Mega, F, shiny|162\/349
|-damage|p2a: Venusaur|119\/349|[from] Stealth Rock
|move|p1a: Greninja|Scald|p2a: Venusaur
|-start|p1a: Greninja|typechange|Water|[from] Protean
|-resisted|p2a: Venusaur
|-damage|p2a: Venusaur|49\/349
|-damage|p1a: Greninja|222\/285|[from] item: Life Orb
|
|turn|22
|
|move|p1a: Greninja|Scald|p2a: Venusaur
|-resisted|p2a: Venusaur
|-damage|p2a: Venusaur|0 fnt
|-damage|p1a: Greninja|194\/285|[from] item: Life Orb
|faint|p2a: Venusaur
|
|
|switch|p2a: Azumarill|Azumarill, F, shiny|361\/361
|-damage|p2a: Azumarill|316\/361|[from] Stealth Rock
|turn|23
|
|move|p1a: Greninja|Hidden Power|p2a: Azumarill
|-start|p1a: Greninja|typechange|Grass|[from] Protean
|-supereffective|p2a: Azumarill
|-damage|p2a: Azumarill|20\/361
|-damage|p1a: Greninja|166\/285|[from] item: Life Orb
|move|p2a: Azumarill|Knock Off|p1a: Greninja
|-crit|p1a: Greninja
|-damage|p1a: Greninja|0 fnt
|-enditem|p1a: Greninja|Life Orb|[from] move: Knock Off|[of] p2a: Azumarill
|faint|p1a: Greninja
|
|
|switch|p1a: Rotom-Wash|Rotom-Wash, shiny|285\/304 tox
|-damage|p1a: Rotom-Wash|247\/304 tox|[from] Stealth Rock
|turn|24
|
|move|p1a: Rotom-Wash|Volt Switch|p2a: Azumarill
|-supereffective|p2a: Azumarill
|-damage|p2a: Azumarill|0 fnt
|faint|p2a: Azumarill
|
|switch|p1a: Talonflame|Talonflame, M, shiny|83\/309
|-damage|p1a: Talonflame|0 fnt|[from] Stealth Rock
|faint|p1a: Talonflame
|
|
|switch|p1a: Jirachi|Jirachi|187\/341
|-damage|p1a: Jirachi|166\/341|[from] Stealth Rock
|switch|p2a: Keldeo-Resolute|Keldeo-Resolute, shiny|323\/323
|-damage|p2a: Keldeo-Resolute|303\/323|[from] Stealth Rock
|turn|25
|
|move|p1a: Jirachi|U-turn|p2a: Keldeo-Resolute
|-resisted|p2a: Keldeo-Resolute
|-damage|p2a: Keldeo-Resolute|264\/323
|
|switch|p1a: Landorus-Therian|Landorus-Therian, M|341\/363 tox
|-damage|p1a: Landorus-Therian|296\/363 tox|[from] Stealth Rock
|-ability|p1a: Landorus-Therian|Intimidate|[of] p2a: Keldeo-Resolute
|-unboost|p2a: Keldeo-Resolute|atk|1
|move|p2a: Keldeo-Resolute|Secret Sword|p1a: Landorus-Therian
|-resisted|p1a: Landorus-Therian
|-damage|p1a: Landorus-Therian|182\/363 tox
|
|-heal|p1a: Landorus-Therian|204\/363 tox|[from] item: Leftovers
|-damage|p1a: Landorus-Therian|182\/363 tox|[from] psn
|turn|26
|
|switch|p2a: Landorus|Landorus, M, shiny|229\/319
|-damage|p2a: Landorus|190\/319|[from] Stealth Rock
|move|p1a: Landorus-Therian|Earthquake|p2a: Landorus
|-immune|p2a: Landorus|[msg]
|
|-heal|p1a: Landorus-Therian|204\/363 tox|[from] item: Leftovers
|-damage|p1a: Landorus-Therian|160\/363 tox|[from] psn
|turn|27
|
|move|p2a: Landorus|Psychic|p1a: Landorus-Therian
|-damage|p1a: Landorus-Therian|0 fnt
|faint|p1a: Landorus-Therian
|
|
|switch|p1a: Manectric|Manectric-Mega, M|281\/281
|-damage|p1a: Manectric|246\/281|[from] Stealth Rock
|-ability|p1a: Manectric|Intimidate|[of] p2a: Landorus
|-unboost|p2a: Landorus|atk|1
|turn|28
|
|switch|p2a: Heatran|Heatran, F, shiny|296\/323
|-damage|p2a: Heatran|256\/323|[from] Stealth Rock
|move|p1a: Manectric|Hidden Power|p2a: Heatran
|-crit|p2a: Heatran
|-resisted|p2a: Heatran
|-damage|p2a: Heatran|230\/323
|
|turn|29
|
|switch|p1a: Rotom-Wash|Rotom-Wash, shiny|247\/304 tox
|-damage|p1a: Rotom-Wash|209\/304 tox|[from] Stealth Rock
|move|p2a: Heatran|Overheat|p1a: Rotom-Wash
|-resisted|p1a: Rotom-Wash
|-damage|p1a: Rotom-Wash|100\/304 tox
|-unboost|p2a: Heatran|spa|2
|
|-heal|p1a: Rotom-Wash|119\/304 tox|[from] item: Leftovers
|-damage|p1a: Rotom-Wash|100\/304 tox|[from] psn
|turn|30
|
|switch|p2a: Landorus|Landorus, M, shiny|190\/319
|-damage|p2a: Landorus|151\/319|[from] Stealth Rock
|move|p1a: Rotom-Wash|Pain Split|p2a: Landorus
|-sethp|p2a: Landorus|125\/319|p1a: Rotom-Wash|125\/304 tox|[from] move: Pain Split
|
|-heal|p1a: Rotom-Wash|144\/304 tox|[from] item: Leftovers
|-damage|p1a: Rotom-Wash|106\/304 tox|[from] psn
|turn|31
|
|move|p2a: Landorus|Psychic|p1a: Rotom-Wash
|-damage|p1a: Rotom-Wash|0 fnt
|faint|p1a: Rotom-Wash
|
|
|switch|p1a: Jirachi|Jirachi|166\/341
|-damage|p1a: Jirachi|145\/341|[from] Stealth Rock
|turn|32
|
|move|p1a: Jirachi|Iron Head|p2a: Landorus
|-damage|p2a: Landorus|7\/319
|move|p2a: Landorus|Earth Power|p1a: Jirachi
|-supereffective|p1a: Jirachi
|-damage|p1a: Jirachi|0 fnt
|faint|p1a: Jirachi
|
|
|switch|p1a: Manectric|Manectric-Mega, M|246\/281
|-damage|p1a: Manectric|211\/281|[from] Stealth Rock
|-ability|p1a: Manectric|Intimidate|[of] p2a: Landorus
|-unboost|p2a: Landorus|atk|1
|turn|33
|
|move|p1a: Manectric|Hidden Power|p2a: Landorus
|-supereffective|p2a: Landorus
|-damage|p2a: Landorus|0 fnt
|faint|p2a: Landorus
|
|
|switch|p2a: Heatran|Heatran, F, shiny|230\/323
|-damage|p2a: Heatran|190\/323|[from] Stealth Rock
|turn|34
|
|move|p1a: Manectric|Thunderbolt|p2a: Heatran
|-damage|p2a: Heatran|37\/323
|move|p2a: Heatran|Earth Power|p1a: Manectric
|-supereffective|p1a: Manectric
|-damage|p1a: Manectric|0 fnt
|faint|p1a: Manectric
|
|win|Scott24
|raw|Ladder updating...
|c|âScott24|gg
|leave|TARJA TURUNEN
|player|p1
|raw|Ladder (probably) updated, but score could not be retrieved (timeout).
|raw|Ladder (probably) updated, but score could not be retrieved (Error: socket hang up).