|join|zeroalt
|join|TARJA TURUNEN
|player|p1|zeroalt|265
|player|p2|TARJA TURUNEN|78
|gametype|singles
|gen|6
|tier|OU
|rated
|clearpoke
|poke|p1|Gliscor, M
|poke|p1|Venusaur, M
|poke|p1|Bisharp, M
|poke|p1|Tyranitar, M
|poke|p1|Dragonite, M
|poke|p1|Excadrill, M
|poke|p2|Terrakion
|poke|p2|Greninja, F
|poke|p2|Mew
|poke|p2|Medicham, M
|poke|p2|Raikou
|poke|p2|Landorus-Therian, M
|rule|Swagger Clause: Swagger is banned
|rule|Baton Pass Clause: Limit one PokÃ©mon knowing Baton Pass
|rule|Sleep Clause Mod: Limit one foe put to sleep
|rule|Species Clause: Limit one of each PokÃ©mon
|rule|OHKO Clause: OHKO moves are banned
|rule|Moody Clause: Moody is banned
|rule|Evasion Moves Clause: Evasion moves are banned
|rule|Endless Battle Clause: Forcing endless battles is banned
|rule|HP Percentage Mod: HP is shown in percentages
|teampreview
|
|start
|switch|p1a: Venusaur|Venusaur, M|364\/364
|switch|p2a: Medicham|Medicham, M|261\/261
|turn|1
|
|switch|p1a: Tyranitar|Tyranitar, M|341\/341
|-weather|Sandstorm
|detailschange|p2a: Medicham|Medicham-Mega, M
|message|Medicham has Mega Evolved into Mega Medicham!
|move|p2a: Medicham|Fake Out|p1a: Tyranitar
|-resisted|p1a: Tyranitar
|-damage|p1a: Tyranitar|305\/341
|
|-weather|Sandstorm|[upkeep]
|-damage|p2a: Medicham|245\/261|[from] sandstorm
|turn|2
|
|move|p1a: Tyranitar|Crunch|p2a: Medicham
|-damage|p2a: Medicham|80\/261
|move|p2a: Medicham|Drain Punch|p1a: Tyranitar
|-supereffective|p1a: Tyranitar
|-damage|p1a: Tyranitar|0 fnt
|-heal|p2a: Medicham|233\/261|[from] drain|[of] p1a: Tyranitar
|faint|p1a: Tyranitar
|
|-weather|Sandstorm|[upkeep]
|-damage|p2a: Medicham|217\/261|[from] sandstorm
|
|switch|p1a: Excadrill|Excadrill, M|361\/361
|turn|3
|
|switch|p2a: Landorus-Therian|Landorus-Therian, M|319\/319
|-ability|p2a: Landorus-Therian|Intimidate|[of] p1a: Excadrill
|-unboost|p1a: Excadrill|atk|1
|move|p1a: Excadrill|Iron Head|p2a: Landorus-Therian
|-damage|p2a: Landorus-Therian|170\/319
|-damage|p1a: Excadrill|325\/361|[from] item: Life Orb
|
|-weather|Sandstorm|[upkeep]
|turn|4
|
|switch|p1a: Gliscor|Gliscor, M|354\/354
|switch|p2a: Mew|Mew|404\/404
|
|-weather|Sandstorm|[upkeep]
|-damage|p2a: Mew|379\/404|[from] sandstorm
|-heal|p2a: Mew|404\/404|[from] item: Leftovers
|-status|p1a: Gliscor|tox|[from] item: Toxic Orb
|turn|5
|
|move|p2a: Mew|Taunt|p1a: Gliscor
|-start|p1a: Gliscor|move: Taunt
|cant|p1a: Gliscor|move: Taunt|Taunt
|
|-weather|none
|turn|6
|
|switch|p1a: Excadrill|Excadrill, M|325\/361
|move|p2a: Mew|Psychic|p1a: Excadrill
|-resisted|p1a: Excadrill
|-damage|p1a: Excadrill|254\/361
|-unboost|p1a: Excadrill|spd|1
|
|turn|7
|
|move|p1a: Excadrill|Earthquake|p2a: Mew
|-damage|p2a: Mew|197\/404
|-damage|p1a: Excadrill|218\/361|[from] item: Life Orb
|move|p2a: Mew|Will-O-Wisp|p1a: Excadrill
|-status|p1a: Excadrill|brn
|
|-heal|p2a: Mew|222\/404|[from] item: Leftovers
|-damage|p1a: Excadrill|173\/361 brn|[from] brn
|turn|8
|
|move|p1a: Excadrill|Earthquake|p2a: Mew
|-damage|p2a: Mew|112\/404
|-damage|p1a: Excadrill|137\/361 brn|[from] item: Life Orb
|move|p2a: Mew|Soft-Boiled|p2a: Mew
|-heal|p2a: Mew|314\/404
|
|-heal|p2a: Mew|339\/404|[from] item: Leftovers
|-damage|p1a: Excadrill|92\/361 brn|[from] brn
|turn|9
|
|move|p1a: Excadrill|Iron Head|p2a: Mew
|-damage|p2a: Mew|248\/404
|-damage|p1a: Excadrill|56\/361 brn|[from] item: Life Orb
|move|p2a: Mew|Psychic|p1a: Excadrill
|-resisted|p1a: Excadrill
|-damage|p1a: Excadrill|0 fnt
|faint|p1a: Excadrill
|
|-heal|p2a: Mew|273\/404|[from] item: Leftovers
|
|switch|p1a: Gliscor|Gliscor, M|354\/354 tox
|turn|10
|
|move|p2a: Mew|Taunt|p1a: Gliscor
|-start|p1a: Gliscor|move: Taunt
|move|p1a: Gliscor|Earthquake|p2a: Mew
|-damage|p2a: Mew|185\/404
|
|-heal|p2a: Mew|210\/404|[from] item: Leftovers
|turn|11
|
|move|p2a: Mew|Soft-Boiled|p2a: Mew
|-heal|p2a: Mew|404\/404
|move|p1a: Gliscor|Earthquake|p2a: Mew
|-damage|p2a: Mew|313\/404
|
|-heal|p2a: Mew|338\/404|[from] item: Leftovers
|turn|12
|
|move|p2a: Mew|Psychic|p1a: Gliscor
|-damage|p1a: Gliscor|231\/354 tox
|move|p1a: Gliscor|Earthquake|p2a: Mew
|-damage|p2a: Mew|242\/404
|
|-heal|p2a: Mew|267\/404|[from] item: Leftovers
|-heal|p1a: Gliscor|275\/354 tox|[from] ability: Poison Heal
|-end|p1a: Gliscor|move: Taunt
|turn|13
|
|move|p2a: Mew|Taunt|p1a: Gliscor
|-start|p1a: Gliscor|move: Taunt
|cant|p1a: Gliscor|move: Taunt|Taunt
|
|-heal|p2a: Mew|292\/404|[from] item: Leftovers
|-heal|p1a: Gliscor|319\/354 tox|[from] ability: Poison Heal
|turn|14
|
|move|p2a: Mew|Psychic|p1a: Gliscor
|-damage|p1a: Gliscor|184\/354 tox
|move|p1a: Gliscor|Earthquake|p2a: Mew
|-damage|p2a: Mew|192\/404
|
|-heal|p2a: Mew|217\/404|[from] item: Leftovers
|-heal|p1a: Gliscor|228\/354 tox|[from] ability: Poison Heal
|turn|15
|
|switch|p1a: Dragonite|Dragonite, M|323\/323
|move|p2a: Mew|Psychic|p1a: Dragonite
|-damage|p1a: Dragonite|269\/323
|-unboost|p1a: Dragonite|spd|1
|
|-heal|p2a: Mew|242\/404|[from] item: Leftovers
|turn|16
|
|switch|p1a: Gliscor|Gliscor, M|228\/354 tox
|move|p2a: Mew|Will-O-Wisp|p1a: Gliscor|[miss]
|-miss|p2a: Mew|p1a: Gliscor
|
|-heal|p2a: Mew|267\/404|[from] item: Leftovers
|-heal|p1a: Gliscor|272\/354 tox|[from] ability: Poison Heal
|turn|17
|-message|zeroalt forfeited.
|
|win|TARJA TURUNEN
|raw|Ladder updating...
|raw|zeroalt's rating: 1715 &rarr; <strong>1693<\/strong><br \/>(-22 for losing)
|raw|TARJA TURUNEN's rating: 1683 &rarr; <strong>1705<\/strong><br \/>(+22 for winning)
|leave|TARJA TURUNEN
|player|p2