|join|Argue
|join|TARJA TURUNEN
|player|p1|Argue|80
|player|p2|TARJA TURUNEN|260
|gametype|singles
|gen|6
|tier|OU
|rated
|clearpoke
|poke|p1|Cottonee, F, shiny
|poke|p1|Azelf, shiny
|poke|p1|Whimsicott, F, shiny
|poke|p1|Smeargle, M, shiny
|poke|p1|Espeon, F, shiny
|poke|p1|Gothitelle, F, shiny
|poke|p2|Jirachi
|poke|p2|Manectric, F
|poke|p2|Talonflame, M, shiny
|poke|p2|Rotom-Wash, shiny
|poke|p2|Landorus-Therian, M
|poke|p2|Greninja, F, shiny
|rule|Swagger Clause: Swagger is banned
|rule|Baton Pass Clause: Limit one PokÃ©mon knowing Baton Pass
|rule|Sleep Clause Mod: Limit one foe put to sleep
|rule|Species Clause: Limit one of each PokÃ©mon
|rule|OHKO Clause: OHKO moves are banned
|rule|Moody Clause: Moody is banned
|rule|Evasion Moves Clause: Evasion moves are banned
|rule|Endless Battle Clause: Forcing endless battles is banned
|rule|HP Percentage Mod: HP is shown in percentages
|teampreview
|
|start
|switch|p1a: Cottonee|Cottonee, F, shiny|284\/284
|switch|p2a: Jirachi|Jirachi|341\/341
|turn|1
|
|switch|p2a: Manectric|Manectric, F|281\/281
|move|p1a: Cottonee|Tailwind|p1a: Cottonee
|-sidestart|p1: Argue|move: Tailwind
|
|turn|2
|
|detailschange|p2a: Manectric|Manectric-Mega, F
|message|Manectric has Mega Evolved into Mega Manectric!
|-ability|p2a: Manectric|Intimidate|[of] p1a: Cottonee
|-unboost|p1a: Cottonee|atk|1
|move|p1a: Cottonee|Memento|p2a: Manectric
|-unboost|p2a: Manectric|atk|2
|-unboost|p2a: Manectric|spa|2
|faint|p1a: Cottonee
|move|p2a: Manectric|Volt Switch|p1: Cottonee|[notarget]
|-notarget
|
|
|switch|p1a: Azelf|Azelf, shiny|354\/354
|turn|3
|
|move|p1a: Azelf|Reflect|p1a: Azelf
|-sidestart|p1: Argue|Reflect
|move|p2a: Manectric|Volt Switch|p1a: Azelf
|-damage|p1a: Azelf|266\/354
|
|switch|p2a: Jirachi|Jirachi|341\/341
|
|turn|4
|
|move|p1a: Azelf|Light Screen|p1a: Azelf
|-sidestart|p1: Argue|move: Light Screen
|move|p2a: Jirachi|Iron Head|p1a: Azelf
|-damage|p1a: Azelf|187\/354
|
|-sideend|p1: Argue|move: Tailwind
|turn|5
|
|move|p2a: Jirachi|Iron Head|p1a: Azelf
|-damage|p1a: Azelf|106\/354
|move|p1a: Azelf|Explosion|p2a: Jirachi
|-resisted|p2a: Jirachi
|-damage|p2a: Jirachi|217\/341
|faint|p1a: Azelf
|
|
|switch|p1a: Whimsicott|Whimsicott, F, shiny|324\/324
|turn|6
|
|switch|p2a: Manectric|Manectric-Mega, F|281\/281
|-ability|p2a: Manectric|Intimidate|[of] p1a: Whimsicott
|-unboost|p1a: Whimsicott|atk|1
|move|p1a: Whimsicott|Tailwind|p1a: Whimsicott
|-sidestart|p1: Argue|move: Tailwind
|
|turn|7
|
|move|p1a: Whimsicott|Memento|p2a: Manectric
|-unboost|p2a: Manectric|atk|2
|-unboost|p2a: Manectric|spa|2
|faint|p1a: Whimsicott
|move|p2a: Manectric|Volt Switch|p1: Whimsicott|[notarget]
|-notarget
|
|
|switch|p1a: Smeargle|Smeargle, M, shiny|251\/251
|turn|8
|
|move|p1a: Smeargle|Geomancy|p1a: Smeargle|[still]
|-prepare|p1a: Smeargle|Geomancy|p1a: Smeargle
|-enditem|p1a: Smeargle|Power Herb
|-anim|p1a: Smeargle|Geomancy|p1a: Smeargle
|-boost|p1a: Smeargle|spa|2
|-boost|p1a: Smeargle|spd|2
|-boost|p1a: Smeargle|spe|2
|move|p2a: Manectric|Volt Switch|p1a: Smeargle
|-damage|p1a: Smeargle|226\/251
|
|switch|p2a: Talonflame|Talonflame, M, shiny|309\/309
|
|turn|9
|
|move|p2a: Talonflame|Brave Bird|p1a: Smeargle
|-damage|p1a: Smeargle|75\/251
|-damage|p2a: Talonflame|259\/309|[from] recoil|[of] p1a: Smeargle
|move|p1a: Smeargle|Spore|p2a: Talonflame
|-status|p2a: Talonflame|slp
|
|-sideend|p1: Argue|move: Tailwind
|turn|10
|
|switch|p2a: Jirachi|Jirachi|217\/341
|move|p1a: Smeargle|Cotton Guard|p1a: Smeargle
|-boost|p1a: Smeargle|def|3
|
|-sideend|p1: Argue|Reflect
|turn|11
|
|move|p1a: Smeargle|Baton Pass|p1a: Smeargle
|
|switch|p1a: Espeon|Espeon, F, shiny|321\/321
|move|p2a: Jirachi|Iron Head|p1a: Espeon
|-damage|p1a: Espeon|267\/321
|
|-heal|p1a: Espeon|287\/321|[from] item: Leftovers
|-sideend|p1: Argue|move: Light Screen
|turn|12
|
|switch|p2a: Rotom-Wash|Rotom-Wash, shiny|304\/304
|move|p1a: Espeon|Substitute|p1a: Espeon
|-start|p1a: Espeon|Substitute
|-damage|p1a: Espeon|207\/321
|
|-heal|p1a: Espeon|227\/321|[from] item: Leftovers
|turn|13
|
|move|p1a: Espeon|Stored Power|p2a: Rotom-Wash
|-crit|p2a: Rotom-Wash
|-damage|p2a: Rotom-Wash|0 fnt
|faint|p2a: Rotom-Wash
|
|-heal|p1a: Espeon|247\/321|[from] item: Leftovers
|
|switch|p2a: Talonflame|Talonflame, M, shiny|259\/309 slp
|turn|14
|
|cant|p2a: Talonflame|slp
|move|p1a: Espeon|Stored Power|p2a: Talonflame
|-damage|p2a: Talonflame|0 fnt
|faint|p2a: Talonflame
|
|-heal|p1a: Espeon|267\/321|[from] item: Leftovers
|-message|TARJA TURUNEN forfeited.
|
|win|Argue
|raw|Ladder updating...
|leave|TARJA TURUNEN
|player|p2