|join|TARJA TURUNEN
|join|roystopror
|player|p1|TARJA TURUNEN|260
|player|p2|roystopror|280
|gametype|singles
|gen|6
|tier|OU
|rated
|clearpoke
|poke|p1|Jirachi, shiny
|poke|p1|Manectric, M
|poke|p1|Talonflame, F
|poke|p1|Greninja, M
|poke|p1|Rotom-Wash
|poke|p1|Landorus-Therian, M
|poke|p2|Lopunny, M
|poke|p2|Azumarill, F, shiny
|poke|p2|Landorus-Therian, M, shiny
|poke|p2|Talonflame, M, shiny
|poke|p2|Conkeldurr, F, shiny
|poke|p2|Latios, M, shiny
|rule|Swagger Clause: Swagger is banned
|rule|Baton Pass Clause: Limit one PokÃ©mon knowing Baton Pass
|rule|Sleep Clause Mod: Limit one foe put to sleep
|rule|Species Clause: Limit one of each PokÃ©mon
|rule|OHKO Clause: OHKO moves are banned
|rule|Moody Clause: Moody is banned
|rule|Evasion Moves Clause: Evasion moves are banned
|rule|Endless Battle Clause: Forcing endless battles is banned
|rule|HP Percentage Mod: HP is shown in percentages
|teampreview
|
|start
|switch|p1a: Landorus-Therian|Landorus-Therian, M|362\/362
|switch|p2a: Latios|Latios, M, shiny|302\/302
|-ability|p1a: Landorus-Therian|Intimidate|[of] p2a: Latios
|-unboost|p2a: Latios|atk|1
|turn|1
|leave|TARJA TURUNEN
|player|p1
|join|TARJA TURUNEN
|player|p1|TARJA TURUNEN|260
|
|switch|p1a: Jirachi|Jirachi, shiny|341\/341
|move|p2a: Latios|Surf|p1a: Jirachi
|-damage|p1a: Jirachi|206\/341
|-damage|p2a: Latios|272\/302|[from] item: Life Orb
|
|turn|2
|
|switch|p2a: Landorus-Therian|Landorus-Therian, M, shiny|382\/382
|-ability|p2a: Landorus-Therian|Intimidate|[of] p1a: Jirachi
|-unboost|p1a: Jirachi|atk|1
|move|p1a: Jirachi|U-turn|p2a: Landorus-Therian
|-resisted|p2a: Landorus-Therian
|-damage|p2a: Landorus-Therian|359\/382
|
|switch|p1a: Landorus-Therian|Landorus-Therian, M|362\/362
|-ability|p1a: Landorus-Therian|Intimidate|[of] p2a: Landorus-Therian
|-unboost|p2a: Landorus-Therian|atk|1
|
|-heal|p2a: Landorus-Therian|382\/382|[from] item: Leftovers
|turn|3
|
|move|p1a: Landorus-Therian|Stealth Rock|p2a: Landorus-Therian
|-sidestart|p2: roystopror|move: Stealth Rock
|move|p2a: Landorus-Therian|Knock Off|p1a: Landorus-Therian
|-damage|p1a: Landorus-Therian|261\/362
|-enditem|p1a: Landorus-Therian|Leftovers|[from] move: Knock Off|[of] p2a: Landorus-Therian
|
|turn|4
|
|move|p1a: Landorus-Therian|U-turn|p2a: Landorus-Therian
|-resisted|p2a: Landorus-Therian
|-damage|p2a: Landorus-Therian|328\/382
|
|switch|p1a: Manectric|Manectric, M|281\/281
|move|p2a: Landorus-Therian|Stealth Rock|p1a: Manectric
|-sidestart|p1: TARJA TURUNEN|move: Stealth Rock
|
|-heal|p2a: Landorus-Therian|351\/382|[from] item: Leftovers
|turn|5
|
|detailschange|p1a: Manectric|Manectric-Mega, M
|message|Manectric has Mega Evolved into Mega Manectric!
|-ability|p1a: Manectric|Intimidate|[of] p2a: Landorus-Therian
|-unboost|p2a: Landorus-Therian|atk|1
|move|p1a: Manectric|Hidden Power|p2a: Landorus-Therian
|-crit|p2a: Landorus-Therian
|-supereffective|p2a: Landorus-Therian
|-damage|p2a: Landorus-Therian|0 fnt
|faint|p2a: Landorus-Therian
|
|
|switch|p2a: Conkeldurr|Conkeldurr, F, shiny|414\/414
|-damage|p2a: Conkeldurr|389\/414|[from] Stealth Rock
|turn|6
|
|move|p1a: Manectric|Volt Switch|p2a: Conkeldurr
|-damage|p2a: Conkeldurr|266\/414
|
|switch|p1a: Landorus-Therian|Landorus-Therian, M|261\/362
|-damage|p1a: Landorus-Therian|216\/362|[from] Stealth Rock
|-ability|p1a: Landorus-Therian|Intimidate|[of] p2a: Conkeldurr
|-unboost|p2a: Conkeldurr|atk|1
|move|p2a: Conkeldurr|Ice Punch|p1a: Landorus-Therian
|-supereffective|p1a: Landorus-Therian
|-damage|p1a: Landorus-Therian|0 fnt
|faint|p1a: Landorus-Therian
|
|
|switch|p1a: Greninja|Greninja, M|285\/285
|-damage|p1a: Greninja|250\/285|[from] Stealth Rock
|turn|7
|
|move|p1a: Greninja|Extrasensory|p2a: Conkeldurr
|-start|p1a: Greninja|typechange|Psychic|[from] Protean
|-supereffective|p2a: Conkeldurr
|-damage|p2a: Conkeldurr|0 fnt
|-damage|p1a: Greninja|222\/285|[from] item: Life Orb
|faint|p2a: Conkeldurr
|
|
|switch|p2a: Azumarill|Azumarill, F, shiny|404\/404
|-damage|p2a: Azumarill|354\/404|[from] Stealth Rock
|turn|8
|
|move|p1a: Greninja|Hidden Power|p2a: Azumarill
|-start|p1a: Greninja|typechange|Grass|[from] Protean
|-supereffective|p2a: Azumarill
|-damage|p2a: Azumarill|73\/404
|-damage|p1a: Greninja|194\/285|[from] item: Life Orb
|-enditem|p2a: Azumarill|Sitrus Berry|[eat]
|-heal|p2a: Azumarill|174\/404|[from] item: Sitrus Berry
|move|p2a: Azumarill|Belly Drum|p2a: Azumarill
|-fail|p2a: Azumarill
|
|turn|9
|
|move|p2a: Azumarill|Aqua Jet|p1a: Greninja
|-resisted|p1a: Greninja
|-damage|p1a: Greninja|129\/285
|move|p1a: Greninja|Hidden Power|p2a: Azumarill
|-supereffective|p2a: Azumarill
|-damage|p2a: Azumarill|0 fnt
|-damage|p1a: Greninja|101\/285|[from] item: Life Orb
|faint|p2a: Azumarill
|
|
|switch|p2a: Lopunny|Lopunny, M|271\/271
|-damage|p2a: Lopunny|238\/271|[from] Stealth Rock
|turn|10
|
|detailschange|p2a: Lopunny|Lopunny-Mega, M
|message|Lopunny has Mega Evolved into Mega Lopunny!
|move|p2a: Lopunny|Fake Out|p1a: Greninja
|-damage|p1a: Greninja|1\/285
|cant|p1a: Greninja|flinch
|
|turn|11
|
|move|p2a: Lopunny|Return|p1a: Greninja
|-damage|p1a: Greninja|0 fnt
|faint|p1a: Greninja
|
|
|switch|p1a: Jirachi|Jirachi, shiny|206\/341
|-damage|p1a: Jirachi|185\/341|[from] Stealth Rock
|turn|12
|
|move|p1a: Jirachi|Iron Head|p2a: Lopunny
|-damage|p2a: Lopunny|118\/271
|move|p2a: Lopunny|Drain Punch|p1a: Jirachi
|-damage|p1a: Jirachi|38\/341
|-heal|p2a: Lopunny|192\/271|[from] drain|[of] p1a: Jirachi
|
|turn|13
|
|move|p1a: Jirachi|Iron Head|p2a: Lopunny
|-damage|p2a: Lopunny|63\/271
|move|p2a: Lopunny|Return|p1a: Jirachi
|-resisted|p1a: Jirachi
|-damage|p1a: Jirachi|0 fnt
|faint|p1a: Jirachi
|
|
|switch|p1a: Talonflame|Talonflame, F|309\/309
|-damage|p1a: Talonflame|155\/309|[from] Stealth Rock
|turn|14
|
|move|p1a: Talonflame|Brave Bird|p2a: Lopunny
|-supereffective|p2a: Lopunny
|-damage|p2a: Lopunny|0 fnt
|-damage|p1a: Talonflame|134\/309|[from] recoil|[of] p2a: Lopunny
|faint|p2a: Lopunny
|
|
|switch|p2a: Talonflame|Talonflame, M, shiny|298\/298
|-damage|p2a: Talonflame|149\/298|[from] Stealth Rock
|turn|15
|
|move|p2a: Talonflame|Brave Bird|p1a: Talonflame
|-crit|p1a: Talonflame
|-damage|p1a: Talonflame|0 fnt
|-damage|p2a: Talonflame|105\/298|[from] recoil|[of] p1a: Talonflame
|faint|p1a: Talonflame
|
|
|switch|p1a: Manectric|Manectric-Mega, M|281\/281
|-damage|p1a: Manectric|246\/281|[from] Stealth Rock
|-ability|p1a: Manectric|Intimidate|[of] p2a: Talonflame
|-unboost|p2a: Talonflame|atk|1
|turn|16
|
|move|p2a: Talonflame|Brave Bird|p1a: Manectric
|-resisted|p1a: Manectric
|-damage|p1a: Manectric|145\/281
|-damage|p2a: Talonflame|72\/298|[from] recoil|[of] p1a: Manectric
|move|p1a: Manectric|Volt Switch|p2a: Talonflame
|-supereffective|p2a: Talonflame
|-damage|p2a: Talonflame|0 fnt
|faint|p2a: Talonflame
|
|switch|p1a: Rotom-Wash|Rotom-Wash|304\/304
|-damage|p1a: Rotom-Wash|266\/304|[from] Stealth Rock
|
|-heal|p1a: Rotom-Wash|285\/304|[from] item: Leftovers
|
|switch|p2a: Latios|Latios, M, shiny|272\/302
|-damage|p2a: Latios|235\/302|[from] Stealth Rock
|turn|17
|
|move|p2a: Latios|Dragon Pulse|p1a: Rotom-Wash
|-damage|p1a: Rotom-Wash|120\/304
|-damage|p2a: Latios|205\/302|[from] item: Life Orb
|move|p1a: Rotom-Wash|Will-O-Wisp|p2a: Latios
|-status|p2a: Latios|brn
|
|-heal|p1a: Rotom-Wash|139\/304|[from] item: Leftovers
|-damage|p2a: Latios|168\/302 brn|[from] brn
|turn|18
|
|move|p2a: Latios|Dragon Pulse|p1a: Rotom-Wash
|-damage|p1a: Rotom-Wash|0 fnt
|-damage|p2a: Latios|138\/302 brn|[from] item: Life Orb
|faint|p1a: Rotom-Wash
|
|-damage|p2a: Latios|101\/302 brn|[from] brn
|
|switch|p1a: Manectric|Manectric-Mega, M|145\/281
|-damage|p1a: Manectric|110\/281|[from] Stealth Rock
|-ability|p1a: Manectric|Intimidate|[of] p2a: Latios
|-unboost|p2a: Latios|atk|1
|turn|19
|-message|TARJA TURUNEN lost due to inactivity.
|
|win|roystopror
|raw|Ladder updating...
|raw|TARJA TURUNEN's rating: 1543 &rarr; <strong>1523<\/strong><br \/>(-20 for losing)
|raw|roystopror's rating: 1545 &rarr; <strong>1564<\/strong><br \/>(+19 for winning)