|join|TARJA TURUNEN
|join|ohgeedubs
|player|p1|TARJA TURUNEN|78
|player|p2|ohgeedubs|4
|gametype|singles
|gen|6
|tier|OU
|rated
|clearpoke
|poke|p1|Conkeldurr, M
|poke|p1|Mew
|poke|p1|Tyranitar, M
|poke|p1|Alakazam, M
|poke|p1|Excadrill, M
|poke|p1|Rotom-Wash
|poke|p2|Suicune
|poke|p2|Sylveon, M
|poke|p2|Mew
|poke|p2|Landorus-Therian, M
|poke|p2|Heatran, F
|poke|p2|Venusaur, F
|rule|Swagger Clause: Swagger is banned
|rule|Baton Pass Clause: Limit one PokÃ©mon knowing Baton Pass
|rule|Sleep Clause Mod: Limit one foe put to sleep
|rule|Species Clause: Limit one of each PokÃ©mon
|rule|OHKO Clause: OHKO moves are banned
|rule|Moody Clause: Moody is banned
|rule|Evasion Moves Clause: Evasion moves are banned
|rule|Endless Battle Clause: Forcing endless battles is banned
|rule|HP Percentage Mod: HP is shown in percentages
|teampreview
|
|start
|switch|p1a: Rotom-Wash|Rotom-Wash|241\/241
|switch|p2a: Venusaur|Venusaur, F|359\/359
|turn|1
|
|detailschange|p2a: Venusaur|Venusaur-Mega, F
|message|Venusaur has Mega Evolved into Mega Venusaur!
|move|p1a: Rotom-Wash|Volt Switch|p2a: Venusaur
|-resisted|p2a: Venusaur
|-damage|p2a: Venusaur|311\/359
|
|switch|p1a: Tyranitar|Tyranitar, M|404\/404
|-weather|Sandstorm
|move|p2a: Venusaur|Sludge Bomb|p1a: Tyranitar
|-resisted|p1a: Tyranitar
|-damage|p1a: Tyranitar|362\/404
|
|-weather|Sandstorm|[upkeep]
|-damage|p2a: Venusaur|289\/359|[from] sandstorm
|turn|2
|
|move|p2a: Venusaur|Leech Seed|p1a: Tyranitar
|-start|p1a: Tyranitar|move: Leech Seed
|move|p1a: Tyranitar|Stealth Rock|p2a: Venusaur
|-sidestart|p2: ohgeedubs|move: Stealth Rock
|
|-weather|Sandstorm|[upkeep]
|-damage|p2a: Venusaur|267\/359|[from] sandstorm
|-damage|p1a: Tyranitar|312\/404|[from] Leech Seed|[of] p2a: Venusaur
|-heal|p2a: Venusaur|317\/359|[silent]
|turn|3
|
|switch|p1a: Excadrill|Excadrill, M|367\/367
|move|p2a: Venusaur|Leech Seed|p1a: Excadrill
|-start|p1a: Excadrill|move: Leech Seed
|
|-weather|Sandstorm|[upkeep]
|-damage|p2a: Venusaur|295\/359|[from] sandstorm
|-damage|p1a: Excadrill|322\/367|[from] Leech Seed|[of] p2a: Venusaur
|-heal|p2a: Venusaur|340\/359|[silent]
|turn|4
|
|move|p1a: Excadrill|Earthquake|p2a: Venusaur
|-damage|p2a: Venusaur|110\/359
|-damage|p1a: Excadrill|286\/367|[from] item: Life Orb
|move|p2a: Venusaur|Hidden Power|p1a: Excadrill
|-supereffective|p1a: Excadrill
|-damage|p1a: Excadrill|64\/367
|
|-weather|Sandstorm|[upkeep]
|-damage|p2a: Venusaur|88\/359|[from] sandstorm
|-damage|p1a: Excadrill|19\/367|[from] Leech Seed|[of] p2a: Venusaur
|-heal|p2a: Venusaur|133\/359|[silent]
|turn|5
|
|switch|p2a: Suicune|Suicune|404\/404
|-damage|p2a: Suicune|354\/404|[from] Stealth Rock
|-ability|p2a: Suicune|Pressure
|move|p1a: Excadrill|Iron Head|p2a: Suicune
|-resisted|p2a: Suicune
|-damage|p2a: Suicune|286\/404
|-damage|p1a: Excadrill|0 fnt|[from] item: Life Orb
|faint|p1a: Excadrill
|
|-weather|Sandstorm|[upkeep]
|-damage|p2a: Suicune|261\/404|[from] sandstorm
|-heal|p2a: Suicune|286\/404|[from] item: Leftovers
|
|switch|p1a: Rotom-Wash|Rotom-Wash|241\/241
|turn|6
|
|switch|p2a: Sylveon|Sylveon, M|394\/394
|-damage|p2a: Sylveon|345\/394|[from] Stealth Rock
|move|p1a: Rotom-Wash|Volt Switch|p2a: Sylveon
|-damage|p2a: Sylveon|266\/394
|
|switch|p1a: Mew|Mew|404\/404
|
|-weather|Sandstorm|[upkeep]
|-damage|p1a: Mew|379\/404|[from] sandstorm
|-damage|p2a: Sylveon|242\/394|[from] sandstorm
|-heal|p1a: Mew|404\/404|[from] item: Leftovers
|-heal|p2a: Sylveon|266\/394|[from] item: Leftovers
|turn|7
|
|switch|p2a: Heatran|Heatran, F|385\/385
|-damage|p2a: Heatran|337\/385|[from] Stealth Rock
|move|p1a: Mew|Taunt|p2a: Heatran
|-start|p2a: Heatran|move: Taunt
|
|-weather|Sandstorm|[upkeep]
|-damage|p1a: Mew|379\/404|[from] sandstorm
|-heal|p1a: Mew|404\/404|[from] item: Leftovers
|-heal|p2a: Heatran|361\/385|[from] item: Leftovers
|turn|8
|
|switch|p1a: Rotom-Wash|Rotom-Wash|241\/241
|move|p2a: Heatran|Lava Plume|p1a: Rotom-Wash
|-crit|p1a: Rotom-Wash
|-resisted|p1a: Rotom-Wash
|-damage|p1a: Rotom-Wash|158\/241
|
|-weather|none
|-heal|p2a: Heatran|385\/385|[from] item: Leftovers
|turn|9
|
|switch|p2a: Mew|Mew|404\/404
|-damage|p2a: Mew|354\/404|[from] Stealth Rock
|move|p1a: Rotom-Wash|Volt Switch|p2a: Mew
|-damage|p2a: Mew|266\/404
|
|switch|p1a: Alakazam|Alakazam, M|251\/251
|
|-heal|p2a: Mew|291\/404|[from] item: Leftovers
|turn|10
|
|detailschange|p1a: Alakazam|Alakazam-Mega, M
|message|Alakazam has Mega Evolved into Mega Alakazam!
|-ability|p1a: Alakazam|Synchronize|[from] ability: Trace|[of] p2a: Mew
|move|p1a: Alakazam|Calm Mind|p1a: Alakazam
|-boost|p1a: Alakazam|spa|1
|-boost|p1a: Alakazam|spd|1
|move|p2a: Mew|Knock Off|p1a: Alakazam
|-supereffective|p1a: Alakazam
|-damage|p1a: Alakazam|105\/251
|
|-heal|p2a: Mew|316\/404|[from] item: Leftovers
|turn|11
|
|switch|p2a: Venusaur|Venusaur-Mega, F|133\/359
|-damage|p2a: Venusaur|89\/359|[from] Stealth Rock
|move|p1a: Alakazam|Shadow Ball|p2a: Venusaur
|-damage|p2a: Venusaur|0 fnt
|faint|p2a: Venusaur
|
|
|switch|p2a: Landorus-Therian|Landorus-Therian, M|319\/319
|-damage|p2a: Landorus-Therian|280\/319|[from] Stealth Rock
|-ability|p2a: Landorus-Therian|Intimidate|[of] p1a: Alakazam
|-unboost|p1a: Alakazam|atk|1
|turn|12
|
|switch|p1a: Mew|Mew|404\/404
|move|p2a: Landorus-Therian|U-turn|p1a: Mew
|-supereffective|p1a: Mew
|-damage|p1a: Mew|266\/404
|
|switch|p2a: Heatran|Heatran, F|385\/385
|-damage|p2a: Heatran|337\/385|[from] Stealth Rock
|
|-heal|p1a: Mew|291\/404|[from] item: Leftovers
|-heal|p2a: Heatran|361\/385|[from] item: Leftovers
|turn|13
|
|move|p1a: Mew|Taunt|p2a: Heatran
|-start|p2a: Heatran|move: Taunt
|cant|p2a: Heatran|move: Taunt|Stealth Rock
|
|-heal|p1a: Mew|316\/404|[from] item: Leftovers
|-heal|p2a: Heatran|385\/385|[from] item: Leftovers
|turn|14
|
|switch|p1a: Rotom-Wash|Rotom-Wash|158\/241
|move|p2a: Heatran|Lava Plume|p1a: Rotom-Wash
|-resisted|p1a: Rotom-Wash
|-damage|p1a: Rotom-Wash|107\/241
|
|turn|15
|
|switch|p2a: Mew|Mew|316\/404
|-damage|p2a: Mew|266\/404|[from] Stealth Rock
|move|p1a: Rotom-Wash|Trick|p2a: Mew
|-activate|p1a: Rotom-Wash|move: Trick|[of] p2a: Mew
|-item|p2a: Mew|Choice Scarf|[from] move: Trick
|-item|p1a: Rotom-Wash|Leftovers|[from] move: Trick
|
|-heal|p1a: Rotom-Wash|122\/241|[from] item: Leftovers
|turn|16
|
|move|p2a: Mew|Knock Off|p1a: Rotom-Wash
|-damage|p1a: Rotom-Wash|54\/241
|-enditem|p1a: Rotom-Wash|Leftovers|[from] move: Knock Off|[of] p2a: Mew
|move|p1a: Rotom-Wash|Volt Switch|p2a: Mew
|-damage|p2a: Mew|181\/404
|
|switch|p1a: Tyranitar|Tyranitar, M|312\/404
|-weather|Sandstorm
|
|-weather|Sandstorm|[upkeep]
|-damage|p2a: Mew|156\/404|[from] sandstorm
|turn|17
|
|move|p2a: Mew|Knock Off|p1a: Tyranitar
|-resisted|p1a: Tyranitar
|-damage|p1a: Tyranitar|281\/404
|-enditem|p1a: Tyranitar|Smooth Rock|[from] move: Knock Off|[of] p2a: Mew
|move|p1a: Tyranitar|Pursuit|p2a: Mew
|-crit|p2a: Mew
|-supereffective|p2a: Mew
|-damage|p2a: Mew|0 fnt
|faint|p2a: Mew
|
|-weather|Sandstorm|[upkeep]
|
|switch|p2a: Suicune|Suicune|286\/404
|-damage|p2a: Suicune|236\/404|[from] Stealth Rock
|-ability|p2a: Suicune|Pressure
|turn|18
|
|move|p2a: Suicune|Calm Mind|p2a: Suicune
|-boost|p2a: Suicune|spa|1
|-boost|p2a: Suicune|spd|1
|move|p1a: Tyranitar|Stone Edge|p2a: Suicune
|-damage|p2a: Suicune|145\/404
|
|-weather|Sandstorm|[upkeep]
|-damage|p2a: Suicune|120\/404|[from] sandstorm
|-heal|p2a: Suicune|145\/404|[from] item: Leftovers
|turn|19
|
|switch|p1a: Conkeldurr|Conkeldurr, M|395\/395
|move|p2a: Suicune|Rest|p2a: Suicune
|-status|p2a: Suicune|slp
|-heal|p2a: Suicune|404\/404 slp|[silent]
|-status|p2a: Suicune|slp|[from] move: Rest
|
|-weather|Sandstorm|[upkeep]
|-damage|p2a: Suicune|379\/404 slp|[from] sandstorm
|-damage|p1a: Conkeldurr|371\/395|[from] sandstorm
|-heal|p2a: Suicune|404\/404 slp|[from] item: Leftovers
|turn|20
|
|cant|p2a: Suicune|slp
|move|p2a: Suicune|Sleep Talk|p2a: Suicune
|move|p2a: Suicune|Calm Mind|p2a: Suicune|[from]Sleep Talk
|-boost|p2a: Suicune|spa|1
|-boost|p2a: Suicune|spd|1
|move|p1a: Conkeldurr|Knock Off|p2a: Suicune
|-damage|p2a: Suicune|318\/404 slp
|-enditem|p2a: Suicune|Leftovers|[from] move: Knock Off|[of] p1a: Conkeldurr
|
|-weather|Sandstorm|[upkeep]
|-damage|p2a: Suicune|293\/404 slp|[from] sandstorm
|-damage|p1a: Conkeldurr|347\/395|[from] sandstorm
|turn|21
|
|switch|p1a: Mew|Mew|316\/404
|cant|p2a: Suicune|slp
|move|p2a: Suicune|Sleep Talk|p2a: Suicune
|move|p2a: Suicune|Scald|p1a: Mew|[from]Sleep Talk
|-damage|p1a: Mew|139\/404
|
|-weather|Sandstorm|[upkeep]
|-damage|p1a: Mew|114\/404|[from] sandstorm
|-damage|p2a: Suicune|268\/404 slp|[from] sandstorm
|-heal|p1a: Mew|139\/404|[from] item: Leftovers
|turn|22
|
|move|p1a: Mew|Taunt|p2a: Suicune
|-start|p2a: Suicune|move: Taunt
|-curestatus|p2a: Suicune|slp
|move|p2a: Suicune|Scald|p1a: Mew
|-damage|p1a: Mew|0 fnt
|faint|p1a: Mew
|
|-weather|Sandstorm|[upkeep]
|-damage|p2a: Suicune|243\/404|[from] sandstorm
|
|switch|p1a: Conkeldurr|Conkeldurr, M|347\/395
|turn|23
|
|move|p2a: Suicune|Scald|p1a: Conkeldurr
|-damage|p1a: Conkeldurr|197\/395
|move|p1a: Conkeldurr|Drain Punch|p2a: Suicune
|-damage|p2a: Suicune|137\/404
|-heal|p1a: Conkeldurr|250\/395|[from] drain|[of] p2a: Suicune
|
|-weather|none
|turn|24
|
|move|p2a: Suicune|Scald|p1a: Conkeldurr
|-damage|p1a: Conkeldurr|100\/395
|move|p1a: Conkeldurr|Drain Punch|p2a: Suicune
|-damage|p2a: Suicune|35\/404
|-heal|p1a: Conkeldurr|151\/395|[from] drain|[of] p2a: Suicune
|
|-end|p2a: Suicune|move: Taunt
|turn|25
|
|move|p1a: Conkeldurr|Mach Punch|p2a: Suicune
|-damage|p2a: Suicune|0 fnt
|faint|p2a: Suicune
|
|
|switch|p2a: Sylveon|Sylveon, M|266\/394
|-damage|p2a: Sylveon|217\/394|[from] Stealth Rock
|turn|26
|
|move|p2a: Sylveon|Hyper Voice|p1a: Conkeldurr
|-supereffective|p1a: Conkeldurr
|-damage|p1a: Conkeldurr|0 fnt
|faint|p1a: Conkeldurr
|
|-heal|p2a: Sylveon|241\/394|[from] item: Leftovers
|
|switch|p1a: Alakazam|Alakazam-Mega, M|105\/251
|-ability|p1a: Alakazam|Pixilate|[from] ability: Trace|[of] p2a: Sylveon
|turn|27
|
|switch|p2a: Heatran|Heatran, F|385\/385
|-damage|p2a: Heatran|337\/385|[from] Stealth Rock
|move|p1a: Alakazam|Psychic|p2a: Heatran
|-crit|p2a: Heatran
|-resisted|p2a: Heatran
|-damage|p2a: Heatran|227\/385
|
|-heal|p2a: Heatran|251\/385|[from] item: Leftovers
|turn|28
|
|move|p1a: Alakazam|Focus Blast|p2a: Heatran
|-supereffective|p2a: Heatran
|-damage|p2a: Heatran|0 fnt
|faint|p2a: Heatran
|
|
|switch|p2a: Landorus-Therian|Landorus-Therian, M|280\/319
|-damage|p2a: Landorus-Therian|241\/319|[from] Stealth Rock
|-ability|p2a: Landorus-Therian|Intimidate|[of] p1a: Alakazam
|-unboost|p1a: Alakazam|atk|1
|turn|29
|
|switch|p1a: Tyranitar|Tyranitar, M|281\/404
|-weather|Sandstorm
|move|p2a: Landorus-Therian|U-turn|p1a: Tyranitar
|-supereffective|p1a: Tyranitar
|-damage|p1a: Tyranitar|125\/404
|
|switch|p2a: Sylveon|Sylveon, M|241\/394
|-damage|p2a: Sylveon|192\/394|[from] Stealth Rock
|
|-weather|Sandstorm|[upkeep]
|-damage|p2a: Sylveon|168\/394|[from] sandstorm
|-heal|p2a: Sylveon|192\/394|[from] item: Leftovers
|turn|30
|
|move|p2a: Sylveon|Hyper Voice|p1a: Tyranitar
|-supereffective|p1a: Tyranitar
|-damage|p1a: Tyranitar|0 fnt
|faint|p1a: Tyranitar
|
|-weather|Sandstorm|[upkeep]
|-damage|p2a: Sylveon|168\/394|[from] sandstorm
|-heal|p2a: Sylveon|192\/394|[from] item: Leftovers
|
|switch|p1a: Alakazam|Alakazam-Mega, M|105\/251
|-ability|p1a: Alakazam|Pixilate|[from] ability: Trace|[of] p2a: Sylveon
|turn|31
|
|move|p1a: Alakazam|Psychic|p2a: Sylveon
|-damage|p2a: Sylveon|12\/394
|move|p2a: Sylveon|Hyper Voice|p1a: Alakazam
|-damage|p1a: Alakazam|0 fnt
|faint|p1a: Alakazam
|
|-weather|Sandstorm|[upkeep]
|-damage|p2a: Sylveon|0 fnt|[from] sandstorm
|faint|p2a: Sylveon
|
|switch|p2a: Landorus-Therian|Landorus-Therian, M|241\/319
|-damage|p2a: Landorus-Therian|202\/319|[from] Stealth Rock
|switch|p1a: Rotom-Wash|Rotom-Wash|54\/241
|-ability|p2a: Landorus-Therian|Intimidate|[of] p1a: Rotom-Wash
|-unboost|p1a: Rotom-Wash|atk|1
|turn|32
|
|move|p2a: Landorus-Therian|Knock Off|p1a: Rotom-Wash
|-damage|p1a: Rotom-Wash|0 fnt
|faint|p1a: Rotom-Wash
|
|win|ohgeedubs
|raw|Ladder updating...
|raw|TARJA TURUNEN's rating: 1709 &rarr; <strong>1690<\/strong><br \/>(-19 for losing)
|raw|ohgeedubs's rating: 1735 &rarr; <strong>1754<\/strong><br \/>(+19 for winning)
|leave|TARJA TURUNEN
|player|p1