|join|latino
|join|TARJA TURUNEN
|player|p1|latino|266
|player|p2|TARJA TURUNEN|78
|gametype|singles
|gen|6
|tier|OU
|rated
|clearpoke
|poke|p1|Talonflame, M
|poke|p1|Quagsire, F
|poke|p1|Venusaur, F
|poke|p1|Mew
|poke|p1|Thundurus, M
|poke|p1|Clefable, F
|poke|p2|Gyarados, F
|poke|p2|Mew
|poke|p2|Gengar, F
|poke|p2|Alakazam, M
|poke|p2|Dragonite, F
|poke|p2|Machamp, M
|rule|Swagger Clause: Swagger is banned
|rule|Baton Pass Clause: Limit one PokÃ©mon knowing Baton Pass
|rule|Sleep Clause Mod: Limit one foe put to sleep
|rule|Species Clause: Limit one of each PokÃ©mon
|rule|OHKO Clause: OHKO moves are banned
|rule|Moody Clause: Moody is banned
|rule|Evasion Moves Clause: Evasion moves are banned
|rule|Endless Battle Clause: Forcing endless battles is banned
|rule|HP Percentage Mod: HP is shown in percentages
|teampreview
|
|start
|switch|p1a: Talonflame|Talonflame, M|352\/352
|switch|p2a: Mew|Mew|404\/404
|turn|1
|
|move|p1a: Talonflame|Taunt|p2a: Mew
|-start|p2a: Mew|move: Taunt
|cant|p2a: Mew|move: Taunt|Stealth Rock
|
|turn|2
|
|switch|p2a: Gyarados|Gyarados, F|331\/331
|-ability|p2a: Gyarados|Intimidate|[of] p1a: Talonflame
|-unboost|p1a: Talonflame|atk|1
|move|p1a: Talonflame|Will-O-Wisp|p2a: Gyarados
|-status|p2a: Gyarados|brn
|
|-damage|p2a: Gyarados|290\/331 brn|[from] brn
|turn|3
|
|switch|p1a: Venusaur|Venusaur, F|364\/364
|detailschange|p2a: Gyarados|Gyarados-Mega, F
|message|Gyarados has Mega Evolved into Mega Gyarados!
|-ability|p2a: Gyarados|Mold Breaker
|move|p2a: Gyarados|Waterfall|p1a: Venusaur
|-resisted|p1a: Venusaur
|-damage|p1a: Venusaur|328\/364
|
|-damage|p2a: Gyarados|249\/331 brn|[from] brn
|turn|4
|
|detailschange|p1a: Venusaur|Venusaur-Mega, F
|message|Venusaur has Mega Evolved into Mega Venusaur!
|move|p2a: Gyarados|Taunt|p1a: Venusaur
|-start|p1a: Venusaur|move: Taunt
|move|p1a: Venusaur|Sludge Bomb|p2a: Gyarados
|-damage|p2a: Gyarados|155\/331 brn
|
|-damage|p2a: Gyarados|114\/331 brn|[from] brn
|turn|5
|
|switch|p2a: Gengar|Gengar, F|262\/262
|move|p1a: Venusaur|Giga Drain|p2a: Gengar
|-resisted|p2a: Gengar
|-damage|p2a: Gengar|199\/262
|-heal|p1a: Venusaur|360\/364|[from] drain|[of] p2a: Gengar
|
|-heal|p2a: Gengar|215\/262|[from] item: Black Sludge
|turn|6
|
|switch|p1a: Thundurus|Thundurus, M|299\/299
|move|p2a: Gengar|Substitute|p2a: Gengar
|-start|p2a: Gengar|Substitute
|-damage|p2a: Gengar|150\/262
|
|-heal|p2a: Gengar|166\/262|[from] item: Black Sludge
|turn|7
|
|move|p1a: Thundurus|Thunderbolt|p2a: Gengar
|-end|p2a: Gengar|Substitute
|move|p2a: Gengar|Sludge Wave|p1a: Thundurus
|-damage|p1a: Thundurus|82\/299
|
|-heal|p1a: Thundurus|100\/299|[from] item: Leftovers
|-heal|p2a: Gengar|182\/262|[from] item: Black Sludge
|turn|8
|
|switch|p2a: Machamp|Machamp, M|384\/384
|move|p1a: Thundurus|Nasty Plot|p1a: Thundurus
|-boost|p1a: Thundurus|spa|2
|
|-heal|p1a: Thundurus|118\/299|[from] item: Leftovers
|turn|9
|
|move|p1a: Thundurus|Hidden Power|p2a: Machamp
|-supereffective|p2a: Machamp
|-damage|p2a: Machamp|48\/384
|move|p2a: Machamp|Knock Off|p1a: Thundurus
|-damage|p1a: Thundurus|0 fnt
|-enditem|p1a: Thundurus|Leftovers|[from] move: Knock Off|[of] p2a: Machamp
|faint|p1a: Thundurus
|
|
|switch|p1a: Talonflame|Talonflame, M|352\/352
|turn|10
|
|move|p1a: Talonflame|Brave Bird|p2a: Machamp
|-supereffective|p2a: Machamp
|-damage|p2a: Machamp|0 fnt
|-damage|p1a: Talonflame|336\/352|[from] recoil|[of] p2a: Machamp
|faint|p2a: Machamp
|
|-heal|p1a: Talonflame|352\/352|[from] item: Leftovers
|
|switch|p2a: Gengar|Gengar, F|182\/262
|turn|11
|
|move|p1a: Talonflame|Brave Bird|p2a: Gengar
|-damage|p2a: Gengar|0 fnt
|-damage|p1a: Talonflame|292\/352|[from] recoil|[of] p2a: Gengar
|faint|p2a: Gengar
|
|-heal|p1a: Talonflame|314\/352|[from] item: Leftovers
|
|switch|p2a: Dragonite|Dragonite, F|323\/323
|turn|12
|
|switch|p1a: Clefable|Clefable, F|394\/394
|move|p2a: Dragonite|Dragon Claw|p1a: Clefable
|-immune|p1a: Clefable|[msg]
|
|turn|13
|
|switch|p2a: Mew|Mew|404\/404
|move|p1a: Clefable|Moonblast|p2a: Mew
|-damage|p2a: Mew|298\/404
|-unboost|p2a: Mew|spa|1
|
|-heal|p2a: Mew|323\/404|[from] item: Leftovers
|turn|14
|
|switch|p1a: Venusaur|Venusaur-Mega, F|360\/364
|move|p2a: Mew|Taunt|p1a: Venusaur
|-start|p1a: Venusaur|move: Taunt
|
|-heal|p2a: Mew|348\/404|[from] item: Leftovers
|turn|15
|
|move|p2a: Mew|Stealth Rock|p1a: Venusaur
|-sidestart|p1: latino|move: Stealth Rock
|move|p1a: Venusaur|Sludge Bomb|p2a: Mew
|-damage|p2a: Mew|230\/404
|
|-heal|p2a: Mew|255\/404|[from] item: Leftovers
|turn|16
|
|move|p2a: Mew|Will-O-Wisp|p1a: Venusaur
|-status|p1a: Venusaur|brn
|move|p1a: Venusaur|Sludge Bomb|p2a: Mew
|-damage|p2a: Mew|125\/404
|
|-heal|p2a: Mew|150\/404|[from] item: Leftovers
|-damage|p1a: Venusaur|315\/364 brn|[from] brn
|turn|17
|
|move|p2a: Mew|Soft-Boiled|p2a: Mew
|-heal|p2a: Mew|352\/404
|move|p1a: Venusaur|Sludge Bomb|p2a: Mew
|-damage|p2a: Mew|232\/404
|
|-heal|p2a: Mew|257\/404|[from] item: Leftovers
|-damage|p1a: Venusaur|270\/364 brn|[from] brn
|-end|p1a: Venusaur|move: Taunt
|turn|18
|
|switch|p2a: Gyarados|Gyarados-Mega, F|114\/331 brn
|-ability|p2a: Gyarados|Mold Breaker
|move|p1a: Venusaur|Sludge Bomb|p2a: Gyarados
|-damage|p2a: Gyarados|6\/331 brn
|
|-damage|p2a: Gyarados|0 fnt|[from] brn
|-damage|p1a: Venusaur|225\/364 brn|[from] brn
|faint|p2a: Gyarados
|
|switch|p2a: Alakazam|Alakazam, M|252\/252
|turn|19
|
|move|p2a: Alakazam|Calm Mind|p2a: Alakazam
|-boost|p2a: Alakazam|spa|1
|-boost|p2a: Alakazam|spd|1
|move|p1a: Venusaur|Sludge Bomb|p2a: Alakazam
|-damage|p2a: Alakazam|158\/252
|-status|p2a: Alakazam|psn
|
|-damage|p1a: Venusaur|180\/364 brn|[from] brn
|turn|20
|
|move|p2a: Alakazam|Psyshock|p1a: Venusaur
|-supereffective|p1a: Venusaur
|-damage|p1a: Venusaur|0 fnt
|faint|p1a: Venusaur
|
|
|switch|p1a: Talonflame|Talonflame, M|314\/352
|-damage|p1a: Talonflame|138\/352|[from] Stealth Rock
|turn|21
|
|switch|p2a: Dragonite|Dragonite, F|323\/323
|move|p1a: Talonflame|Brave Bird|p2a: Dragonite
|-damage|p2a: Dragonite|267\/323
|-damage|p1a: Talonflame|120\/352|[from] recoil|[of] p2a: Dragonite
|
|-heal|p1a: Talonflame|142\/352|[from] item: Leftovers
|turn|22
|
|switch|p1a: Clefable|Clefable, F|394\/394
|-damage|p1a: Clefable|345\/394|[from] Stealth Rock
|move|p2a: Dragonite|Extreme Speed|p1a: Clefable
|-damage|p1a: Clefable|207\/394
|
|-heal|p1a: Clefable|231\/394|[from] item: Leftovers
|turn|23
|
|switch|p2a: Mew|Mew|257\/404
|move|p1a: Clefable|Moonlight|p1a: Clefable
|-heal|p1a: Clefable|394\/394
|
|-heal|p2a: Mew|282\/404|[from] item: Leftovers
|turn|24
|
|switch|p1a: Mew|Mew|404\/404
|-damage|p1a: Mew|354\/404|[from] Stealth Rock
|move|p2a: Mew|Will-O-Wisp|p1a: Mew
|-status|p1a: Mew|brn
|-status|p2a: Mew|brn
|
|-heal|p2a: Mew|307\/404 brn|[from] item: Leftovers
|-heal|p1a: Mew|379\/404 brn|[from] item: Leftovers
|-damage|p2a: Mew|257\/404 brn|[from] brn
|-damage|p1a: Mew|329\/404 brn|[from] brn
|turn|25
|
|move|p2a: Mew|Taunt|p1a: Mew
|-start|p1a: Mew|move: Taunt
|move|p1a: Mew|Knock Off|p2a: Mew
|-supereffective|p2a: Mew
|-damage|p2a: Mew|197\/404 brn
|-enditem|p2a: Mew|Leftovers|[from] move: Knock Off|[of] p1a: Mew
|
|-heal|p1a: Mew|354\/404 brn|[from] item: Leftovers
|-damage|p2a: Mew|147\/404 brn|[from] brn
|-damage|p1a: Mew|304\/404 brn|[from] brn
|turn|26
|
|move|p2a: Mew|Soft-Boiled|p2a: Mew
|-heal|p2a: Mew|349\/404 brn
|move|p1a: Mew|Knock Off|p2a: Mew
|-supereffective|p2a: Mew
|-damage|p2a: Mew|307\/404 brn
|
|-heal|p1a: Mew|329\/404 brn|[from] item: Leftovers
|-damage|p2a: Mew|257\/404 brn|[from] brn
|-damage|p1a: Mew|279\/404 brn|[from] brn
|turn|27
|
|move|p2a: Mew|Soft-Boiled|p2a: Mew
|-heal|p2a: Mew|404\/404 brn
|move|p1a: Mew|Knock Off|p2a: Mew
|-supereffective|p2a: Mew
|-damage|p2a: Mew|360\/404 brn
|
|-heal|p1a: Mew|304\/404 brn|[from] item: Leftovers
|-damage|p2a: Mew|310\/404 brn|[from] brn
|-damage|p1a: Mew|254\/404 brn|[from] brn
|-end|p1a: Mew|move: Taunt
|turn|28
|
|switch|p1a: Quagsire|Quagsire, F|394\/394
|-damage|p1a: Quagsire|370\/394|[from] Stealth Rock
|move|p2a: Mew|Taunt|p1a: Quagsire
|-start|p1a: Quagsire|move: Taunt
|
|-heal|p1a: Quagsire|394\/394|[from] item: Leftovers
|-damage|p2a: Mew|260\/404 brn|[from] brn
|turn|29
|
|switch|p1a: Mew|Mew|254\/404 brn
|-damage|p1a: Mew|204\/404 brn|[from] Stealth Rock
|move|p2a: Mew|Will-O-Wisp|p1a: Mew
|-fail|p1a: Mew|brn
|
|-heal|p1a: Mew|229\/404 brn|[from] item: Leftovers
|-damage|p2a: Mew|210\/404 brn|[from] brn
|-damage|p1a: Mew|179\/404 brn|[from] brn
|turn|30
|
|move|p2a: Mew|Taunt|p1a: Mew
|-start|p1a: Mew|move: Taunt
|move|p1a: Mew|Knock Off|p2a: Mew
|-supereffective|p2a: Mew
|-damage|p2a: Mew|166\/404 brn
|
|-heal|p1a: Mew|204\/404 brn|[from] item: Leftovers
|-damage|p2a: Mew|116\/404 brn|[from] brn
|-damage|p1a: Mew|154\/404 brn|[from] brn
|turn|31
|
|switch|p1a: Clefable|Clefable, F|394\/394
|-damage|p1a: Clefable|345\/394|[from] Stealth Rock
|move|p2a: Mew|Soft-Boiled|p2a: Mew
|-heal|p2a: Mew|318\/404 brn
|
|-heal|p1a: Clefable|369\/394|[from] item: Leftovers
|-damage|p2a: Mew|268\/404 brn|[from] brn
|turn|32
|
|move|p2a: Mew|Will-O-Wisp|p1a: Clefable
|-status|p1a: Clefable|brn
|move|p1a: Clefable|Moonblast|p2a: Mew
|-damage|p2a: Mew|163\/404 brn
|
|-heal|p1a: Clefable|393\/394 brn|[from] item: Leftovers
|-damage|p2a: Mew|113\/404 brn|[from] brn
|-damage|p1a: Clefable|344\/394 brn|[from] brn
|turn|33
|
|move|p2a: Mew|Soft-Boiled|p2a: Mew
|-heal|p2a: Mew|315\/404 brn
|move|p1a: Clefable|Calm Mind|p1a: Clefable
|-boost|p1a: Clefable|spa|1
|-boost|p1a: Clefable|spd|1
|
|-heal|p1a: Clefable|368\/394 brn|[from] item: Leftovers
|-damage|p2a: Mew|265\/404 brn|[from] brn
|-damage|p1a: Clefable|319\/394 brn|[from] brn
|turn|34
|
|switch|p2a: Alakazam|Alakazam, M|158\/252 psn
|move|p1a: Clefable|Moonblast|p2a: Alakazam
|-damage|p2a: Alakazam|0 fnt
|faint|p2a: Alakazam
|
|-heal|p1a: Clefable|343\/394 brn|[from] item: Leftovers
|-damage|p1a: Clefable|294\/394 brn|[from] brn
|
|switch|p2a: Dragonite|Dragonite, F|267\/323
|turn|35
|
|move|p2a: Dragonite|Earthquake|p1a: Clefable
|-damage|p1a: Clefable|106\/394 brn
|move|p1a: Clefable|Moonblast|p2a: Dragonite
|-supereffective|p2a: Dragonite
|-damage|p2a: Dragonite|0 fnt
|faint|p2a: Dragonite
|
|-heal|p1a: Clefable|130\/394 brn|[from] item: Leftovers
|-damage|p1a: Clefable|81\/394 brn|[from] brn
|
|switch|p2a: Mew|Mew|265\/404 brn
|turn|36
|
|move|p2a: Mew|Taunt|p1a: Clefable
|-start|p1a: Clefable|move: Taunt
|move|p1a: Clefable|Moonblast|p2a: Mew
|-damage|p2a: Mew|108\/404 brn
|
|-heal|p1a: Clefable|105\/394 brn|[from] item: Leftovers
|-damage|p2a: Mew|58\/404 brn|[from] brn
|-damage|p1a: Clefable|56\/394 brn|[from] brn
|turn|37
|
|move|p2a: Mew|Soft-Boiled|p2a: Mew
|-heal|p2a: Mew|260\/404 brn
|move|p1a: Clefable|Moonblast|p2a: Mew
|-damage|p2a: Mew|112\/404 brn
|
|-heal|p1a: Clefable|80\/394 brn|[from] item: Leftovers
|-damage|p2a: Mew|62\/404 brn|[from] brn
|-damage|p1a: Clefable|31\/394 brn|[from] brn
|turn|38
|
|move|p2a: Mew|Soft-Boiled|p2a: Mew
|-heal|p2a: Mew|264\/404 brn
|move|p1a: Clefable|Moonblast|p2a: Mew
|-damage|p2a: Mew|111\/404 brn
|-unboost|p2a: Mew|spa|1
|
|-heal|p1a: Clefable|55\/394 brn|[from] item: Leftovers
|-damage|p2a: Mew|61\/404 brn|[from] brn
|-damage|p1a: Clefable|6\/394 brn|[from] brn
|-end|p1a: Clefable|move: Taunt
|turn|39
|
|move|p2a: Mew|Soft-Boiled|p2a: Mew
|-heal|p2a: Mew|263\/404 brn
|move|p1a: Clefable|Moonblast|p2a: Mew
|-damage|p2a: Mew|107\/404 brn
|-unboost|p2a: Mew|spa|1
|
|-heal|p1a: Clefable|30\/394 brn|[from] item: Leftovers
|-damage|p2a: Mew|57\/404 brn|[from] brn
|-damage|p1a: Clefable|0 fnt|[from] brn
|faint|p1a: Clefable
|
|switch|p1a: Mew|Mew|154\/404 brn
|-damage|p1a: Mew|104\/404 brn|[from] Stealth Rock
|turn|40
|
|move|p2a: Mew|Taunt|p1a: Mew
|-start|p1a: Mew|move: Taunt
|cant|p1a: Mew|move: Taunt|Defog
|
|-heal|p1a: Mew|129\/404 brn|[from] item: Leftovers
|-damage|p2a: Mew|7\/404 brn|[from] brn
|-damage|p1a: Mew|79\/404 brn|[from] brn
|turn|41
|
|move|p2a: Mew|Soft-Boiled|p2a: Mew
|-heal|p2a: Mew|209\/404 brn
|move|p1a: Mew|Knock Off|p2a: Mew
|-supereffective|p2a: Mew
|-damage|p2a: Mew|169\/404 brn
|
|-heal|p1a: Mew|104\/404 brn|[from] item: Leftovers
|-damage|p2a: Mew|119\/404 brn|[from] brn
|-damage|p1a: Mew|54\/404 brn|[from] brn
|turn|42
|
|move|p2a: Mew|Soft-Boiled|p2a: Mew
|-heal|p2a: Mew|321\/404 brn
|move|p1a: Mew|Knock Off|p2a: Mew
|-supereffective|p2a: Mew
|-damage|p2a: Mew|275\/404 brn
|
|-heal|p1a: Mew|79\/404 brn|[from] item: Leftovers
|-damage|p2a: Mew|225\/404 brn|[from] brn
|-damage|p1a: Mew|29\/404 brn|[from] brn
|-end|p1a: Mew|move: Taunt
|turn|43
|
|move|p2a: Mew|Taunt|p1a: Mew
|-start|p1a: Mew|move: Taunt
|move|p1a: Mew|Knock Off|p2a: Mew
|-supereffective|p2a: Mew
|-damage|p2a: Mew|185\/404 brn
|
|-heal|p1a: Mew|54\/404 brn|[from] item: Leftovers
|-damage|p2a: Mew|135\/404 brn|[from] brn
|-damage|p1a: Mew|4\/404 brn|[from] brn
|turn|44
|
|move|p2a: Mew|Soft-Boiled|p2a: Mew
|-heal|p2a: Mew|337\/404 brn
|move|p1a: Mew|Knock Off|p2a: Mew
|-supereffective|p2a: Mew
|-damage|p2a: Mew|293\/404 brn
|
|-heal|p1a: Mew|29\/404 brn|[from] item: Leftovers
|-damage|p2a: Mew|243\/404 brn|[from] brn
|-damage|p1a: Mew|0 fnt|[from] brn
|faint|p1a: Mew
|
|switch|p1a: Quagsire|Quagsire, F|394\/394
|-damage|p1a: Quagsire|370\/394|[from] Stealth Rock
|turn|45
|
|move|p2a: Mew|Will-O-Wisp|p1a: Quagsire
|-status|p1a: Quagsire|brn
|move|p1a: Quagsire|Earthquake|p2a: Mew
|-damage|p2a: Mew|203\/404 brn
|
|-heal|p1a: Quagsire|394\/394 brn|[from] item: Leftovers
|-damage|p2a: Mew|153\/404 brn|[from] brn
|-damage|p1a: Quagsire|345\/394 brn|[from] brn
|turn|46
|
|move|p2a: Mew|Soft-Boiled|p2a: Mew
|-heal|p2a: Mew|355\/404 brn
|move|p1a: Quagsire|Earthquake|p2a: Mew
|-damage|p2a: Mew|312\/404 brn
|
|-heal|p1a: Quagsire|369\/394 brn|[from] item: Leftovers
|-damage|p2a: Mew|262\/404 brn|[from] brn
|-damage|p1a: Quagsire|320\/394 brn|[from] brn
|turn|47
|
|move|p2a: Mew|Taunt|p1a: Quagsire
|-start|p1a: Quagsire|move: Taunt
|move|p1a: Quagsire|Scald|p2a: Mew
|-damage|p2a: Mew|198\/404 brn
|
|-heal|p1a: Quagsire|344\/394 brn|[from] item: Leftovers
|-damage|p2a: Mew|148\/404 brn|[from] brn
|-damage|p1a: Quagsire|295\/394 brn|[from] brn
|turn|48
|
|move|p2a: Mew|Soft-Boiled|p2a: Mew
|-heal|p2a: Mew|350\/404 brn
|move|p1a: Quagsire|Scald|p2a: Mew
|-damage|p2a: Mew|286\/404 brn
|
|-heal|p1a: Quagsire|319\/394 brn|[from] item: Leftovers
|-damage|p2a: Mew|236\/404 brn|[from] brn
|-damage|p1a: Quagsire|270\/394 brn|[from] brn
|turn|49
|
|move|p2a: Mew|Stealth Rock|p1a: Quagsire
|-fail|p1a: Quagsire
|move|p1a: Quagsire|Scald|p2a: Mew
|-damage|p2a: Mew|167\/404 brn
|
|-heal|p1a: Quagsire|294\/394 brn|[from] item: Leftovers
|-damage|p2a: Mew|117\/404 brn|[from] brn
|-damage|p1a: Quagsire|245\/394 brn|[from] brn
|-end|p1a: Quagsire|move: Taunt
|turn|50
|
|move|p2a: Mew|Taunt|p1a: Quagsire
|-start|p1a: Quagsire|move: Taunt
|move|p1a: Quagsire|Scald|p2a: Mew
|-damage|p2a: Mew|47\/404 brn
|
|-heal|p1a: Quagsire|269\/394 brn|[from] item: Leftovers
|-damage|p2a: Mew|0 fnt|[from] brn
|-damage|p1a: Quagsire|220\/394 brn|[from] brn
|faint|p2a: Mew
|
|win|latino
|raw|Ladder updating...
|raw|latino's rating: 1745 &rarr; <strong>1760<\/strong><br \/>(+15 for winning)
|raw|TARJA TURUNEN's rating: 1663 &rarr; <strong>1647<\/strong><br \/>(-16 for losing)
|c|âlatino|gg