|join|FUCKALLHACKERS
|join|TARJA TURUNEN
|player|p1|FUCKALLHACKERS|125
|player|p2|TARJA TURUNEN|78
|gametype|singles
|gen|6
|tier|OU
|rated
|clearpoke
|poke|p1|Landorus-Therian, M, shiny
|poke|p1|Heatran, F, shiny
|poke|p1|Chesnaught, F, shiny
|poke|p1|Suicune, shiny
|poke|p1|Mew, shiny
|poke|p1|Manectric, F, shiny
|poke|p2|Chansey, F
|poke|p2|Slowbro, M
|poke|p2|Arcanine, F
|poke|p2|Nidoqueen, F
|poke|p2|Venusaur, M
|poke|p2|Zapdos
|rule|Swagger Clause: Swagger is banned
|rule|Baton Pass Clause: Limit one PokÃ©mon knowing Baton Pass
|rule|Sleep Clause Mod: Limit one foe put to sleep
|rule|Species Clause: Limit one of each PokÃ©mon
|rule|OHKO Clause: OHKO moves are banned
|rule|Moody Clause: Moody is banned
|rule|Evasion Moves Clause: Evasion moves are banned
|rule|Endless Battle Clause: Forcing endless battles is banned
|rule|HP Percentage Mod: HP is shown in percentages
|teampreview
|
|start
|switch|p1a: Suicune|Suicune, shiny|403\/403
|switch|p2a: ZAPTWO|Zapdos|384\/384
|-ability|p2a: ZAPTWO|Pressure
|-ability|p1a: Suicune|Pressure
|turn|1
|
|switch|p1a: Manectric|Manectric, F, shiny|281\/281
|move|p2a: ZAPTWO|Thunderbolt|p1a: Manectric
|-boost|p1a: Manectric|spa|1|[from] ability: Lightning Rod
|
|turn|2
|
|detailschange|p1a: Manectric|Manectric-Mega, F, shiny
|message|Manectric has Mega Evolved into Mega Manectric!
|-ability|p1a: Manectric|Intimidate|[of] p2a: ZAPTWO
|-unboost|p2a: ZAPTWO|atk|1
|move|p1a: Manectric|Volt Switch|p2a: ZAPTWO
|-damage|p2a: ZAPTWO|174\/384
|
|switch|p1a: Heatran|Heatran, F, shiny|386\/386
|move|p2a: ZAPTWO|Toxic|p1a: Heatran
|-fail|p1a: Heatran
|
|-heal|p2a: ZAPTWO|198\/384|[from] item: Leftovers
|turn|3
|
|move|p2a: ZAPTWO|Roost|p2a: ZAPTWO
|-heal|p2a: ZAPTWO|384\/384
|move|p1a: Heatran|Stealth Rock|p2a: ZAPTWO
|-sidestart|p2: TARJA TURUNEN|move: Stealth Rock
|
|turn|4
|
|move|p2a: ZAPTWO|Defog|p1a: Heatran
|-unboost|p1a: Heatran|evasion|1
|-sideend|p2: TARJA TURUNEN|Stealth Rock|[from] move: Defog|[of] p2a: ZAPTWO
|move|p1a: Heatran|Toxic|p2a: ZAPTWO
|-status|p2a: ZAPTWO|tox
|
|-damage|p2a: ZAPTWO|360\/384 tox|[from] psn
|turn|5
|
|switch|p2a: STARTER|Venusaur, M|364\/364
|move|p1a: Heatran|Stealth Rock|p2a: STARTER
|-sidestart|p2: TARJA TURUNEN|move: Stealth Rock
|
|turn|6
|
|switch|p1a: Chesnaught|Chesnaught, F, shiny|379\/379
|detailschange|p2a: STARTER|Venusaur-Mega, M
|message|Venusaur has Mega Evolved into Mega Venusaur!
|move|p2a: STARTER|Leech Seed|p1a: Chesnaught
|-immune|p1a: Chesnaught|[msg]
|
|turn|7
|
|switch|p2a: NIDO MADONNA|Nidoqueen, F|384\/384
|-damage|p2a: NIDO MADONNA|360\/384|[from] Stealth Rock
|move|p1a: Chesnaught|Spikes|p2a: NIDO MADONNA
|-sidestart|p2: TARJA TURUNEN|Spikes
|
|-heal|p2a: NIDO MADONNA|384\/384|[from] item: Black Sludge
|turn|8
|
|switch|p1a: Landorus-Therian|Landorus-Therian, M, shiny|323\/323
|-ability|p1a: Landorus-Therian|Intimidate|[of] p2a: NIDO MADONNA
|-unboost|p2a: NIDO MADONNA|atk|1
|move|p2a: NIDO MADONNA|Poison Jab|p1a: Landorus-Therian
|-resisted|p1a: Landorus-Therian
|-damage|p1a: Landorus-Therian|280\/323
|
|turn|9
|
|switch|p2a: Slowbro|Slowbro, M|394\/394
|-damage|p2a: Slowbro|345\/394|[from] Stealth Rock
|-damage|p2a: Slowbro|296\/394|[from] Spikes
|move|p1a: Landorus-Therian|U-turn|p2a: Slowbro
|-supereffective|p2a: Slowbro
|-damage|p2a: Slowbro|164\/394
|-damage|p1a: Landorus-Therian|227\/323|[from] item: Rocky Helmet|[of] p2a: Slowbro
|
|switch|p1a: Manectric|Manectric-Mega, F, shiny|281\/281
|-ability|p1a: Manectric|Intimidate|[of] p2a: Slowbro
|-unboost|p2a: Slowbro|atk|1
|
|turn|10
|
|switch|p2a: JOEY|Chansey, F|704\/704
|-damage|p2a: JOEY|616\/704|[from] Stealth Rock
|-damage|p2a: JOEY|528\/704|[from] Spikes
|move|p1a: Manectric|Volt Switch|p2a: JOEY
|-damage|p2a: JOEY|450\/704
|
|switch|p1a: Chesnaught|Chesnaught, F, shiny|379\/379
|
|turn|11
|c|âFUCKALLHACKERS|STALL IS FOR SKILLESS PITIFUL PATHETIC SHAMEFUL COWARDS ONLY
|c|âFUCKALLHACKERS|WHO CANT PLAY WITH A REAL TEAM
|c|âFUCKALLHACKERS|THAT TAKES SKILL
|
|move|p1a: Chesnaught|Spikes|p2a: JOEY
|-sidestart|p2: TARJA TURUNEN|Spikes
|move|p2a: JOEY|Stealth Rock|p1a: Chesnaught
|-sidestart|p1: FUCKALLHACKERS|move: Stealth Rock
|
|turn|12
|
|move|p1a: Chesnaught|Hammer Arm|p2a: JOEY
|-supereffective|p2a: JOEY
|-damage|p2a: JOEY|138\/704
|-unboost|p1a: Chesnaught|spe|1
|move|p2a: JOEY|Toxic|p1a: Chesnaught
|-status|p1a: Chesnaught|tox
|
|-damage|p1a: Chesnaught|356\/379 tox|[from] psn
|turn|13
|
|switch|p2a: ZAPTWO|Zapdos|360\/384 tox
|-damage|p2a: ZAPTWO|264\/384 tox|[from] Stealth Rock
|-ability|p2a: ZAPTWO|Pressure
|move|p1a: Chesnaught|Roar|p2a: ZAPTWO
|drag|p2a: JOEY|Chansey, F|138\/704
|-damage|p2a: JOEY|50\/704|[from] Stealth Rock
|-damage|p2a: JOEY|0 fnt|[from] Spikes
|faint|p2a: JOEY
|
|-heal|p1a: Chesnaught|379\/379 tox|[from] item: Leftovers
|-damage|p1a: Chesnaught|333\/379 tox|[from] psn
|c|âFUCKALLHACKERS|GAME OVER
|
|switch|p2a: ZAPTWO|Zapdos|264\/384 tox
|-damage|p2a: ZAPTWO|168\/384 tox|[from] Stealth Rock
|-ability|p2a: ZAPTWO|Pressure
|turn|14
|
|switch|p1a: Landorus-Therian|Landorus-Therian, M, shiny|227\/323
|-damage|p1a: Landorus-Therian|187\/323|[from] Stealth Rock
|-ability|p1a: Landorus-Therian|Intimidate|[of] p2a: ZAPTWO
|-unboost|p2a: ZAPTWO|atk|1
|move|p2a: ZAPTWO|Defog|p1a: Landorus-Therian
|-unboost|p1a: Landorus-Therian|evasion|1
|-sideend|p1: FUCKALLHACKERS|Stealth Rock|[from] move: Defog|[of] p1a: Landorus-Therian
|-sideend|p2: TARJA TURUNEN|Spikes|[from] move: Defog|[of] p2a: ZAPTWO
|-sideend|p2: TARJA TURUNEN|Stealth Rock|[from] move: Defog|[of] p2a: ZAPTWO
|
|-heal|p2a: ZAPTWO|192\/384 tox|[from] item: Leftovers
|-damage|p2a: ZAPTWO|168\/384 tox|[from] psn
|turn|15
|
|switch|p2a: Slowbro|Slowbro, M|295\/394
|move|p1a: Landorus-Therian|Rock Slide|p2a: Slowbro
|-damage|p2a: Slowbro|228\/394
|
|turn|16
|
|switch|p1a: Mew|Mew, shiny|403\/403
|move|p2a: Slowbro|Ice Beam|p1a: Mew
|-damage|p1a: Mew|352\/403
|
|-heal|p1a: Mew|377\/403|[from] item: Leftovers
|turn|17
|
|switch|p2a: STARTER|Venusaur-Mega, M|364\/364
|move|p1a: Mew|Knock Off|p2a: STARTER
|-damage|p2a: STARTER|319\/364
|
|-heal|p1a: Mew|402\/403|[from] item: Leftovers
|turn|18
|
|switch|p1a: Chesnaught|Chesnaught, F, shiny|333\/379 tox
|switch|p2a: FIRE DOG|Arcanine, F|321\/321
|-ability|p2a: FIRE DOG|Intimidate|[of] p1a: Chesnaught
|-unboost|p1a: Chesnaught|atk|1
|
|-heal|p1a: Chesnaught|356\/379 tox|[from] item: Leftovers
|-damage|p1a: Chesnaught|333\/379 tox|[from] psn
|turn|19
|
|switch|p2a: ZAPTWO|Zapdos|168\/384 tox
|-ability|p2a: ZAPTWO|Pressure
|switch|p1a: Suicune|Suicune, shiny|403\/403
|-ability|p1a: Suicune|Pressure
|
|-heal|p2a: ZAPTWO|192\/384 tox|[from] item: Leftovers
|-damage|p2a: ZAPTWO|168\/384 tox|[from] psn
|turn|20
|
|switch|p1a: Manectric|Manectric-Mega, F, shiny|281\/281
|-ability|p1a: Manectric|Intimidate|[of] p2a: ZAPTWO
|-unboost|p2a: ZAPTWO|atk|1
|move|p2a: ZAPTWO|Roost|p2a: ZAPTWO
|-heal|p2a: ZAPTWO|360\/384 tox
|
|-heal|p2a: ZAPTWO|384\/384 tox|[from] item: Leftovers
|-damage|p2a: ZAPTWO|336\/384 tox|[from] psn
|turn|21
|
|move|p1a: Manectric|Volt Switch|p2a: ZAPTWO
|-damage|p2a: ZAPTWO|195\/384 tox
|
|switch|p1a: Heatran|Heatran, F, shiny|386\/386
|move|p2a: ZAPTWO|Thunderbolt|p1a: Heatran
|-crit|p1a: Heatran
|-damage|p1a: Heatran|239\/386
|
|-heal|p2a: ZAPTWO|219\/384 tox|[from] item: Leftovers
|-heal|p1a: Heatran|263\/386|[from] item: Leftovers
|-damage|p2a: ZAPTWO|147\/384 tox|[from] psn
|turn|22
|
|move|p2a: ZAPTWO|Roost|p2a: ZAPTWO
|-heal|p2a: ZAPTWO|339\/384 tox
|move|p1a: Heatran|Stealth Rock|p2a: ZAPTWO
|-sidestart|p2: TARJA TURUNEN|move: Stealth Rock
|
|-heal|p2a: ZAPTWO|363\/384 tox|[from] item: Leftovers
|-heal|p1a: Heatran|287\/386|[from] item: Leftovers
|-damage|p2a: ZAPTWO|267\/384 tox|[from] psn
|turn|23
|c|âFUCKALLHACKERS|APOLOGISE NOW FOR BS PITIFUL PATHETIC SCRUB CRIT HAX
|
|switch|p2a: STARTER|Venusaur-Mega, M|319\/364
|-damage|p2a: STARTER|274\/364|[from] Stealth Rock
|move|p1a: Heatran|Stealth Rock|p2a: STARTER
|-fail|p2a: STARTER
|
|-heal|p1a: Heatran|311\/386|[from] item: Leftovers
|turn|24
|
|switch|p1a: Chesnaught|Chesnaught, F, shiny|333\/379 tox
|move|p2a: STARTER|Leech Seed|p1a: Chesnaught
|-immune|p1a: Chesnaught|[msg]
|
|-heal|p1a: Chesnaught|356\/379 tox|[from] item: Leftovers
|-damage|p1a: Chesnaught|333\/379 tox|[from] psn
|turn|25
|
|switch|p1a: Manectric|Manectric-Mega, F, shiny|281\/281
|-ability|p1a: Manectric|Intimidate|[of] p2a: STARTER
|-unboost|p2a: STARTER|atk|1
|move|p2a: STARTER|Synthesis|p2a: STARTER
|-heal|p2a: STARTER|364\/364
|
|turn|26
|
|move|p1a: Manectric|Volt Switch|p2a: STARTER
|-resisted|p2a: STARTER
|-damage|p2a: STARTER|326\/364
|
|switch|p1a: Chesnaught|Chesnaught, F, shiny|333\/379 tox
|move|p2a: STARTER|Sludge Bomb|p1a: Chesnaught
|-immune|p1a: Chesnaught|[msg]|[from] Bulletproof
|
|-heal|p1a: Chesnaught|356\/379 tox|[from] item: Leftovers
|-damage|p1a: Chesnaught|333\/379 tox|[from] psn
|turn|27
|
|switch|p2a: ZAPTWO|Zapdos|267\/384 tox
|-damage|p2a: ZAPTWO|171\/384 tox|[from] Stealth Rock
|-ability|p2a: ZAPTWO|Pressure
|move|p1a: Chesnaught|Spikes|p2a: ZAPTWO
|-sidestart|p2: TARJA TURUNEN|Spikes
|
|-heal|p2a: ZAPTWO|195\/384 tox|[from] item: Leftovers
|-heal|p1a: Chesnaught|356\/379 tox|[from] item: Leftovers
|-damage|p2a: ZAPTWO|171\/384 tox|[from] psn
|-damage|p1a: Chesnaught|310\/379 tox|[from] psn
|turn|28
|
|switch|p1a: Manectric|Manectric-Mega, F, shiny|281\/281
|-ability|p1a: Manectric|Intimidate|[of] p2a: ZAPTWO
|-unboost|p2a: ZAPTWO|atk|1
|move|p2a: ZAPTWO|Defog|p1a: Manectric
|-unboost|p1a: Manectric|evasion|1
|-sideend|p2: TARJA TURUNEN|Spikes|[from] move: Defog|[of] p2a: ZAPTWO
|-sideend|p2: TARJA TURUNEN|Stealth Rock|[from] move: Defog|[of] p2a: ZAPTWO
|
|-heal|p2a: ZAPTWO|195\/384 tox|[from] item: Leftovers
|-damage|p2a: ZAPTWO|147\/384 tox|[from] psn
|turn|29
|
|switch|p2a: STARTER|Venusaur-Mega, M|326\/364
|move|p1a: Manectric|Hidden Power|p2a: STARTER
|-supereffective|p2a: STARTER
|-damage|p2a: STARTER|276\/364
|
|turn|30
|
|move|p1a: Manectric|Volt Switch|p2a: STARTER
|-resisted|p2a: STARTER
|-damage|p2a: STARTER|232\/364
|
|switch|p1a: Chesnaught|Chesnaught, F, shiny|310\/379 tox
|move|p2a: STARTER|Leech Seed|p1a: Chesnaught
|-immune|p1a: Chesnaught|[msg]
|
|-heal|p1a: Chesnaught|333\/379 tox|[from] item: Leftovers
|-damage|p1a: Chesnaught|310\/379 tox|[from] psn
|turn|31
|
|move|p2a: STARTER|Leech Seed|p1a: Chesnaught|[miss]
|-miss|p2a: STARTER|p1a: Chesnaught
|move|p1a: Chesnaught|Spikes|p2a: STARTER
|-sidestart|p2: TARJA TURUNEN|Spikes
|
|-heal|p1a: Chesnaught|333\/379 tox|[from] item: Leftovers
|-damage|p1a: Chesnaught|287\/379 tox|[from] psn
|turn|32
|
|move|p2a: STARTER|Leech Seed|p1a: Chesnaught|[miss]
|-miss|p2a: STARTER|p1a: Chesnaught
|move|p1a: Chesnaught|Spikes|p2a: STARTER
|-sidestart|p2: TARJA TURUNEN|Spikes
|
|-heal|p1a: Chesnaught|310\/379 tox|[from] item: Leftovers
|-damage|p1a: Chesnaught|241\/379 tox|[from] psn
|turn|33
|
|switch|p1a: Manectric|Manectric-Mega, F, shiny|281\/281
|-ability|p1a: Manectric|Intimidate|[of] p2a: STARTER
|-unboost|p2a: STARTER|atk|1
|move|p2a: STARTER|Synthesis|p2a: STARTER
|-heal|p2a: STARTER|364\/364
|
|turn|34
|
|move|p1a: Manectric|Volt Switch|p2a: STARTER
|-resisted|p2a: STARTER
|-damage|p2a: STARTER|320\/364
|
|switch|p1a: Chesnaught|Chesnaught, F, shiny|241\/379 tox
|move|p2a: STARTER|Leech Seed|p1a: Chesnaught
|-immune|p1a: Chesnaught|[msg]
|
|-heal|p1a: Chesnaught|264\/379 tox|[from] item: Leftovers
|-damage|p1a: Chesnaught|241\/379 tox|[from] psn
|turn|35
|
|switch|p2a: ZAPTWO|Zapdos|147\/384 tox
|-ability|p2a: ZAPTWO|Pressure
|move|p1a: Chesnaught|Synthesis|p1a: Chesnaught
|-heal|p1a: Chesnaught|379\/379 tox
|
|-heal|p2a: ZAPTWO|171\/384 tox|[from] item: Leftovers
|-damage|p2a: ZAPTWO|147\/384 tox|[from] psn
|-damage|p1a: Chesnaught|333\/379 tox|[from] psn
|turn|36
|
|switch|p1a: Manectric|Manectric-Mega, F, shiny|281\/281
|-ability|p1a: Manectric|Intimidate|[of] p2a: ZAPTWO
|-unboost|p2a: ZAPTWO|atk|1
|move|p2a: ZAPTWO|Roost|p2a: ZAPTWO
|-heal|p2a: ZAPTWO|339\/384 tox
|
|-heal|p2a: ZAPTWO|363\/384 tox|[from] item: Leftovers
|-damage|p2a: ZAPTWO|315\/384 tox|[from] psn
|turn|37
|
|switch|p2a: STARTER|Venusaur-Mega, M|320\/364
|-damage|p2a: STARTER|260\/364|[from] Spikes
|move|p1a: Manectric|Thunderbolt|p2a: STARTER
|-resisted|p2a: STARTER
|-damage|p2a: STARTER|211\/364
|
|turn|38
|
|move|p1a: Manectric|Volt Switch|p2a: STARTER
|-resisted|p2a: STARTER
|-damage|p2a: STARTER|169\/364
|
|switch|p1a: Chesnaught|Chesnaught, F, shiny|333\/379 tox
|move|p2a: STARTER|Giga Drain|p1a: Chesnaught
|-crit|p1a: Chesnaught
|-resisted|p1a: Chesnaught
|-damage|p1a: Chesnaught|240\/379 tox
|-heal|p2a: STARTER|216\/364|[from] drain|[of] p1a: Chesnaught
|
|-heal|p1a: Chesnaught|263\/379 tox|[from] item: Leftovers
|-damage|p1a: Chesnaught|240\/379 tox|[from] psn
|turn|39
|
|move|p2a: STARTER|Giga Drain|p1a: Chesnaught
|-resisted|p1a: Chesnaught
|-damage|p1a: Chesnaught|177\/379 tox
|-heal|p2a: STARTER|248\/364|[from] drain|[of] p1a: Chesnaught
|move|p1a: Chesnaught|Synthesis|p1a: Chesnaught
|-heal|p1a: Chesnaught|366\/379 tox
|
|-heal|p1a: Chesnaught|379\/379 tox|[from] item: Leftovers
|-damage|p1a: Chesnaught|333\/379 tox|[from] psn
|turn|40
|
|switch|p1a: Heatran|Heatran, F, shiny|311\/386
|move|p2a: STARTER|Giga Drain|p1a: Heatran
|-resisted|p1a: Heatran
|-damage|p1a: Heatran|292\/386
|-heal|p2a: STARTER|258\/364|[from] drain|[of] p1a: Heatran
|
|-heal|p1a: Heatran|316\/386|[from] item: Leftovers
|turn|41
|
|move|p1a: Heatran|Stealth Rock|p2a: STARTER
|-sidestart|p2: TARJA TURUNEN|move: Stealth Rock
|move|p2a: STARTER|Leech Seed|p1a: Heatran
|-start|p1a: Heatran|move: Leech Seed
|
|-heal|p1a: Heatran|340\/386|[from] item: Leftovers
|-damage|p1a: Heatran|292\/386|[from] Leech Seed|[of] p2a: STARTER
|-heal|p2a: STARTER|306\/364|[silent]
|turn|42
|
|switch|p1a: Chesnaught|Chesnaught, F, shiny|333\/379 tox
|move|p2a: STARTER|Giga Drain|p1a: Chesnaught
|-resisted|p1a: Chesnaught
|-damage|p1a: Chesnaught|266\/379 tox
|-heal|p2a: STARTER|340\/364|[from] drain|[of] p1a: Chesnaught
|
|-heal|p1a: Chesnaught|289\/379 tox|[from] item: Leftovers
|-damage|p1a: Chesnaught|266\/379 tox|[from] psn
|turn|43
|
|move|p2a: STARTER|Giga Drain|p1a: Chesnaught
|-crit|p1a: Chesnaught
|-resisted|p1a: Chesnaught
|-damage|p1a: Chesnaught|172\/379 tox
|-heal|p2a: STARTER|364\/364|[from] drain|[of] p1a: Chesnaught
|move|p1a: Chesnaught|Roar|p2a: STARTER
|drag|p2a: FIRE DOG|Arcanine, F|321\/321
|-damage|p2a: FIRE DOG|241\/321|[from] Stealth Rock
|-damage|p2a: FIRE DOG|188\/321|[from] Spikes
|-ability|p2a: FIRE DOG|Intimidate|[of] p1a: Chesnaught
|-unboost|p1a: Chesnaught|atk|1
|
|-heal|p1a: Chesnaught|195\/379 tox|[from] item: Leftovers
|-damage|p1a: Chesnaught|149\/379 tox|[from] psn
|turn|44
|
|switch|p1a: Suicune|Suicune, shiny|403\/403
|-ability|p1a: Suicune|Pressure
|move|p2a: FIRE DOG|Morning Sun|p2a: FIRE DOG
|-heal|p2a: FIRE DOG|321\/321
|
|turn|45
|
|switch|p2a: STARTER|Venusaur-Mega, M|364\/364
|-damage|p2a: STARTER|319\/364|[from] Stealth Rock
|-damage|p2a: STARTER|259\/364|[from] Spikes
|move|p1a: Suicune|Scald|p2a: STARTER
|-resisted|p2a: STARTER
|-damage|p2a: STARTER|230\/364
|-status|p2a: STARTER|brn
|
|-damage|p2a: STARTER|185\/364 brn|[from] brn
|turn|46
|c|âFUCKALLHACKERS|ALL OVER
|
|switch|p1a: Heatran|Heatran, F, shiny|292\/386
|switch|p2a: ZAPTWO|Zapdos|315\/384 tox
|-damage|p2a: ZAPTWO|219\/384 tox|[from] Stealth Rock
|-ability|p2a: ZAPTWO|Pressure
|
|-heal|p2a: ZAPTWO|243\/384 tox|[from] item: Leftovers
|-heal|p1a: Heatran|316\/386|[from] item: Leftovers
|-damage|p2a: ZAPTWO|219\/384 tox|[from] psn
|turn|47
|
|move|p2a: ZAPTWO|Defog|p1a: Heatran
|-unboost|p1a: Heatran|evasion|1
|-sideend|p2: TARJA TURUNEN|Spikes|[from] move: Defog|[of] p2a: ZAPTWO
|-sideend|p2: TARJA TURUNEN|Stealth Rock|[from] move: Defog|[of] p2a: ZAPTWO
|move|p1a: Heatran|Lava Plume|p2a: ZAPTWO
|-damage|p2a: ZAPTWO|89\/384 tox
|
|-heal|p2a: ZAPTWO|113\/384 tox|[from] item: Leftovers
|-heal|p1a: Heatran|340\/386|[from] item: Leftovers
|-damage|p2a: ZAPTWO|65\/384 tox|[from] psn
|turn|48
|
|move|p2a: ZAPTWO|Roost|p2a: ZAPTWO
|-heal|p2a: ZAPTWO|257\/384 tox
|move|p1a: Heatran|Stealth Rock|p2a: ZAPTWO
|-sidestart|p2: TARJA TURUNEN|move: Stealth Rock
|
|-heal|p2a: ZAPTWO|281\/384 tox|[from] item: Leftovers
|-heal|p1a: Heatran|364\/386|[from] item: Leftovers
|-damage|p2a: ZAPTWO|209\/384 tox|[from] psn
|turn|49
|c|âFUCKALLHACKERS|YOUR TEAM IS SO PATHETIC SKILLESS AND FRAIL
|c|âFUCKALLHACKERS|COMPLETE OUTSKILL BY THE SUPERIOR IMMORTAL ALMIGHTY PRO
|c|âFUCKALLHACKERS|THERES WAY TOO MUCH PRESSURE ON ZAPDOS AND CHANSEY TO DO THEIR JOB
|
|switch|p2a: Slowbro|Slowbro, M|359\/394
|-damage|p2a: Slowbro|310\/394|[from] Stealth Rock
|move|p1a: Heatran|Lava Plume|p2a: Slowbro
|-resisted|p2a: Slowbro
|-damage|p2a: Slowbro|243\/394
|
|-heal|p1a: Heatran|386\/386|[from] item: Leftovers
|turn|50
|c|âFUCKALLHACKERS|PLUS STALL IS FOR SKILLESS COWARDLY PATHETIC SCRUBS WHO CANT WIN WITH A PROPER TEAM
|
|switch|p1a: Mew|Mew, shiny|402\/403
|switch|p2a: STARTER|Venusaur-Mega, M|185\/364 brn
|-damage|p2a: STARTER|140\/364 brn|[from] Stealth Rock
|
|-heal|p1a: Mew|403\/403|[from] item: Leftovers
|-damage|p2a: STARTER|95\/364 brn|[from] brn
|turn|51
|
|switch|p1a: Heatran|Heatran, F, shiny|386\/386
|move|p2a: STARTER|Giga Drain|p1a: Heatran
|-resisted|p1a: Heatran
|-damage|p1a: Heatran|367\/386
|-heal|p2a: STARTER|105\/364 brn|[from] drain|[of] p1a: Heatran
|
|-heal|p1a: Heatran|386\/386|[from] item: Leftovers
|-damage|p2a: STARTER|60\/364 brn|[from] brn
|turn|52
|
|move|p1a: Heatran|Lava Plume|p2a: STARTER
|-supereffective|p2a: STARTER
|-damage|p2a: STARTER|0 fnt
|faint|p2a: STARTER
|
|
|switch|p2a: FIRE DOG|Arcanine, F|321\/321
|-damage|p2a: FIRE DOG|241\/321|[from] Stealth Rock
|-ability|p2a: FIRE DOG|Intimidate|[of] p1a: Heatran
|-unboost|p1a: Heatran|atk|1
|turn|53
|
|move|p2a: FIRE DOG|Close Combat|p1a: Heatran
|-supereffective|p1a: Heatran
|-damage|p1a: Heatran|61\/386
|-unboost|p2a: FIRE DOG|def|1
|-unboost|p2a: FIRE DOG|spd|1
|-damage|p2a: FIRE DOG|209\/321|[from] item: Life Orb
|move|p1a: Heatran|Toxic|p2a: FIRE DOG
|-status|p2a: FIRE DOG|tox
|
|-heal|p1a: Heatran|85\/386|[from] item: Leftovers
|-damage|p2a: FIRE DOG|189\/321 tox|[from] psn
|turn|54
|
|switch|p1a: Suicune|Suicune, shiny|403\/403
|-ability|p1a: Suicune|Pressure
|move|p2a: FIRE DOG|Close Combat|p1a: Suicune
|-damage|p1a: Suicune|285\/403
|-unboost|p2a: FIRE DOG|def|1
|-unboost|p2a: FIRE DOG|spd|1
|-damage|p2a: FIRE DOG|157\/321 tox|[from] item: Life Orb
|
|-heal|p1a: Suicune|310\/403|[from] item: Leftovers
|-damage|p2a: FIRE DOG|117\/321 tox|[from] psn
|turn|55
|c|âFUCKALLHACKERS|WHAT WAS THAT A SCRATCH
|-message|TARJA TURUNEN forfeited.
|
|win|FUCKALLHACKERS
|raw|Ladder updating...
|leave|TARJA TURUNEN
|player|p2
|raw|FUCKALLHACKERS's rating: 1600 &rarr; <strong>1622<\/strong><br \/>(+22 for winning)
|raw|TARJA TURUNEN's rating: 1636 &rarr; <strong>1614<\/strong><br \/>(-22 for losing)
|c|âFUCKALLHACKERS|RAGEQUITTING WEAK PITIFUL PATHETIC SHAMEFUL WORTHLESS COWARD
|c|âFUCKALLHACKERS|COMPLETE OUTPLAY BY THE SUPERIOR PRO
|c|âFUCKALLHACKERS|ME>YOU
|c|âFUCKALLHACKERS|SUICUNE CHESNAUGHT HEATRAN> ARCANINE SLOWBRO VENUSAUR