|join|Betapf
|join|TARJA TURUNEN
|player|p1|Betapf|35
|player|p2|TARJA TURUNEN|260
|gametype|singles
|gen|6
|tier|OU
|rated
|clearpoke
|poke|p1|Scizor, M
|poke|p1|Talonflame, M
|poke|p1|Manectric, M
|poke|p1|Gyarados, M
|poke|p1|Terrakion
|poke|p1|Latios, M
|poke|p2|Kyurem-Black
|poke|p2|Mew
|poke|p2|Scizor, M
|poke|p2|Azumarill, F
|poke|p2|Thundurus, M
|poke|p2|Infernape, F
|rule|Swagger Clause: Swagger is banned
|rule|Baton Pass Clause: Limit one PokÃ©mon knowing Baton Pass
|rule|Sleep Clause Mod: Limit one foe put to sleep
|rule|Species Clause: Limit one of each PokÃ©mon
|rule|OHKO Clause: OHKO moves are banned
|rule|Moody Clause: Moody is banned
|rule|Evasion Moves Clause: Evasion moves are banned
|rule|Endless Battle Clause: Forcing endless battles is banned
|rule|HP Percentage Mod: HP is shown in percentages
|teampreview
|
|start
|switch|p1a: Terrakion|Terrakion|324\/324
|switch|p2a: Infernape|Infernape, F|293\/293
|turn|1
|
|move|p1a: Terrakion|Stealth Rock|p2a: Infernape
|-sidestart|p2: TARJA TURUNEN|move: Stealth Rock
|move|p2a: Infernape|Close Combat|p1a: Terrakion
|-supereffective|p1a: Terrakion
|-enditem|p1a: Terrakion|Focus Sash
|-damage|p1a: Terrakion|1\/324
|-unboost|p2a: Infernape|def|1
|-unboost|p2a: Infernape|spd|1
|
|turn|2
|
|move|p2a: Infernape|Stealth Rock|p1a: Terrakion
|-sidestart|p1: Betapf|move: Stealth Rock
|move|p1a: Terrakion|Close Combat|p2a: Infernape
|-enditem|p2a: Infernape|Focus Sash
|-damage|p2a: Infernape|1\/293
|-unboost|p1a: Terrakion|def|1
|-unboost|p1a: Terrakion|spd|1
|
|turn|3
|
|move|p2a: Infernape|Close Combat|p1a: Terrakion
|-supereffective|p1a: Terrakion
|-damage|p1a: Terrakion|0 fnt
|-unboost|p2a: Infernape|def|1
|-unboost|p2a: Infernape|spd|1
|faint|p1a: Terrakion
|
|
|switch|p1a: Manectric|Manectric, M|285\/285
|-damage|p1a: Manectric|250\/285|[from] Stealth Rock
|turn|4
|
|detailschange|p1a: Manectric|Manectric-Mega, M
|message|Manectric has Mega Evolved into Mega Manectric!
|-ability|p1a: Manectric|Intimidate|[of] p2a: Infernape
|-unboost|p2a: Infernape|atk|1
|move|p2a: Infernape|Heat Wave|p1a: Manectric
|-crit|p1a: Manectric
|-damage|p1a: Manectric|0 fnt
|faint|p1a: Manectric
|
|
|switch|p1a: Gyarados|Gyarados, M|345\/345
|-damage|p1a: Gyarados|259\/345|[from] Stealth Rock
|-ability|p1a: Gyarados|Intimidate|[of] p2a: Infernape
|-unboost|p2a: Infernape|atk|1
|turn|5
|
|switch|p2a: Scizor|Scizor, M|343\/343
|-damage|p2a: Scizor|301\/343|[from] Stealth Rock
|move|p1a: Gyarados|Dragon Dance|p1a: Gyarados
|-boost|p1a: Gyarados|atk|1
|-boost|p1a: Gyarados|spe|1
|
|-heal|p1a: Gyarados|280\/345|[from] item: Leftovers
|turn|6
|
|detailschange|p2a: Scizor|Scizor-Mega, M
|message|Scizor has Mega Evolved into Mega Scizor!
|move|p1a: Gyarados|Substitute|p1a: Gyarados
|-start|p1a: Gyarados|Substitute
|-damage|p1a: Gyarados|194\/345
|move|p2a: Scizor|Knock Off|p1a: Gyarados
|-end|p1a: Gyarados|Substitute
|
|-heal|p1a: Gyarados|215\/345|[from] item: Leftovers
|turn|7
|
|move|p1a: Gyarados|Waterfall|p2a: Scizor
|-damage|p2a: Scizor|159\/343
|move|p2a: Scizor|Knock Off|p1a: Gyarados
|-damage|p1a: Gyarados|87\/345
|-enditem|p1a: Gyarados|Leftovers|[from] move: Knock Off|[of] p2a: Scizor
|
|turn|8
|
|move|p1a: Gyarados|Substitute|p1a: Gyarados
|-start|p1a: Gyarados|Substitute
|-damage|p1a: Gyarados|1\/345
|move|p2a: Scizor|Roost|p2a: Scizor
|-heal|p2a: Scizor|331\/343
|
|turn|9
|
|move|p1a: Gyarados|Waterfall|p2a: Scizor
|-damage|p2a: Scizor|178\/343
|move|p2a: Scizor|Knock Off|p1a: Gyarados
|-end|p1a: Gyarados|Substitute
|
|turn|10
|
|move|p2a: Scizor|Bullet Punch|p1a: Gyarados
|-resisted|p1a: Gyarados
|-damage|p1a: Gyarados|0 fnt
|faint|p1a: Gyarados
|
|
|switch|p1a: Talonflame|Talonflame, M|319\/319
|-damage|p1a: Talonflame|160\/319|[from] Stealth Rock
|turn|11
|
|switch|p2a: Infernape|Infernape, F|1\/293
|-damage|p2a: Infernape|0 fnt|[from] Stealth Rock
|faint|p2a: Infernape
|move|p1a: Talonflame|Flare Blitz|p2: Infernape|[notarget]
|-notarget
|
|
|switch|p2a: Azumarill|Azumarill, F|403\/403
|-damage|p2a: Azumarill|353\/403|[from] Stealth Rock
|turn|12
|
|move|p1a: Talonflame|Brave Bird|p2a: Azumarill
|-damage|p2a: Azumarill|139\/403
|-damage|p1a: Talonflame|89\/319|[from] recoil|[of] p2a: Azumarill
|move|p2a: Azumarill|Waterfall|p1a: Talonflame
|-supereffective|p1a: Talonflame
|-damage|p1a: Talonflame|0 fnt
|faint|p1a: Talonflame
|
|
|switch|p1a: Latios|Latios, M|301\/301
|-damage|p1a: Latios|264\/301|[from] Stealth Rock
|turn|13
|
|move|p1a: Latios|Psyshock|p2a: Azumarill
|-damage|p2a: Azumarill|0 fnt
|-damage|p1a: Latios|234\/301|[from] item: Life Orb
|faint|p2a: Azumarill
|
|
|switch|p2a: Mew|Mew|404\/404
|-damage|p2a: Mew|354\/404|[from] Stealth Rock
|turn|14
|
|move|p1a: Latios|Defog|p2a: Mew
|-unboost|p2a: Mew|evasion|1
|-sideend|p2: TARJA TURUNEN|Stealth Rock|[from] move: Defog|[of] p2a: Mew
|-sideend|p1: Betapf|Stealth Rock|[from] move: Defog|[of] p1a: Latios
|move|p2a: Mew|Soft-Boiled|p2a: Mew
|-heal|p2a: Mew|404\/404
|
|turn|15
|
|move|p1a: Latios|Surf|p2a: Mew
|-damage|p2a: Mew|266\/404
|-damage|p1a: Latios|204\/301|[from] item: Life Orb
|move|p2a: Mew|Soft-Boiled|p2a: Mew
|-heal|p2a: Mew|404\/404
|
|turn|16
|
|move|p1a: Latios|Surf|p2a: Mew
|-damage|p2a: Mew|275\/404
|-damage|p1a: Latios|174\/301|[from] item: Life Orb
|move|p2a: Mew|Will-O-Wisp|p1a: Latios
|-status|p1a: Latios|brn
|
|-heal|p2a: Mew|300\/404|[from] item: Leftovers
|-damage|p1a: Latios|137\/301 brn|[from] brn
|turn|17
|
|move|p1a: Latios|Draco Meteor|p2a: Mew
|-damage|p2a: Mew|10\/404
|-unboost|p1a: Latios|spa|2
|-damage|p1a: Latios|107\/301 brn|[from] item: Life Orb
|move|p2a: Mew|Soft-Boiled|p2a: Mew
|-heal|p2a: Mew|212\/404
|
|-heal|p2a: Mew|237\/404|[from] item: Leftovers
|-damage|p1a: Latios|70\/301 brn|[from] brn
|turn|18
|
|switch|p1a: Scizor|Scizor, M|289\/289
|move|p2a: Mew|Soft-Boiled|p2a: Mew
|-heal|p2a: Mew|404\/404
|
|turn|19
|
|move|p2a: Mew|Will-O-Wisp|p1a: Scizor
|-status|p1a: Scizor|brn
|move|p1a: Scizor|Swords Dance|p1a: Scizor
|-boost|p1a: Scizor|atk|2
|
|-damage|p1a: Scizor|253\/289 brn|[from] brn
|turn|20
|
|move|p2a: Mew|Taunt|p1a: Scizor
|-start|p1a: Scizor|move: Taunt
|cant|p1a: Scizor|move: Taunt|Swords Dance
|
|-damage|p1a: Scizor|217\/289 brn|[from] brn
|turn|21
|
|move|p2a: Mew|Soft-Boiled|p2a: Mew
|-fail|p2a: Mew
|move|p1a: Scizor|Bug Bite|p2a: Mew
|-supereffective|p2a: Mew
|-damage|p2a: Mew|22\/404
|-damage|p1a: Scizor|189\/289 brn|[from] item: Life Orb
|
|-heal|p2a: Mew|47\/404|[from] item: Leftovers
|-damage|p1a: Scizor|153\/289 brn|[from] brn
|turn|22
|
|move|p1a: Scizor|Bullet Punch|p2a: Mew
|-damage|p2a: Mew|0 fnt
|-damage|p1a: Scizor|125\/289 brn|[from] item: Life Orb
|faint|p2a: Mew
|
|-damage|p1a: Scizor|89\/289 brn|[from] brn
|-end|p1a: Scizor|move: Taunt
|
|switch|p2a: Thundurus|Thundurus, M|299\/299
|turn|23
|
|move|p2a: Thundurus|Thunderbolt|p1a: Scizor
|-damage|p1a: Scizor|0 fnt
|-damage|p2a: Thundurus|270\/299|[from] item: Life Orb
|faint|p1a: Scizor
|
|c|âBetapf|gg
|
|switch|p1a: Latios|Latios, M|70\/301 brn
|turn|24
|
|move|p2a: Thundurus|Hidden Power|p1a: Latios
|-supereffective|p1a: Latios
|-damage|p1a: Latios|0 fnt
|-damage|p2a: Thundurus|241\/299|[from] item: Life Orb
|faint|p1a: Latios
|
|win|TARJA TURUNEN
|raw|Ladder updating...
|raw|Betapf's rating: 1597 &rarr; <strong>1579<\/strong><br \/>(-18 for losing)
|raw|TARJA TURUNEN's rating: 1636 &rarr; <strong>1654<\/strong><br \/>(+18 for winning)