|join|TARJA TURUNEN
|join|Jiban123
|player|p1|TARJA TURUNEN|70
|player|p2|Jiban123|99
|gametype|singles
|gen|6
|tier|OU
|rated
|clearpoke
|poke|p1|Beedrill, F
|poke|p1|Clefable, F
|poke|p1|Ferrothorn, M
|poke|p1|Greninja, F
|poke|p1|Latios, M
|poke|p1|Rotom-Wash
|poke|p2|Haxorus, M, shiny
|poke|p2|Blastoise, M
|poke|p2|Arcanine, M
|poke|p2|Talonflame, M
|poke|p2|Lucario, M
|poke|p2|Jolteon, M
|rule|Swagger Clause: Swagger is banned
|rule|Baton Pass Clause: Limit one PokÃ©mon knowing Baton Pass
|rule|Sleep Clause Mod: Limit one foe put to sleep
|rule|Species Clause: Limit one of each PokÃ©mon
|rule|OHKO Clause: OHKO moves are banned
|rule|Moody Clause: Moody is banned
|rule|Evasion Moves Clause: Evasion moves are banned
|rule|Endless Battle Clause: Forcing endless battles is banned
|rule|HP Percentage Mod: HP is shown in percentages
|teampreview
|c|âJiban123|hey tarja
|c|âTARJA TURUNEN|hi
|c|âJiban123|siiiiiing for meee (8)
|c|âTARJA TURUNEN|if you win
|c|âTARJA TURUNEN|a sing for you
|c|âJiban123|haha
|c|âJiban123|okay
|
|start
|switch|p1a: Rotom-Wash|Rotom-Wash|304\/304
|switch|p2a: Arcanine|Arcanine, M|339\/339
|-ability|p2a: Arcanine|Intimidate|[of] p1a: Rotom-Wash
|-unboost|p1a: Rotom-Wash|atk|1
|turn|1
|
|move|p2a: Arcanine|Close Combat|p1a: Rotom-Wash
|-damage|p1a: Rotom-Wash|168\/304
|-unboost|p2a: Arcanine|def|1
|-unboost|p2a: Arcanine|spd|1
|-damage|p2a: Arcanine|306\/339|[from] item: Life Orb
|move|p1a: Rotom-Wash|Hydro Pump|p2a: Arcanine
|-supereffective|p2a: Arcanine
|-damage|p2a: Arcanine|0 fnt
|faint|p2a: Arcanine
|
|-heal|p1a: Rotom-Wash|187\/304|[from] item: Leftovers
|
|switch|p2a: Haxorus|Haxorus, M, shiny|294\/294
|-ability|p2a: Haxorus|Mold Breaker
|turn|2
|
|switch|p1a: Clefable|Clefable, F|394\/394
|move|p2a: Haxorus|Earthquake|p1a: Clefable
|-damage|p1a: Clefable|265\/394
|
|-heal|p1a: Clefable|289\/394|[from] item: Leftovers
|turn|3
|
|move|p2a: Haxorus|Taunt|p1a: Clefable
|-start|p1a: Clefable|move: Taunt
|cant|p1a: Clefable|move: Taunt|Thunder Wave
|
|-heal|p1a: Clefable|313\/394|[from] item: Leftovers
|turn|4
|
|move|p2a: Haxorus|Dragon Dance|p2a: Haxorus
|-boost|p2a: Haxorus|atk|1
|-boost|p2a: Haxorus|spe|1
|move|p1a: Clefable|Moonblast|p2a: Haxorus
|-supereffective|p2a: Haxorus
|-enditem|p2a: Haxorus|Focus Sash
|-damage|p2a: Haxorus|1\/294
|
|-heal|p1a: Clefable|337\/394|[from] item: Leftovers
|turn|5
|
|move|p2a: Haxorus|Earthquake|p1a: Clefable
|-damage|p1a: Clefable|156\/394
|move|p1a: Clefable|Moonblast|p2a: Haxorus
|-supereffective|p2a: Haxorus
|-damage|p2a: Haxorus|0 fnt
|faint|p2a: Haxorus
|
|-heal|p1a: Clefable|180\/394|[from] item: Leftovers
|-end|p1a: Clefable|move: Taunt
|
|switch|p2a: Jolteon|Jolteon, M|271\/271
|turn|6
|
|move|p2a: Jolteon|Thunderbolt|p1a: Clefable
|-damage|p1a: Clefable|33\/394
|-status|p1a: Clefable|par
|move|p1a: Clefable|Wish|p1a: Clefable
|
|-heal|p1a: Clefable|57\/394 par|[from] item: Leftovers
|turn|7
|
|switch|p1a: Rotom-Wash|Rotom-Wash|187\/304
|move|p2a: Jolteon|Thunderbolt|p1a: Rotom-Wash
|-damage|p1a: Rotom-Wash|46\/304
|
|-heal|p1a: Rotom-Wash|243\/304|[from] move: Wish|[wisher] Clefable
|-heal|p1a: Rotom-Wash|262\/304|[from] item: Leftovers
|turn|8
|
|switch|p1a: Clefable|Clefable, F|57\/394 par
|move|p2a: Jolteon|Thunderbolt|p1a: Clefable
|-damage|p1a: Clefable|0 fnt
|faint|p1a: Clefable
|
|
|switch|p1a: Ferrothorn|Ferrothorn, M|352\/352
|turn|9
|
|switch|p2a: Lucario|Lucario, M|282\/282
|move|p1a: Ferrothorn|Leech Seed|p2a: Lucario
|-start|p2a: Lucario|move: Leech Seed
|
|-damage|p2a: Lucario|247\/282|[from] Leech Seed|[of] p1a: Ferrothorn
|turn|10
|
|switch|p1a: Rotom-Wash|Rotom-Wash|262\/304
|move|p2a: Lucario|Close Combat|p1a: Rotom-Wash
|-damage|p1a: Rotom-Wash|117\/304
|-unboost|p2a: Lucario|def|1
|-unboost|p2a: Lucario|spd|1
|
|-heal|p1a: Rotom-Wash|136\/304|[from] item: Leftovers
|-damage|p2a: Lucario|212\/282|[from] Leech Seed|[of] p1a: Rotom-Wash
|-heal|p1a: Rotom-Wash|171\/304|[silent]
|turn|11
|
|move|p2a: Lucario|Close Combat|p1a: Rotom-Wash
|-damage|p1a: Rotom-Wash|24\/304
|-unboost|p2a: Lucario|def|1
|-unboost|p2a: Lucario|spd|1
|move|p1a: Rotom-Wash|Will-O-Wisp|p2a: Lucario
|-status|p2a: Lucario|brn
|
|-heal|p1a: Rotom-Wash|43\/304|[from] item: Leftovers
|-damage|p2a: Lucario|177\/282 brn|[from] Leech Seed|[of] p1a: Rotom-Wash
|-heal|p1a: Rotom-Wash|78\/304|[silent]
|-damage|p2a: Lucario|142\/282 brn|[from] brn
|turn|12
|
|move|p2a: Lucario|Close Combat|p1a: Rotom-Wash
|-damage|p1a: Rotom-Wash|3\/304
|-unboost|p2a: Lucario|def|1
|-unboost|p2a: Lucario|spd|1
|move|p1a: Rotom-Wash|Volt Switch|p2a: Lucario
|-damage|p2a: Lucario|0 fnt
|faint|p2a: Lucario
|
|switch|p1a: Beedrill|Beedrill, F|291\/291
|
|
|switch|p2a: Talonflame|Talonflame, M|309\/309
|turn|13
|
|switch|p1a: Ferrothorn|Ferrothorn, M|352\/352
|move|p2a: Talonflame|Swords Dance|p2a: Talonflame
|-boost|p2a: Talonflame|atk|2
|
|turn|14
|
|move|p2a: Talonflame|Taunt|p1a: Ferrothorn
|-start|p1a: Ferrothorn|move: Taunt
|cant|p1a: Ferrothorn|move: Taunt|Leech Seed
|
|turn|15
|
|move|p2a: Talonflame|Flare Blitz|p1a: Ferrothorn
|-supereffective|p1a: Ferrothorn
|-damage|p1a: Ferrothorn|0 fnt
|-damage|p2a: Talonflame|271\/309|[from] ability: Iron Barbs|[of] p1a: Ferrothorn
|-damage|p2a: Talonflame|155\/309|[from] recoil|[of] p1a: Ferrothorn
|faint|p1a: Ferrothorn
|
|
|switch|p1a: Latios|Latios, M|301\/301
|turn|16
|
|move|p2a: Talonflame|Acrobatics|p1a: Latios
|-damage|p1a: Latios|0 fnt
|faint|p1a: Latios
|
|
|switch|p1a: Greninja|Greninja, F|285\/285
|turn|17
|
|move|p2a: Talonflame|Acrobatics|p1a: Greninja
|-damage|p1a: Greninja|0 fnt
|faint|p1a: Greninja
|
|
|switch|p1a: Rotom-Wash|Rotom-Wash|3\/304
|turn|18
|
|move|p2a: Talonflame|Acrobatics|p1a: Rotom-Wash
|-resisted|p1a: Rotom-Wash
|-damage|p1a: Rotom-Wash|0 fnt
|faint|p1a: Rotom-Wash
|
|
|switch|p1a: Beedrill|Beedrill, F|291\/291
|turn|19
|
|detailschange|p1a: Beedrill|Beedrill-Mega, F
|message|Beedrill has Mega Evolved into Mega Beedrill!
|move|p2a: Talonflame|Acrobatics|p1a: Beedrill
|-supereffective|p1a: Beedrill
|-damage|p1a: Beedrill|0 fnt
|faint|p1a: Beedrill
|
|win|Jiban123
|raw|Ladder updating...
|raw|TARJA TURUNEN's rating: 1537 &rarr; <strong>1517<\/strong><br \/>(-20 for losing)
|raw|Jiban123's rating: 1539 &rarr; <strong>1559<\/strong><br \/>(+20 for winning)
|c|âJiban123|xD
|c|âJiban123|gg
|c|âTARJA TURUNEN|gg
|leave|TARJA TURUNEN
|player|p1