|join|TARJA TURUNEN
|join|tryinitout1
|player|p1|TARJA TURUNEN|78
|player|p2|tryinitout1|269
|gametype|singles
|gen|6
|tier|OU
|rated
|clearpoke
|poke|p1|Conkeldurr, F
|poke|p1|Mew
|poke|p1|Tyranitar, M
|poke|p1|Alakazam, F
|poke|p1|Excadrill, M
|poke|p1|Rotom-Wash
|poke|p2|Shaymin
|poke|p2|Weavile, M
|poke|p2|Manaphy
|poke|p2|Kyurem-Black
|poke|p2|Tentacruel, F
|poke|p2|Politoed, F
|rule|Swagger Clause: Swagger is banned
|rule|Baton Pass Clause: Limit one PokÃ©mon knowing Baton Pass
|rule|Sleep Clause Mod: Limit one foe put to sleep
|rule|Species Clause: Limit one of each PokÃ©mon
|rule|OHKO Clause: OHKO moves are banned
|rule|Moody Clause: Moody is banned
|rule|Evasion Moves Clause: Evasion moves are banned
|rule|Endless Battle Clause: Forcing endless battles is banned
|rule|HP Percentage Mod: HP is shown in percentages
|teampreview
|
|start
|switch|p1a: Rotom-Wash|Rotom-Wash|241\/241
|switch|p2a: Weavile|Weavile, M|284\/284
|turn|1
|
|move|p2a: Weavile|Fake Out|p1a: Rotom-Wash
|-crit|p1a: Rotom-Wash
|-damage|p1a: Rotom-Wash|171\/241
|cant|p1a: Rotom-Wash|flinch
|
|turn|2
|
|move|p1a: Rotom-Wash|Volt Switch|p2a: Weavile
|-damage|p2a: Weavile|160\/284
|
|switch|p1a: Conkeldurr|Conkeldurr, F|395\/395
|move|p2a: Weavile|Knock Off|p1a: Conkeldurr
|-resisted|p1a: Conkeldurr
|-damage|p1a: Conkeldurr|303\/395
|-enditem|p1a: Conkeldurr|Assault Vest|[from] move: Knock Off|[of] p2a: Weavile
|
|turn|3
|
|switch|p2a: Politoed|Politoed, F|322\/322
|-weather|RainDance
|move|p1a: Conkeldurr|Knock Off|p2a: Politoed
|-damage|p2a: Politoed|200\/322
|-enditem|p2a: Politoed|Damp Rock|[from] move: Knock Off|[of] p1a: Conkeldurr
|
|-weather|RainDance|[upkeep]
|turn|4
|
|switch|p2a: Manaphy|Manaphy|401\/401
|move|p1a: Conkeldurr|Drain Punch|p2a: Manaphy
|-damage|p2a: Manaphy|281\/401
|-heal|p1a: Conkeldurr|363\/395|[from] drain|[of] p2a: Manaphy
|
|-weather|RainDance|[upkeep]
|-heal|p2a: Manaphy|306\/401|[from] item: Leftovers
|turn|5
|
|switch|p1a: Rotom-Wash|Rotom-Wash|171\/241
|move|p2a: Manaphy|Tail Glow|p2a: Manaphy
|-boost|p2a: Manaphy|spa|3
|
|-weather|RainDance|[upkeep]
|-heal|p2a: Manaphy|331\/401|[from] item: Leftovers
|turn|6
|
|move|p1a: Rotom-Wash|Volt Switch|p2a: Manaphy
|-supereffective|p2a: Manaphy
|-damage|p2a: Manaphy|107\/401
|
|switch|p1a: Conkeldurr|Conkeldurr, F|363\/395
|move|p2a: Manaphy|Scald|p1a: Conkeldurr
|-damage|p1a: Conkeldurr|0 fnt
|faint|p1a: Conkeldurr
|
|-weather|RainDance|[upkeep]
|-heal|p2a: Manaphy|132\/401|[from] item: Leftovers
|
|switch|p1a: Rotom-Wash|Rotom-Wash|171\/241
|turn|7
|
|switch|p2a: Weavile|Weavile, M|160\/284
|move|p1a: Rotom-Wash|Volt Switch|p2a: Weavile
|-damage|p2a: Weavile|30\/284
|
|switch|p1a: Tyranitar|Tyranitar, M|404\/404
|-weather|Sandstorm
|
|-weather|Sandstorm|[upkeep]
|-damage|p2a: Weavile|13\/284|[from] sandstorm
|turn|8
|
|switch|p1a: Mew|Mew|404\/404
|move|p2a: Weavile|Low Kick|p1a: Mew
|-resisted|p1a: Mew
|-damage|p1a: Mew|394\/404
|
|-weather|Sandstorm|[upkeep]
|-damage|p2a: Weavile|0 fnt|[from] sandstorm
|-damage|p1a: Mew|369\/404|[from] sandstorm
|-heal|p1a: Mew|394\/404|[from] item: Leftovers
|faint|p2a: Weavile
|c|âtryinitout1|so smart
|
|switch|p2a: Politoed|Politoed, F|200\/322
|-weather|RainDance
|turn|9
|
|move|p1a: Mew|Will-O-Wisp|p2a: Politoed
|-status|p2a: Politoed|brn
|move|p2a: Politoed|Scald|p1a: Mew
|-damage|p1a: Mew|253\/404
|-status|p1a: Mew|brn
|
|-weather|RainDance|[upkeep]
|-heal|p1a: Mew|278\/404 brn|[from] item: Leftovers
|-damage|p1a: Mew|228\/404 brn|[from] brn
|-damage|p2a: Politoed|160\/322 brn|[from] brn
|turn|10
|
|switch|p1a: Rotom-Wash|Rotom-Wash|171\/241
|move|p2a: Politoed|Scald|p1a: Rotom-Wash
|-resisted|p1a: Rotom-Wash
|-damage|p1a: Rotom-Wash|108\/241
|
|-weather|RainDance|[upkeep]
|-damage|p2a: Politoed|120\/322 brn|[from] brn
|turn|11
|
|switch|p2a: Shaymin|Shaymin|341\/341
|move|p1a: Rotom-Wash|Volt Switch|p2a: Shaymin
|-resisted|p2a: Shaymin
|-damage|p2a: Shaymin|287\/341
|
|switch|p1a: Mew|Mew|228\/404 brn
|
|-weather|RainDance|[upkeep]
|-heal|p1a: Mew|253\/404 brn|[from] item: Leftovers
|-damage|p1a: Mew|203\/404 brn|[from] brn
|turn|12
|
|move|p2a: Shaymin|Seed Flare|p1a: Mew
|-damage|p1a: Mew|20\/404 brn
|-unboost|p1a: Mew|spd|2
|move|p1a: Mew|Psychic|p2a: Shaymin
|-damage|p2a: Shaymin|181\/341
|
|-weather|RainDance|[upkeep]
|-heal|p1a: Mew|45\/404 brn|[from] item: Leftovers
|-damage|p1a: Mew|0 fnt|[from] brn
|faint|p1a: Mew
|
|switch|p1a: Rotom-Wash|Rotom-Wash|108\/241
|turn|13
|
|move|p2a: Shaymin|Seed Flare|p1a: Rotom-Wash
|-supereffective|p1a: Rotom-Wash
|-damage|p1a: Rotom-Wash|0 fnt
|faint|p1a: Rotom-Wash
|
|-weather|none
|
|switch|p1a: Tyranitar|Tyranitar, M|404\/404
|-weather|Sandstorm
|turn|14
|
|move|p2a: Shaymin|Seed Flare|p1a: Tyranitar
|-supereffective|p1a: Tyranitar
|-damage|p1a: Tyranitar|200\/404
|-unboost|p1a: Tyranitar|spd|2
|move|p1a: Tyranitar|Pursuit|p2a: Shaymin
|-damage|p2a: Shaymin|124\/341
|
|-weather|Sandstorm|[upkeep]
|-damage|p2a: Shaymin|103\/341|[from] sandstorm
|turn|15
|
|move|p2a: Shaymin|Seed Flare|p1a: Tyranitar
|-supereffective|p1a: Tyranitar
|-damage|p1a: Tyranitar|0 fnt
|faint|p1a: Tyranitar
|
|-weather|Sandstorm|[upkeep]
|-damage|p2a: Shaymin|82\/341|[from] sandstorm
|c|âtryinitout1|likely gg
|
|switch|p1a: Alakazam|Alakazam, F|251\/251
|turn|16
|
|move|p2a: Shaymin|Seed Flare|p1a: Alakazam
|-damage|p1a: Alakazam|68\/251
|-unboost|p1a: Alakazam|spd|2
|move|p1a: Alakazam|Psyshock|p2a: Shaymin
|-damage|p2a: Shaymin|0 fnt
|faint|p2a: Shaymin
|
|-weather|Sandstorm|[upkeep]
|
|switch|p2a: Politoed|Politoed, F|120\/322 brn
|-weather|RainDance
|turn|17
|c|âtryinitout1|which one was mega?
|c|âtryinitout1|or did you not have mega
|c|âTARJA TURUNEN|alakazan
|
|detailschange|p1a: Alakazam|Alakazam-Mega, F
|message|Alakazam has Mega Evolved into Mega Alakazam!
|-ability|p1a: Alakazam|Drizzle|[from] ability: Trace|[of] p2a: Politoed
|move|p1a: Alakazam|Psyshock|p2a: Politoed
|-damage|p2a: Politoed|0 fnt
|faint|p2a: Politoed
|
|-weather|RainDance|[upkeep]
|
|switch|p2a: Kyurem-Black|Kyurem-Black|392\/392
|-ability|p2a: Kyurem-Black|Teravolt
|turn|18
|
|switch|p1a: Excadrill|Excadrill, M|367\/367
|move|p2a: Kyurem-Black|Ice Beam|p1a: Excadrill
|-damage|p1a: Excadrill|198\/367
|-status|p1a: Excadrill|frz
|
|-weather|RainDance|[upkeep]
|turn|19
|
|move|p2a: Kyurem-Black|Ice Beam|p1a: Excadrill
|-damage|p1a: Excadrill|8\/367 frz
|cant|p1a: Excadrill|frz
|
|-weather|RainDance|[upkeep]
|turn|20
|
|move|p2a: Kyurem-Black|Ice Beam|p1a: Excadrill
|-damage|p1a: Excadrill|0 fnt
|faint|p1a: Excadrill
|
|-weather|RainDance|[upkeep]
|
|switch|p1a: Alakazam|Alakazam-Mega, F|68\/251
|-ability|p1a: Alakazam|Teravolt|[from] ability: Trace|[of] p2a: Kyurem-Black
|-ability|p1a: Alakazam|Teravolt
|turn|21
|
|switch|p2a: Manaphy|Manaphy|132\/401
|move|p1a: Alakazam|Focus Blast|p2a: Manaphy
|-damage|p2a: Manaphy|0 fnt
|faint|p2a: Manaphy
|
|-weather|none
|
|switch|p2a: Kyurem-Black|Kyurem-Black|392\/392
|-ability|p2a: Kyurem-Black|Teravolt
|turn|22
|c|âtryinitout1|sorry, not taking any chance
|
|move|p2a: Kyurem-Black|Outrage|p1a: Alakazam
|-damage|p1a: Alakazam|0 fnt
|faint|p1a: Alakazam
|
|win|tryinitout1
|raw|Ladder updating...
|raw|TARJA TURUNEN's rating: 1617 &rarr; <strong>1593<\/strong><br \/>(-24 for losing)
|raw|tryinitout1's rating: 1536 &rarr; <strong>1561<\/strong><br \/>(+25 for winning)
|c|âtryinitout1|peace
|leave|TARJA TURUNEN
|player|p1