|join|TARJA TURUNEN
|join|Hogback_fosh_men
|player|p1|TARJA TURUNEN|260
|player|p2|Hogback_fosh_men|265
|gametype|singles
|gen|6
|tier|OU
|rated
|clearpoke
|poke|p1|Jirachi, shiny
|poke|p1|Manectric, M
|poke|p1|Talonflame, F
|poke|p1|Greninja, F
|poke|p1|Rotom-Wash
|poke|p1|Landorus-Therian, M
|poke|p2|Sharpedo, M
|poke|p2|Heatran, F
|poke|p2|Ferrothorn, F
|poke|p2|Zapdos, shiny
|poke|p2|Conkeldurr, M, shiny
|poke|p2|Gengar, M, shiny
|rule|Swagger Clause: Swagger is banned
|rule|Baton Pass Clause: Limit one PokÃ©mon knowing Baton Pass
|rule|Sleep Clause Mod: Limit one foe put to sleep
|rule|Species Clause: Limit one of each PokÃ©mon
|rule|OHKO Clause: OHKO moves are banned
|rule|Moody Clause: Moody is banned
|rule|Evasion Moves Clause: Evasion moves are banned
|rule|Endless Battle Clause: Forcing endless battles is banned
|rule|HP Percentage Mod: HP is shown in percentages
|teampreview
|
|start
|switch|p1a: Greninja|Greninja, F|285\/285
|switch|p2a: Nightmare|Gengar, M, shiny|262\/262
|turn|1
|
|switch|p2a: UncleRucus|Conkeldurr, M, shiny|401\/401
|move|p1a: Greninja|Dark Pulse|p2a: UncleRucus
|-start|p1a: Greninja|typechange|Dark|[from] Protean
|-resisted|p2a: UncleRucus
|-damage|p2a: UncleRucus|328\/401
|-damage|p1a: Greninja|257\/285|[from] item: Life Orb
|
|turn|2
|
|switch|p1a: Landorus-Therian|Landorus-Therian, M|362\/362
|-ability|p1a: Landorus-Therian|Intimidate|[of] p2a: UncleRucus
|-unboost|p2a: UncleRucus|atk|1
|move|p2a: UncleRucus|Knock Off|p1a: Landorus-Therian
|-damage|p1a: Landorus-Therian|277\/362
|-enditem|p1a: Landorus-Therian|Leftovers|[from] move: Knock Off|[of] p2a: UncleRucus
|
|turn|3
|
|switch|p2a: Ferrothorn|Ferrothorn, F|352\/352
|move|p1a: Landorus-Therian|Stealth Rock|p2a: Ferrothorn
|-sidestart|p2: Hogback_fosh_men|move: Stealth Rock
|
|turn|4
|
|switch|p1a: Manectric|Manectric, M|281\/281
|move|p2a: Ferrothorn|Stealth Rock|p1a: Manectric
|-sidestart|p1: TARJA TURUNEN|move: Stealth Rock
|
|turn|5
|
|switch|p2a: Heatran|Heatran, F|324\/324
|-damage|p2a: Heatran|284\/324|[from] Stealth Rock
|detailschange|p1a: Manectric|Manectric-Mega, M
|message|Manectric has Mega Evolved into Mega Manectric!
|-ability|p1a: Manectric|Intimidate|[of] p2a: Heatran
|-unboost|p2a: Heatran|atk|1
|move|p1a: Manectric|Volt Switch|p2a: Heatran
|-damage|p2a: Heatran|169\/324
|
|switch|p1a: Greninja|Greninja, F|257\/285
|-damage|p1a: Greninja|222\/285|[from] Stealth Rock
|
|-heal|p2a: Heatran|189\/324|[from] item: Leftovers
|turn|6
|
|switch|p1a: Manectric|Manectric-Mega, M|281\/281
|-damage|p1a: Manectric|246\/281|[from] Stealth Rock
|-ability|p1a: Manectric|Intimidate|[of] p2a: Heatran
|-unboost|p2a: Heatran|atk|1
|switch|p2a: Ferrothorn|Ferrothorn, F|352\/352
|-damage|p2a: Ferrothorn|330\/352|[from] Stealth Rock
|
|turn|7
|
|move|p1a: Manectric|Flamethrower|p2a: Ferrothorn
|-supereffective|p2a: Ferrothorn
|-damage|p2a: Ferrothorn|26\/352
|move|p2a: Ferrothorn|Spikes|p1a: Manectric
|-sidestart|p1: TARJA TURUNEN|Spikes
|
|turn|8
|
|move|p1a: Manectric|Volt Switch|p2a: Ferrothorn
|-resisted|p2a: Ferrothorn
|-damage|p2a: Ferrothorn|0 fnt
|faint|p2a: Ferrothorn
|
|switch|p1a: Rotom-Wash|Rotom-Wash|304\/304
|-damage|p1a: Rotom-Wash|266\/304|[from] Stealth Rock
|
|-heal|p1a: Rotom-Wash|285\/304|[from] item: Leftovers
|
|switch|p2a: Zappy|Zapdos, shiny|384\/384
|-damage|p2a: Zappy|288\/384|[from] Stealth Rock
|-ability|p2a: Zappy|Pressure
|turn|9
|
|move|p2a: Zappy|Discharge|p1a: Rotom-Wash
|-damage|p1a: Rotom-Wash|168\/304
|move|p1a: Rotom-Wash|Will-O-Wisp|p2a: Zappy
|-status|p2a: Zappy|brn
|
|-heal|p2a: Zappy|312\/384 brn|[from] item: Leftovers
|-heal|p1a: Rotom-Wash|187\/304|[from] item: Leftovers
|-damage|p2a: Zappy|264\/384 brn|[from] brn
|turn|10
|
|move|p2a: Zappy|Roost|p2a: Zappy
|-heal|p2a: Zappy|384\/384 brn
|move|p1a: Rotom-Wash|Pain Split|p2a: Zappy
|-sethp|p2a: Zappy|285\/384 brn|p1a: Rotom-Wash|285\/304|[from] move: Pain Split
|
|-heal|p2a: Zappy|309\/384 brn|[from] item: Leftovers
|-heal|p1a: Rotom-Wash|304\/304|[from] item: Leftovers
|-damage|p2a: Zappy|261\/384 brn|[from] brn
|turn|11
|
|move|p2a: Zappy|Discharge|p1a: Rotom-Wash
|-damage|p1a: Rotom-Wash|190\/304
|move|p1a: Rotom-Wash|Volt Switch|p2a: Zappy
|-damage|p2a: Zappy|164\/384 brn
|
|switch|p1a: Greninja|Greninja, F|222\/285
|-damage|p1a: Greninja|187\/285|[from] Spikes
|-damage|p1a: Greninja|152\/285|[from] Stealth Rock
|
|-heal|p2a: Zappy|188\/384 brn|[from] item: Leftovers
|-damage|p2a: Zappy|140\/384 brn|[from] brn
|turn|12
|
|move|p1a: Greninja|Extrasensory|p2a: Zappy
|-start|p1a: Greninja|typechange|Psychic|[from] Protean
|-damage|p2a: Zappy|0 fnt
|-damage|p1a: Greninja|124\/285|[from] item: Life Orb
|faint|p2a: Zappy
|
|
|switch|p2a: JawsII|Sharpedo, M|282\/282
|-damage|p2a: JawsII|247\/282|[from] Stealth Rock
|turn|13
|
|detailschange|p2a: JawsII|Sharpedo-Mega, M
|message|Sharpedo has Mega Evolved into Mega Sharpedo!
|move|p1a: Greninja|Surf|p2a: JawsII
|-start|p1a: Greninja|typechange|Water|[from] Protean
|-resisted|p2a: JawsII
|-damage|p2a: JawsII|122\/282
|-damage|p1a: Greninja|96\/285|[from] item: Life Orb
|move|p2a: JawsII|Crunch|p1a: Greninja
|-damage|p1a: Greninja|0 fnt
|faint|p1a: Greninja
|
|
|switch|p1a: Manectric|Manectric-Mega, M|246\/281
|-damage|p1a: Manectric|211\/281|[from] Stealth Rock
|-damage|p1a: Manectric|176\/281|[from] Spikes
|-ability|p1a: Manectric|Intimidate|[of] p2a: JawsII
|-unboost|p2a: JawsII|atk|1
|turn|14
|
|move|p1a: Manectric|Discharge|p2a: JawsII
|-supereffective|p2a: JawsII
|-damage|p2a: JawsII|0 fnt
|faint|p2a: JawsII
|
|
|switch|p2a: Nightmare|Gengar, M, shiny|262\/262
|-damage|p2a: Nightmare|230\/262|[from] Stealth Rock
|turn|15
|
|move|p1a: Manectric|Discharge|p2a: Nightmare
|-damage|p2a: Nightmare|56\/262
|move|p2a: Nightmare|Shadow Ball|p1a: Manectric
|-damage|p1a: Manectric|0 fnt
|faint|p1a: Manectric
|
|
|switch|p1a: Talonflame|Talonflame, F|309\/309
|-damage|p1a: Talonflame|155\/309|[from] Stealth Rock
|turn|16
|
|move|p2a: Nightmare|Shadow Ball|p1a: Talonflame
|-damage|p1a: Talonflame|0 fnt
|faint|p1a: Talonflame
|
|
|switch|p1a: Landorus-Therian|Landorus-Therian, M|277\/362
|-damage|p1a: Landorus-Therian|232\/362|[from] Stealth Rock
|-ability|p1a: Landorus-Therian|Intimidate|[of] p2a: Nightmare
|-unboost|p2a: Nightmare|atk|1
|turn|17
|
|move|p2a: Nightmare|Shadow Ball|p1a: Landorus-Therian
|-damage|p1a: Landorus-Therian|0 fnt
|faint|p1a: Landorus-Therian
|
|
|switch|p1a: Jirachi|Jirachi, shiny|341\/341
|-damage|p1a: Jirachi|299\/341|[from] Spikes
|-damage|p1a: Jirachi|278\/341|[from] Stealth Rock
|turn|18
|
|move|p1a: Jirachi|Iron Head|p2a: Nightmare
|-damage|p2a: Nightmare|0 fnt
|faint|p2a: Nightmare
|
|
|switch|p2a: Heatran|Heatran, F|189\/324
|-damage|p2a: Heatran|149\/324|[from] Stealth Rock
|turn|19
|
|switch|p1a: Rotom-Wash|Rotom-Wash|190\/304
|-damage|p1a: Rotom-Wash|152\/304|[from] Stealth Rock
|move|p2a: Heatran|Lava Plume|p1a: Rotom-Wash
|-resisted|p1a: Rotom-Wash
|-damage|p1a: Rotom-Wash|90\/304
|
|-heal|p2a: Heatran|169\/324|[from] item: Leftovers
|-heal|p1a: Rotom-Wash|109\/304|[from] item: Leftovers
|turn|20
|
|switch|p2a: UncleRucus|Conkeldurr, M, shiny|328\/401
|-damage|p2a: UncleRucus|303\/401|[from] Stealth Rock
|move|p1a: Rotom-Wash|Hydro Pump|p2a: UncleRucus
|-damage|p2a: UncleRucus|194\/401
|
|-heal|p1a: Rotom-Wash|128\/304|[from] item: Leftovers
|turn|21
|
|move|p1a: Rotom-Wash|Pain Split|p2a: UncleRucus
|-sethp|p2a: UncleRucus|161\/401|p1a: Rotom-Wash|161\/304|[from] move: Pain Split
|move|p2a: UncleRucus|Knock Off|p1a: Rotom-Wash
|-crit|p1a: Rotom-Wash
|-damage|p1a: Rotom-Wash|11\/304
|-enditem|p1a: Rotom-Wash|Leftovers|[from] move: Knock Off|[of] p2a: UncleRucus
|
|turn|22
|c|âHogback_fosh_men|u can rq nw if u want
|
|move|p2a: UncleRucus|Mach Punch|p1a: Rotom-Wash
|-damage|p1a: Rotom-Wash|0 fnt
|faint|p1a: Rotom-Wash
|
|
|switch|p1a: Jirachi|Jirachi, shiny|278\/341
|-damage|p1a: Jirachi|236\/341|[from] Spikes
|-damage|p1a: Jirachi|215\/341|[from] Stealth Rock
|turn|23
|
|move|p2a: UncleRucus|Mach Punch|p1a: Jirachi
|-damage|p1a: Jirachi|131\/341
|move|p1a: Jirachi|Iron Head|p2a: UncleRucus
|-damage|p2a: UncleRucus|28\/401
|
|turn|24
|
|move|p2a: UncleRucus|Mach Punch|p1a: Jirachi
|-damage|p1a: Jirachi|44\/341
|move|p1a: Jirachi|Iron Head|p2a: UncleRucus
|-damage|p2a: UncleRucus|0 fnt
|faint|p2a: UncleRucus
|
|
|switch|p2a: Heatran|Heatran, F|169\/324
|-damage|p2a: Heatran|129\/324|[from] Stealth Rock
|turn|25
|
|move|p1a: Jirachi|Iron Head|p2a: Heatran
|-resisted|p2a: Heatran
|-damage|p2a: Heatran|102\/324
|cant|p2a: Heatran|flinch
|
|-heal|p2a: Heatran|122\/324|[from] item: Leftovers
|turn|26
|
|move|p1a: Jirachi|Iron Head|p2a: Heatran
|-resisted|p2a: Heatran
|-damage|p2a: Heatran|94\/324
|cant|p2a: Heatran|flinch
|
|-heal|p2a: Heatran|114\/324|[from] item: Leftovers
|turn|27
|
|move|p2a: Heatran|Protect|p2a: Heatran
|-singleturn|p2a: Heatran|Protect
|move|p1a: Jirachi|Iron Head|p2a: Heatran
|-activate|p2a: Heatran|Protect
|
|-heal|p2a: Heatran|134\/324|[from] item: Leftovers
|turn|28
|
|move|p1a: Jirachi|Iron Head|p2a: Heatran
|-resisted|p2a: Heatran
|-damage|p2a: Heatran|108\/324
|cant|p2a: Heatran|flinch
|
|-heal|p2a: Heatran|128\/324|[from] item: Leftovers
|turn|29
|
|move|p1a: Jirachi|Iron Head|p2a: Heatran
|-resisted|p2a: Heatran
|-damage|p2a: Heatran|102\/324
|cant|p2a: Heatran|flinch
|
|-heal|p2a: Heatran|122\/324|[from] item: Leftovers
|turn|30
|
|move|p1a: Jirachi|Iron Head|p2a: Heatran
|-resisted|p2a: Heatran
|-damage|p2a: Heatran|94\/324
|move|p2a: Heatran|Lava Plume|p1a: Jirachi
|-supereffective|p1a: Jirachi
|-damage|p1a: Jirachi|0 fnt
|faint|p1a: Jirachi
|
|win|Hogback_fosh_men
|raw|Ladder updating...
|raw|TARJA TURUNEN's rating: 1560 &rarr; <strong>1543<\/strong><br \/>(-17 for losing)
|raw|Hogback_fosh_men's rating: 1623 &rarr; <strong>1639<\/strong><br \/>(+16 for winning)