|join|TARJA TURUNEN
|join|Shigueroshi
|player|p1|TARJA TURUNEN|78
|player|p2|Shigueroshi|169
|gametype|singles
|gen|6
|tier|OU
|clearpoke
|poke|p1|Greninja, F
|poke|p1|Tyranitar, M
|poke|p1|Mawile, F
|poke|p1|Keldeo
|poke|p1|Thundurus, M
|poke|p1|Excadrill, F
|poke|p2|Mawile, M
|poke|p2|Hippowdon, M
|poke|p2|Amoonguss, F
|poke|p2|Keldeo
|poke|p2|Latias, F
|poke|p2|Clefable, M
|rule|Swagger Clause: Swagger is banned
|rule|Baton Pass Clause: Limit one PokÃ©mon knowing Baton Pass
|rule|Sleep Clause Mod: Limit one foe put to sleep
|rule|Species Clause: Limit one of each PokÃ©mon
|rule|OHKO Clause: OHKO moves are banned
|rule|Moody Clause: Moody is banned
|rule|Evasion Moves Clause: Evasion moves are banned
|rule|Endless Battle Clause: Forcing endless battles is banned
|rule|HP Percentage Mod: HP is reported as percentages
|teampreview
|
|start
|switch|p1a: Greninja|Greninja, F|286\/286
|switch|p2a: Amoonguss|Amoonguss, F|432\/432
|turn|1
|
|switch|p1a: Excadrill|Excadrill, F|367\/367
|move|p2a: Amoonguss|Spore|p1a: Excadrill
|-status|p1a: Excadrill|slp
|
|turn|2
|
|switch|p1a: Mawile|Mawile, F|269\/269
|-ability|p1a: Mawile|Intimidate|[of] p2a: Amoonguss
|-unboost|p2a: Amoonguss|atk|1
|move|p2a: Amoonguss|Giga Drain|p1a: Mawile
|-resisted|p1a: Mawile
|-damage|p1a: Mawile|202\/269
|
|turn|3
|
|switch|p2a: Hippowdon|Hippowdon, M|420\/420
|-weather|Sandstorm
|detailschange|p1a: Mawile|Mawile-Mega, F
|message|Mawile has Mega Evolved into Mega Mawile!
|move|p1a: Mawile|Iron Head|p2a: Hippowdon
|-damage|p2a: Hippowdon|240\/420
|-damage|p1a: Mawile|158\/269|[from] item: Rocky Helmet|[of] p2a: Hippowdon
|
|-weather|Sandstorm|[upkeep]
|turn|4
|
|switch|p1a: Thundurus|Thundurus, M|300\/300
|move|p2a: Hippowdon|Slack Off|p2a: Hippowdon
|-heal|p2a: Hippowdon|420\/420
|
|-weather|Sandstorm|[upkeep]
|-damage|p1a: Thundurus|282\/300|[from] sandstorm
|-heal|p1a: Thundurus|300\/300|[from] item: Leftovers
|turn|5
|
|switch|p2a: Amoonguss|Amoonguss, F|432\/432
|move|p1a: Thundurus|Hidden Power|p2a: Amoonguss
|-supereffective|p2a: Amoonguss
|-damage|p2a: Amoonguss|272\/432
|
|-weather|Sandstorm|[upkeep]
|-damage|p1a: Thundurus|282\/300|[from] sandstorm
|-damage|p2a: Amoonguss|245\/432|[from] sandstorm
|-heal|p1a: Thundurus|300\/300|[from] item: Leftovers
|-heal|p2a: Amoonguss|272\/432|[from] item: Black Sludge
|turn|6
|
|move|p1a: Thundurus|Hidden Power|p2a: Amoonguss
|-supereffective|p2a: Amoonguss
|-damage|p2a: Amoonguss|94\/432
|move|p2a: Amoonguss|Sludge Bomb|p1a: Thundurus
|-damage|p1a: Thundurus|185\/300
|-status|p1a: Thundurus|psn
|
|-weather|Sandstorm|[upkeep]
|-damage|p1a: Thundurus|167\/300 psn|[from] sandstorm
|-damage|p2a: Amoonguss|67\/432|[from] sandstorm
|-heal|p1a: Thundurus|185\/300 psn|[from] item: Leftovers
|-heal|p2a: Amoonguss|94\/432|[from] item: Black Sludge
|-damage|p1a: Thundurus|148\/300 psn|[from] psn
|turn|7
|
|switch|p2a: Clefable|Clefable, M|394\/394
|move|p1a: Thundurus|Thunder Wave|p2a: Clefable
|-status|p2a: Clefable|par
|
|-weather|none
|-heal|p1a: Thundurus|166\/300 psn|[from] item: Leftovers
|-damage|p1a: Thundurus|129\/300 psn|[from] psn
|turn|8
|
|move|p1a: Thundurus|Thunderbolt|p2a: Clefable
|-damage|p2a: Clefable|232\/394 par
|move|p2a: Clefable|Moonblast|p1a: Thundurus
|-damage|p1a: Thundurus|2\/300 psn
|
|-heal|p1a: Thundurus|20\/300 psn|[from] item: Leftovers
|-heal|p2a: Clefable|256\/394 par|[from] item: Leftovers
|-damage|p1a: Thundurus|0 fnt|[from] psn
|faint|p1a: Thundurus
|
|switch|p1a: Keldeo|Keldeo|322\/322
|turn|9
|
|switch|p2a: Amoonguss|Amoonguss, F|238\/432
|move|p1a: Keldeo|Hydro Pump|p2a: Amoonguss
|-resisted|p2a: Amoonguss
|-damage|p2a: Amoonguss|49\/432
|
|-heal|p2a: Amoonguss|76\/432|[from] item: Black Sludge
|turn|10
|
|switch|p2a: Latias|Latias, F|361\/361
|move|p1a: Keldeo|Hydro Pump|p2a: Latias
|-resisted|p2a: Latias
|-damage|p2a: Latias|277\/361
|
|-heal|p2a: Latias|299\/361|[from] item: Leftovers
|turn|11
|
|switch|p1a: Tyranitar|Tyranitar, M|404\/404
|-weather|Sandstorm
|move|p2a: Latias|Substitute|p2a: Latias
|-start|p2a: Latias|Substitute
|-damage|p2a: Latias|209\/361
|
|-weather|Sandstorm|[upkeep]
|-damage|p2a: Latias|187\/361|[from] sandstorm
|-heal|p2a: Latias|209\/361|[from] item: Leftovers
|turn|12
|
|switch|p2a: Hippowdon|Hippowdon, M|420\/420
|move|p1a: Tyranitar|Ice Beam|p2a: Hippowdon
|-supereffective|p2a: Hippowdon
|-damage|p2a: Hippowdon|238\/420
|
|-weather|Sandstorm|[upkeep]
|turn|13
|
|move|p1a: Tyranitar|Stealth Rock|p2a: Hippowdon
|-sidestart|p2: Shigueroshi|move: Stealth Rock
|move|p2a: Hippowdon|Slack Off|p2a: Hippowdon
|-heal|p2a: Hippowdon|420\/420
|
|-weather|Sandstorm|[upkeep]
|turn|14
|
|move|p1a: Tyranitar|Ice Beam|p2a: Hippowdon
|-supereffective|p2a: Hippowdon
|-damage|p2a: Hippowdon|228\/420
|move|p2a: Hippowdon|Stealth Rock|p1a: Tyranitar
|-sidestart|p1: TARJA TURUNEN|move: Stealth Rock
|
|-weather|Sandstorm|[upkeep]
|turn|15
|
|move|p1a: Tyranitar|Ice Beam|p2a: Hippowdon
|-supereffective|p2a: Hippowdon
|-damage|p2a: Hippowdon|46\/420
|move|p2a: Hippowdon|Slack Off|p2a: Hippowdon
|-heal|p2a: Hippowdon|256\/420
|
|-weather|Sandstorm|[upkeep]
|turn|16
|
|switch|p1a: Keldeo|Keldeo|322\/322
|-damage|p1a: Keldeo|302\/322|[from] Stealth Rock
|switch|p2a: Keldeo|Keldeo|322\/322
|-damage|p2a: Keldeo|302\/322|[from] Stealth Rock
|
|-weather|Sandstorm|[upkeep]
|-damage|p2a: Keldeo|282\/322|[from] sandstorm
|-damage|p1a: Keldeo|282\/322|[from] sandstorm
|turn|17
|
|move|p1a: Keldeo|Secret Sword|p2a: Keldeo
|-damage|p2a: Keldeo|8\/322
|move|p2a: Keldeo|Hidden Power|p1a: Keldeo
|-supereffective|p1a: Keldeo
|-damage|p1a: Keldeo|48\/322
|
|-weather|Sandstorm|[upkeep]
|-damage|p1a: Keldeo|28\/322|[from] sandstorm
|-damage|p2a: Keldeo|0 fnt|[from] sandstorm
|faint|p2a: Keldeo
|
|switch|p2a: Amoonguss|Amoonguss, F|220\/432
|-damage|p2a: Amoonguss|166\/432|[from] Stealth Rock
|turn|18
|
|move|p1a: Keldeo|Secret Sword|p2a: Amoonguss
|-resisted|p2a: Amoonguss
|-damage|p2a: Amoonguss|67\/432
|move|p2a: Amoonguss|Giga Drain|p1a: Keldeo
|-supereffective|p1a: Keldeo
|-damage|p1a: Keldeo|0 fnt
|-heal|p2a: Amoonguss|81\/432|[from] drain|[of] p1a: Keldeo
|faint|p1a: Keldeo
|
|-weather|none
|-heal|p2a: Amoonguss|108\/432|[from] item: Black Sludge
|
|switch|p1a: Greninja|Greninja, F|286\/286
|-damage|p1a: Greninja|251\/286|[from] Stealth Rock
|turn|19
|
|switch|p2a: Clefable|Clefable, M|256\/394 par
|-damage|p2a: Clefable|207\/394 par|[from] Stealth Rock
|move|p1a: Greninja|Ice Beam|p2a: Clefable
|-start|p1a: Greninja|typechange|Ice|[from] Protean
|-damage|p2a: Clefable|8\/394 par
|-damage|p1a: Greninja|223\/286|[from] item: Life Orb
|
|-heal|p2a: Clefable|32\/394 par|[from] item: Leftovers
|turn|20
|
|move|p1a: Greninja|Ice Beam|p2a: Clefable
|-damage|p2a: Clefable|0 fnt
|-damage|p1a: Greninja|195\/286|[from] item: Life Orb
|faint|p2a: Clefable
|
|
|switch|p2a: Mawile|Mawile, M|301\/301
|-damage|p2a: Mawile|283\/301|[from] Stealth Rock
|turn|21
|
|detailschange|p2a: Mawile|Mawile-Mega, M
|message|Mawile has Mega Evolved into Mega Mawile!
|move|p2a: Mawile|Sucker Punch|p1a: Greninja
|-damage|p1a: Greninja|0 fnt
|faint|p1a: Greninja
|
|
|switch|p1a: Mawile|Mawile-Mega, F|158\/269
|-damage|p1a: Mawile|142\/269|[from] Stealth Rock
|turn|22
|chat|Shigueroshi|hp fire?
|chat|TARJA TURUNEN|nao bati de scald mesmo
|
|switch|p2a: Hippowdon|Hippowdon, M|256\/420
|-damage|p2a: Hippowdon|230\/420|[from] Stealth Rock
|-weather|Sandstorm
|move|p1a: Mawile|Iron Head|p2a: Hippowdon
|-damage|p2a: Hippowdon|68\/420
|-damage|p1a: Mawile|98\/269|[from] item: Rocky Helmet|[of] p2a: Hippowdon
|
|-weather|Sandstorm|[upkeep]
|turn|23
|
|move|p1a: Mawile|Iron Head|p2a: Hippowdon
|-damage|p2a: Hippowdon|0 fnt
|-damage|p1a: Mawile|54\/269|[from] item: Rocky Helmet|[of] p2a: Hippowdon
|faint|p2a: Hippowdon
|
|-weather|Sandstorm|[upkeep]
|
|switch|p2a: Amoonguss|Amoonguss, F|252\/432
|-damage|p2a: Amoonguss|198\/432|[from] Stealth Rock
|turn|24
|
|move|p1a: Mawile|Iron Head|p2a: Amoonguss
|-damage|p2a: Amoonguss|0 fnt
|faint|p2a: Amoonguss
|
|-weather|Sandstorm|[upkeep]
|
|switch|p2a: Latias|Latias, F|209\/361
|-damage|p2a: Latias|164\/361|[from] Stealth Rock
|turn|25
|
|switch|p1a: Tyranitar|Tyranitar, M|404\/404
|-damage|p1a: Tyranitar|354\/404|[from] Stealth Rock
|move|p2a: Latias|Substitute|p2a: Latias
|-start|p2a: Latias|Substitute
|-damage|p2a: Latias|74\/361
|
|-weather|Sandstorm|[upkeep]
|-damage|p2a: Latias|52\/361|[from] sandstorm
|-heal|p2a: Latias|74\/361|[from] item: Leftovers
|turn|26
|
|move|p2a: Latias|Recover|p2a: Latias
|-heal|p2a: Latias|255\/361
|move|p1a: Tyranitar|Ice Beam|p2a: Latias
|-supereffective|p2a: Latias
|-activate|p2a: Latias|Substitute|[damage]
|
|-weather|none
|-heal|p2a: Latias|277\/361|[from] item: Leftovers
|turn|27
|
|move|p2a: Latias|Recover|p2a: Latias
|-heal|p2a: Latias|361\/361
|move|p1a: Tyranitar|Ice Beam|p2a: Latias
|-supereffective|p2a: Latias
|-end|p2a: Latias|Substitute
|
|turn|28
|
|move|p2a: Latias|Substitute|p2a: Latias
|-start|p2a: Latias|Substitute
|-damage|p2a: Latias|271\/361
|move|p1a: Tyranitar|Pursuit|p2a: Latias
|-supereffective|p2a: Latias
|-end|p2a: Latias|Substitute
|
|-heal|p2a: Latias|293\/361|[from] item: Leftovers
|turn|29
|
|move|p2a: Latias|Substitute|p2a: Latias
|-start|p2a: Latias|Substitute
|-damage|p2a: Latias|203\/361
|move|p1a: Tyranitar|Pursuit|p2a: Latias
|-supereffective|p2a: Latias
|-end|p2a: Latias|Substitute
|
|-heal|p2a: Latias|225\/361|[from] item: Leftovers
|turn|30
|
|move|p2a: Latias|Substitute|p2a: Latias
|-start|p2a: Latias|Substitute
|-damage|p2a: Latias|135\/361
|move|p1a: Tyranitar|Pursuit|p2a: Latias
|-supereffective|p2a: Latias
|-end|p2a: Latias|Substitute
|
|-heal|p2a: Latias|157\/361|[from] item: Leftovers
|turn|31
|
|move|p2a: Latias|Recover|p2a: Latias
|-heal|p2a: Latias|338\/361
|move|p1a: Tyranitar|Pursuit|p2a: Latias
|-supereffective|p2a: Latias
|-damage|p2a: Latias|204\/361
|
|-heal|p2a: Latias|226\/361|[from] item: Leftovers
|turn|32
|
|move|p2a: Latias|Recover|p2a: Latias
|-heal|p2a: Latias|361\/361
|move|p1a: Tyranitar|Pursuit|p2a: Latias
|-supereffective|p2a: Latias
|-damage|p2a: Latias|223\/361
|
|-heal|p2a: Latias|245\/361|[from] item: Leftovers
|turn|33
|
|move|p2a: Latias|Recover|p2a: Latias
|-heal|p2a: Latias|361\/361
|move|p1a: Tyranitar|Pursuit|p2a: Latias
|-supereffective|p2a: Latias
|-damage|p2a: Latias|217\/361
|
|-heal|p2a: Latias|239\/361|[from] item: Leftovers
|turn|34
|
|move|p2a: Latias|Recover|p2a: Latias
|-heal|p2a: Latias|361\/361
|move|p1a: Tyranitar|Pursuit|p2a: Latias
|-crit|p2a: Latias
|-supereffective|p2a: Latias
|-damage|p2a: Latias|167\/361
|
|-heal|p2a: Latias|189\/361|[from] item: Leftovers
|turn|35
|
|switch|p1a: Excadrill|Excadrill, F|367\/367 slp
|-damage|p1a: Excadrill|356\/367 slp|[from] Stealth Rock
|move|p2a: Latias|Recover|p2a: Latias
|-heal|p2a: Latias|361\/361
|
|-heal|p1a: Excadrill|367\/367 slp|[from] item: Leftovers
|turn|36
|
|move|p2a: Latias|Hidden Power|p1a: Excadrill
|-supereffective|p1a: Excadrill
|-damage|p1a: Excadrill|225\/367 slp
|cant|p1a: Excadrill|slp
|
|-heal|p1a: Excadrill|247\/367 slp|[from] item: Leftovers
|turn|37
|
|switch|p1a: Tyranitar|Tyranitar, M|354\/404
|-damage|p1a: Tyranitar|304\/404|[from] Stealth Rock
|-weather|Sandstorm
|move|p2a: Latias|Hidden Power|p1a: Tyranitar
|-resisted|p1a: Tyranitar
|-damage|p1a: Tyranitar|289\/404
|
|-weather|Sandstorm|[upkeep]
|-damage|p2a: Latias|339\/361|[from] sandstorm
|-heal|p2a: Latias|361\/361|[from] item: Leftovers
|turn|38
|
|move|p2a: Latias|Hidden Power|p1a: Tyranitar
|-resisted|p1a: Tyranitar
|-damage|p1a: Tyranitar|275\/404
|move|p1a: Tyranitar|Pursuit|p2a: Latias
|-supereffective|p2a: Latias
|-damage|p2a: Latias|229\/361
|
|-weather|Sandstorm|[upkeep]
|-damage|p2a: Latias|207\/361|[from] sandstorm
|-heal|p2a: Latias|229\/361|[from] item: Leftovers
|turn|39
|
|move|p2a: Latias|Hidden Power|p1a: Tyranitar
|-resisted|p1a: Tyranitar
|-damage|p1a: Tyranitar|260\/404
|move|p1a: Tyranitar|Pursuit|p2a: Latias
|-supereffective|p2a: Latias
|-damage|p2a: Latias|95\/361
|
|-weather|Sandstorm|[upkeep]
|-damage|p2a: Latias|73\/361|[from] sandstorm
|-heal|p2a: Latias|95\/361|[from] item: Leftovers
|turn|40
|
|move|p2a: Latias|Recover|p2a: Latias
|-heal|p2a: Latias|276\/361
|move|p1a: Tyranitar|Pursuit|p2a: Latias
|-supereffective|p2a: Latias
|-damage|p2a: Latias|150\/361
|
|-weather|Sandstorm|[upkeep]
|-damage|p2a: Latias|128\/361|[from] sandstorm
|-heal|p2a: Latias|150\/361|[from] item: Leftovers
|turn|41
|
|move|p2a: Latias|Recover|p2a: Latias
|-heal|p2a: Latias|331\/361
|move|p1a: Tyranitar|Pursuit|p2a: Latias
|-crit|p2a: Latias
|-supereffective|p2a: Latias
|-damage|p2a: Latias|139\/361
|
|-weather|Sandstorm|[upkeep]
|-damage|p2a: Latias|117\/361|[from] sandstorm
|-heal|p2a: Latias|139\/361|[from] item: Leftovers
|turn|42
|
|move|p2a: Latias|Recover|p2a: Latias
|-heal|p2a: Latias|320\/361
|move|p1a: Tyranitar|Pursuit|p2a: Latias
|-supereffective|p2a: Latias
|-damage|p2a: Latias|192\/361
|
|-weather|Sandstorm|[upkeep]
|-damage|p2a: Latias|170\/361|[from] sandstorm
|-heal|p2a: Latias|192\/361|[from] item: Leftovers
|turn|43
|
|move|p2a: Latias|Hidden Power|p1a: Tyranitar
|-resisted|p1a: Tyranitar
|-damage|p1a: Tyranitar|247\/404
|move|p1a: Tyranitar|Pursuit|p2a: Latias
|-supereffective|p2a: Latias
|-damage|p2a: Latias|54\/361
|
|-weather|Sandstorm|[upkeep]
|-damage|p2a: Latias|32\/361|[from] sandstorm
|-heal|p2a: Latias|54\/361|[from] item: Leftovers
|turn|44
|
|move|p2a: Latias|Hidden Power|p1a: Tyranitar
|-resisted|p1a: Tyranitar
|-damage|p1a: Tyranitar|233\/404
|move|p1a: Tyranitar|Ice Beam|p2a: Latias
|-supereffective|p2a: Latias
|-damage|p2a: Latias|0 fnt
|faint|p2a: Latias
|
|-weather|none
|
|switch|p2a: Mawile|Mawile-Mega, M|283\/301
|-damage|p2a: Mawile|265\/301|[from] Stealth Rock
|turn|45
|
|move|p1a: Tyranitar|Fire Blast|p2a: Mawile
|-supereffective|p2a: Mawile
|-damage|p2a: Mawile|79\/301
|move|p2a: Mawile|Play Rough|p1a: Tyranitar
|-supereffective|p1a: Tyranitar
|-damage|p1a: Tyranitar|0 fnt
|faint|p1a: Tyranitar
|
|
|switch|p1a: Excadrill|Excadrill, F|247\/367 slp
|-damage|p1a: Excadrill|236\/367 slp|[from] Stealth Rock
|turn|46
|
|-curestatus|p1a: Excadrill|slp
|move|p1a: Excadrill|Earthquake|p2a: Mawile
|-supereffective|p2a: Mawile
|-damage|p2a: Mawile|0 fnt
|faint|p2a: Mawile
|
|win|TARJA TURUNEN
|leave|TARJA TURUNEN
|player|p1