|join|TARJA TURUNEN
|join|jolly togekiss
|player|p1|TARJA TURUNEN|70
|player|p2|jolly togekiss|265
|gametype|singles
|gen|6
|tier|OU
|rated
|clearpoke
|poke|p1|Terrakion
|poke|p1|Landorus, M
|poke|p1|Metagross, shiny
|poke|p1|Talonflame, F
|poke|p1|Rotom-Wash
|poke|p1|Greninja, M, shiny
|poke|p2|Klefki, M
|poke|p2|Azumarill, F
|poke|p2|Gallade, M
|poke|p2|Scizor, M
|poke|p2|Talonflame, M
|poke|p2|Latios, M
|rule|Swagger Clause: Swagger is banned
|rule|Baton Pass Clause: Limit one PokÃ©mon knowing Baton Pass
|rule|Sleep Clause Mod: Limit one foe put to sleep
|rule|Species Clause: Limit one of each PokÃ©mon
|rule|OHKO Clause: OHKO moves are banned
|rule|Moody Clause: Moody is banned
|rule|Evasion Moves Clause: Evasion moves are banned
|rule|Endless Battle Clause: Forcing endless battles is banned
|rule|HP Percentage Mod: HP is shown in percentages
|teampreview
|
|start
|switch|p1a: EVERYBODY USES ME|Rotom-Wash|304\/304
|switch|p2a: Klefki|Klefki, M|318\/318
|turn|1
|
|move|p2a: Klefki|Light Screen|p2a: Klefki
|-sidestart|p2: jolly togekiss|move: Light Screen
|move|p1a: EVERYBODY USES ME|Will-O-Wisp|p2a: Klefki
|-status|p2a: Klefki|brn
|
|-damage|p2a: Klefki|279\/318 brn|[from] brn
|turn|2
|
|move|p2a: Klefki|Reflect|p2a: Klefki
|-sidestart|p2: jolly togekiss|Reflect
|move|p1a: EVERYBODY USES ME|Volt Switch|p2a: Klefki
|-damage|p2a: Klefki|231\/318 brn
|c|âjolly togekiss|lando
|
|switch|p1a: MEGA GUNS N ROSES|Metagross, shiny|301\/301
|
|-damage|p2a: Klefki|192\/318 brn|[from] brn
|turn|3
|
|switch|p1a: EVERYBODY USES ME|Rotom-Wash|304\/304
|move|p2a: Klefki|Safeguard|p2a: Klefki
|-sidestart|p2: jolly togekiss|Safeguard
|
|-damage|p2a: Klefki|153\/318 brn|[from] brn
|turn|4
|
|switch|p2a: Gallade|Gallade, M|277\/277
|move|p1a: EVERYBODY USES ME|Volt Switch|p2a: Gallade
|-damage|p2a: Gallade|242\/277
|c|âjolly togekiss|talon
|c|âTARJA TURUNEN|wont kill
|c|âjolly togekiss|flame
|
|switch|p1a: ADAMANT BIG BULL|Terrakion|323\/323
|
|turn|5
|c|âjolly togekiss|lando
|
|detailschange|p2a: Gallade|Gallade-Mega, M
|message|Gallade has Mega Evolved into Mega Gallade!
|move|p1a: ADAMANT BIG BULL|Stealth Rock|p2a: Gallade
|-sidestart|p2: jolly togekiss|move: Stealth Rock
|move|p2a: Gallade|Swords Dance|p2a: Gallade
|-boost|p2a: Gallade|atk|2
|
|turn|6
|
|move|p2a: Gallade|Zen Headbutt|p1a: ADAMANT BIG BULL
|-supereffective|p1a: ADAMANT BIG BULL
|-enditem|p1a: ADAMANT BIG BULL|Focus Sash
|-damage|p1a: ADAMANT BIG BULL|1\/323
|cant|p1a: ADAMANT BIG BULL|flinch
|
|turn|7
|
|move|p2a: Gallade|Knock Off|p1a: ADAMANT BIG BULL
|-resisted|p1a: ADAMANT BIG BULL
|-damage|p1a: ADAMANT BIG BULL|0 fnt
|faint|p1a: ADAMANT BIG BULL
|
|-sideend|p2: jolly togekiss|Safeguard
|
|switch|p1a: BRAVE BIRD|Talonflame, F|309\/309
|turn|8
|
|move|p1a: BRAVE BIRD|Brave Bird|p2a: Gallade
|-supereffective|p2a: Gallade
|-damage|p2a: Gallade|20\/277
|-damage|p1a: BRAVE BIRD|236\/309|[from] recoil|[of] p2a: Gallade
|-damage|p1a: BRAVE BIRD|206\/309|[from] item: Life Orb
|move|p2a: Gallade|Zen Headbutt|p1a: BRAVE BIRD
|-damage|p1a: BRAVE BIRD|0 fnt
|faint|p1a: BRAVE BIRD
|
|-sideend|p2: jolly togekiss|move: Light Screen
|
|switch|p1a: MIXED SET|Greninja, M, shiny|285\/285
|turn|9
|c|âjolly togekiss|ninja!
|
|move|p1a: MIXED SET|U-turn|p2a: Gallade
|-start|p1a: MIXED SET|typechange|Bug|[from] Protean
|-damage|p2a: Gallade|0 fnt
|-damage|p1a: MIXED SET|257\/285|[from] item: Life Orb
|faint|p2a: Gallade
|
|switch|p1a: MEGA GUNS N ROSES|Metagross, shiny|301\/301
|
|-sideend|p2: jolly togekiss|Reflect
|
|switch|p2a: Klefki|Klefki, M|153\/318 brn
|-damage|p2a: Klefki|134\/318 brn|[from] Stealth Rock
|turn|10
|
|detailschange|p1a: MEGA GUNS N ROSES|Metagross-Mega, shiny
|message|Metagross has Mega Evolved into Mega Metagross!
|move|p2a: Klefki|Reflect|p2a: Klefki
|-sidestart|p2: jolly togekiss|Reflect
|move|p1a: MEGA GUNS N ROSES|Earthquake|p2a: Klefki
|-supereffective|p2a: Klefki
|-damage|p2a: Klefki|40\/318 brn
|
|-damage|p2a: Klefki|1\/318 brn|[from] brn
|turn|11
|
|move|p2a: Klefki|Light Screen|p2a: Klefki
|-sidestart|p2: jolly togekiss|move: Light Screen
|move|p1a: MEGA GUNS N ROSES|Meteor Mash|p2a: Klefki
|-damage|p2a: Klefki|0 fnt
|faint|p2a: Klefki
|
|
|switch|p2a: Azumarill|Azumarill, F|404\/404
|-damage|p2a: Azumarill|354\/404|[from] Stealth Rock
|turn|12
|
|move|p1a: MEGA GUNS N ROSES|Meteor Mash|p2a: Azumarill
|-damage|p2a: Azumarill|205\/404
|move|p2a: Azumarill|Belly Drum|p2a: Azumarill
|-damage|p2a: Azumarill|3\/404
|-setboost|p2a: Azumarill|atk|6|[from] move: Belly Drum
|-enditem|p2a: Azumarill|Sitrus Berry|[eat]
|-heal|p2a: Azumarill|104\/404|[from] item: Sitrus Berry
|
|turn|13
|
|move|p2a: Azumarill|Aqua Jet|p1a: MEGA GUNS N ROSES
|-damage|p1a: MEGA GUNS N ROSES|64\/301
|move|p1a: MEGA GUNS N ROSES|Meteor Mash|p2a: Azumarill
|-damage|p2a: Azumarill|0 fnt
|faint|p2a: Azumarill
|
|
|switch|p2a: Scizor|Scizor, M|344\/344
|-damage|p2a: Scizor|301\/344|[from] Stealth Rock
|turn|14
|
|move|p1a: MEGA GUNS N ROSES|Earthquake|p2a: Scizor
|-damage|p2a: Scizor|241\/344
|move|p2a: Scizor|Pursuit|p1a: MEGA GUNS N ROSES
|-supereffective|p1a: MEGA GUNS N ROSES
|-damage|p1a: MEGA GUNS N ROSES|0 fnt
|faint|p1a: MEGA GUNS N ROSES
|
|
|switch|p1a: EVERYBODY USES ME|Rotom-Wash|304\/304
|turn|15
|
|switch|p2a: Latios|Latios, M|302\/302
|-damage|p2a: Latios|265\/302|[from] Stealth Rock
|move|p1a: EVERYBODY USES ME|Volt Switch|p2a: Latios
|-resisted|p2a: Latios
|-damage|p2a: Latios|244\/302
|
|switch|p1a: MIXED SET|Greninja, M, shiny|257\/285
|
|turn|16
|c|âjolly togekiss|ninja'
|
|switch|p1a: UBERS NEVER AGAIN|Landorus, M|319\/319
|move|p2a: Latios|Draco Meteor|p1a: UBERS NEVER AGAIN
|-damage|p1a: UBERS NEVER AGAIN|0 fnt
|-unboost|p2a: Latios|spa|2
|-damage|p2a: Latios|214\/302|[from] item: Life Orb
|faint|p1a: UBERS NEVER AGAIN
|
|
|switch|p1a: EVERYBODY USES ME|Rotom-Wash|304\/304
|turn|17
|
|switch|p2a: Scizor|Scizor, M|241\/344
|-damage|p2a: Scizor|198\/344|[from] Stealth Rock
|move|p1a: EVERYBODY USES ME|Will-O-Wisp|p2a: Scizor
|-status|p2a: Scizor|brn
|
|-damage|p2a: Scizor|155\/344 brn|[from] brn
|-sideend|p2: jolly togekiss|Reflect
|turn|18
|
|move|p1a: EVERYBODY USES ME|Hydro Pump|p2a: Scizor
|-crit|p2a: Scizor
|-damage|p2a: Scizor|0 fnt
|faint|p2a: Scizor
|
|-sideend|p2: jolly togekiss|move: Light Screen
|
|switch|p2a: Latios|Latios, M|214\/302
|-damage|p2a: Latios|177\/302|[from] Stealth Rock
|turn|19
|
|move|p2a: Latios|Draco Meteor|p1a: EVERYBODY USES ME
|-damage|p1a: EVERYBODY USES ME|31\/304
|-unboost|p2a: Latios|spa|2
|-damage|p2a: Latios|147\/302|[from] item: Life Orb
|move|p1a: EVERYBODY USES ME|Volt Switch|p2a: Latios
|-crit|p2a: Latios
|-resisted|p2a: Latios
|-damage|p2a: Latios|90\/302
|
|switch|p1a: MIXED SET|Greninja, M, shiny|257\/285
|
|turn|20
|
|move|p1a: MIXED SET|U-turn|p2a: Latios
|-start|p1a: MIXED SET|typechange|Bug|[from] Protean
|-supereffective|p2a: Latios
|-damage|p2a: Latios|0 fnt
|-damage|p1a: MIXED SET|229\/285|[from] item: Life Orb
|faint|p2a: Latios
|
|switch|p1a: EVERYBODY USES ME|Rotom-Wash|31\/304
|
|-heal|p1a: EVERYBODY USES ME|50\/304|[from] item: Leftovers
|
|switch|p2a: Talonflame|Talonflame, M|298\/298
|-damage|p2a: Talonflame|149\/298|[from] Stealth Rock
|turn|21
|
|move|p2a: Talonflame|Brave Bird|p1a: EVERYBODY USES ME
|-resisted|p1a: EVERYBODY USES ME
|-damage|p1a: EVERYBODY USES ME|0 fnt
|-damage|p2a: Talonflame|132\/298|[from] recoil|[of] p1a: EVERYBODY USES ME
|faint|p1a: EVERYBODY USES ME
|
|c|âjolly togekiss|u win
|
|switch|p1a: MIXED SET|Greninja, M, shiny|229\/285
|turn|22
|
|move|p2a: Talonflame|Brave Bird|p1a: MIXED SET
|-damage|p1a: MIXED SET|0 fnt
|-damage|p2a: Talonflame|56\/298|[from] recoil|[of] p1a: MIXED SET
|faint|p1a: MIXED SET
|
|win|jolly togekiss
|raw|Ladder updating...
|leave|TARJA TURUNEN
|player|p1
|c|âjolly togekiss|lol
|raw|Ladder (probably) updated, but score could not be retrieved (timeout).
|raw|Ladder (probably) updated, but score could not be retrieved (Error: socket hang up).
|leave|jolly togekiss
|join|jolly togekiss
|player|p2