|join|goodnewsbears
|join|TARJA TURUNEN
|player|p1|goodnewsbears|1
|player|p2|TARJA TURUNEN|70
|gametype|singles
|gen|6
|tier|OU
|rated
|clearpoke
|poke|p1|Jirachi
|poke|p1|Rotom-Wash
|poke|p1|Mew
|poke|p1|Quagsire, M
|poke|p1|Medicham, F
|poke|p1|Gyarados, M
|poke|p2|Tyranitar, M
|poke|p2|Excadrill, F
|poke|p2|Thundurus, M
|poke|p2|Greninja, F
|poke|p2|Clefable, F
|poke|p2|Gyarados, M
|rule|Swagger Clause: Swagger is banned
|rule|Baton Pass Clause: Limit one PokÃ©mon knowing Baton Pass
|rule|Sleep Clause Mod: Limit one foe put to sleep
|rule|Species Clause: Limit one of each PokÃ©mon
|rule|OHKO Clause: OHKO moves are banned
|rule|Moody Clause: Moody is banned
|rule|Evasion Moves Clause: Evasion moves are banned
|rule|Endless Battle Clause: Forcing endless battles is banned
|rule|HP Percentage Mod: HP is shown in percentages
|teampreview
|
|start
|switch|p1a: Medicham|Medicham, F|261\/261
|switch|p2a: Clefable|Clefable, F|394\/394
|turn|1
|
|detailschange|p1a: Medicham|Medicham-Mega, F
|message|Medicham has Mega Evolved into Mega Medicham!
|move|p1a: Medicham|Fake Out|p2a: Clefable
|-damage|p2a: Clefable|321\/394
|cant|p2a: Clefable|flinch
|
|-heal|p2a: Clefable|345\/394|[from] item: Leftovers
|turn|2
|
|switch|p1a: Mew|Mew|404\/404
|move|p2a: Clefable|Thunder Wave|p1a: Mew
|-status|p1a: Mew|par
|-status|p2a: Clefable|par
|
|-heal|p2a: Clefable|369\/394 par|[from] item: Leftovers
|turn|3
|
|switch|p2a: Gyarados|Gyarados, M|331\/331
|-ability|p2a: Gyarados|Intimidate|[of] p1a: Mew
|-unboost|p1a: Mew|atk|1
|move|p1a: Mew|Stealth Rock|p2a: Gyarados
|-sidestart|p2: TARJA TURUNEN|move: Stealth Rock
|
|turn|4
|
|move|p2a: Gyarados|Taunt|p1a: Mew
|-start|p1a: Mew|move: Taunt
|cant|p1a: Mew|par
|
|turn|5
|
|switch|p1a: Rotom-Wash|Rotom-Wash|255\/255
|move|p2a: Gyarados|Dragon Dance|p2a: Gyarados
|-boost|p2a: Gyarados|atk|1
|-boost|p2a: Gyarados|spe|1
|
|turn|6
|
|detailschange|p2a: Gyarados|Gyarados-Mega, M
|message|Gyarados has Mega Evolved into Mega Gyarados!
|-ability|p2a: Gyarados|Mold Breaker
|move|p1a: Rotom-Wash|Volt Switch|p2a: Gyarados
|-supereffective|p2a: Gyarados
|-damage|p2a: Gyarados|169\/331
|
|switch|p1a: Quagsire|Quagsire, M|394\/394
|move|p2a: Gyarados|Earthquake|p1a: Quagsire
|-damage|p1a: Quagsire|227\/394
|
|-heal|p1a: Quagsire|251\/394|[from] item: Leftovers
|turn|7
|
|move|p2a: Gyarados|Waterfall|p1a: Quagsire
|-damage|p1a: Quagsire|29\/394
|move|p1a: Quagsire|Recover|p1a: Quagsire
|-heal|p1a: Quagsire|226\/394
|
|-heal|p1a: Quagsire|250\/394|[from] item: Leftovers
|turn|8
|
|switch|p1a: Gyarados|Gyarados, M|370\/370
|-ability|p1a: Gyarados|Intimidate|[of] p2a: Gyarados
|-unboost|p2a: Gyarados|atk|1
|move|p2a: Gyarados|Taunt|p1a: Gyarados
|-start|p1a: Gyarados|move: Taunt
|
|turn|9
|
|move|p2a: Gyarados|Dragon Dance|p2a: Gyarados
|-boost|p2a: Gyarados|atk|1
|-boost|p2a: Gyarados|spe|1
|move|p1a: Gyarados|Bounce|p2a: Gyarados|[still]
|-prepare|p1a: Gyarados|Bounce|p2a: Gyarados
|
|turn|10
|
|move|p2a: Gyarados|Dragon Dance|p2a: Gyarados
|-boost|p2a: Gyarados|atk|1
|-boost|p2a: Gyarados|spe|1
|move|p1a: Gyarados|Bounce|p2a: Gyarados
|-damage|p2a: Gyarados|52\/331
|
|turn|11
|
|move|p2a: Gyarados|Waterfall|p1a: Gyarados
|-resisted|p1a: Gyarados
|-damage|p1a: Gyarados|171\/370
|move|p1a: Gyarados|Waterfall|p2a: Gyarados
|-resisted|p2a: Gyarados
|-damage|p2a: Gyarados|0 fnt
|faint|p2a: Gyarados
|
|-heal|p1a: Gyarados|194\/370|[from] item: Leftovers
|-end|p1a: Gyarados|move: Taunt
|
|switch|p2a: Thundurus|Thundurus, M|299\/299
|-damage|p2a: Thundurus|225\/299|[from] Stealth Rock
|turn|12
|
|switch|p2a: Greninja|Greninja, F|285\/285
|-damage|p2a: Greninja|250\/285|[from] Stealth Rock
|switch|p1a: Mew|Mew|404\/404 par
|
|turn|13
|
|move|p2a: Greninja|Dark Pulse|p1a: Mew
|-start|p2a: Greninja|typechange|Dark|[from] Protean
|-supereffective|p1a: Mew
|-damage|p1a: Mew|144\/404 par
|-damage|p2a: Greninja|222\/285|[from] item: Life Orb
|move|p1a: Mew|Knock Off|p2a: Greninja
|-resisted|p2a: Greninja
|-damage|p2a: Greninja|175\/285
|-enditem|p2a: Greninja|Life Orb|[from] move: Knock Off|[of] p1a: Mew
|
|-heal|p1a: Mew|169\/404 par|[from] item: Leftovers
|turn|14
|
|move|p2a: Greninja|Dark Pulse|p1a: Mew
|-supereffective|p1a: Mew
|-damage|p1a: Mew|0 fnt
|faint|p1a: Mew
|
|
|switch|p1a: Medicham|Medicham-Mega, F|261\/261
|turn|15
|
|switch|p2a: Clefable|Clefable, F|369\/394 par
|move|p1a: Medicham|Fake Out|p2a: Clefable
|-crit|p2a: Clefable
|-damage|p2a: Clefable|259\/394 par
|
|-heal|p2a: Clefable|283\/394 par|[from] item: Leftovers
|turn|16
|
|switch|p1a: Jirachi|Jirachi|404\/404
|move|p2a: Clefable|Moonblast|p1a: Jirachi
|-resisted|p1a: Jirachi
|-damage|p1a: Jirachi|349\/404
|
|-heal|p1a: Jirachi|374\/404|[from] item: Leftovers
|-heal|p2a: Clefable|307\/394 par|[from] item: Leftovers
|turn|17
|
|move|p1a: Jirachi|Substitute|p1a: Jirachi
|-start|p1a: Jirachi|Substitute
|-damage|p1a: Jirachi|273\/404
|move|p2a: Clefable|Thunder Wave|p1a: Jirachi
|
|-heal|p1a: Jirachi|298\/404|[from] item: Leftovers
|-heal|p2a: Clefable|331\/394 par|[from] item: Leftovers
|turn|18
|
|switch|p2a: Excadrill|Excadrill, F|367\/367
|-damage|p2a: Excadrill|356\/367|[from] Stealth Rock
|move|p1a: Jirachi|Body Slam|p2a: Excadrill
|-resisted|p2a: Excadrill
|-damage|p2a: Excadrill|289\/367
|-status|p2a: Excadrill|par
|
|-heal|p1a: Jirachi|323\/404|[from] item: Leftovers
|turn|19
|
|move|p1a: Jirachi|Fire Punch|p2a: Excadrill
|-supereffective|p2a: Excadrill
|-damage|p2a: Excadrill|53\/367 par
|move|p2a: Excadrill|Earthquake|p1a: Jirachi
|-supereffective|p1a: Jirachi
|-end|p1a: Jirachi|Substitute
|-damage|p2a: Excadrill|17\/367 par|[from] item: Life Orb
|
|-heal|p1a: Jirachi|348\/404|[from] item: Leftovers
|turn|20
|
|move|p1a: Jirachi|Substitute|p1a: Jirachi
|-start|p1a: Jirachi|Substitute
|-damage|p1a: Jirachi|247\/404
|move|p2a: Excadrill|Earthquake|p1a: Jirachi
|-supereffective|p1a: Jirachi
|-end|p1a: Jirachi|Substitute
|-damage|p2a: Excadrill|0 fnt|[from] item: Life Orb
|faint|p2a: Excadrill
|
|-heal|p1a: Jirachi|272\/404|[from] item: Leftovers
|
|switch|p2a: Greninja|Greninja, F|175\/285
|-damage|p2a: Greninja|140\/285|[from] Stealth Rock
|turn|21
|
|switch|p1a: Gyarados|Gyarados, M|194\/370
|-ability|p1a: Gyarados|Intimidate|[of] p2a: Greninja
|-unboost|p2a: Greninja|atk|1
|move|p2a: Greninja|Dark Pulse|p1a: Gyarados
|-start|p2a: Greninja|typechange|Dark|[from] Protean
|-damage|p1a: Gyarados|74\/370
|
|-heal|p1a: Gyarados|97\/370|[from] item: Leftovers
|turn|22
|
|move|p2a: Greninja|Dark Pulse|p1a: Gyarados
|-damage|p1a: Gyarados|0 fnt
|faint|p1a: Gyarados
|
|
|switch|p1a: Rotom-Wash|Rotom-Wash|255\/255
|turn|23
|
|switch|p2a: Tyranitar|Tyranitar, M|404\/404
|-damage|p2a: Tyranitar|354\/404|[from] Stealth Rock
|-weather|Sandstorm
|move|p1a: Rotom-Wash|Volt Switch|p2a: Tyranitar
|-damage|p2a: Tyranitar|297\/404
|
|switch|p1a: Quagsire|Quagsire, M|250\/394
|
|-weather|Sandstorm|[upkeep]
|-heal|p1a: Quagsire|274\/394|[from] item: Leftovers
|turn|24
|
|move|p2a: Tyranitar|Stealth Rock|p1a: Quagsire
|-sidestart|p1: goodnewsbears|move: Stealth Rock
|move|p1a: Quagsire|Stockpile|p1a: Quagsire
|-start|p1a: Quagsire|stockpile1
|-boost|p1a: Quagsire|def|1
|-boost|p1a: Quagsire|spd|1
|
|-weather|Sandstorm|[upkeep]
|-heal|p1a: Quagsire|298\/394|[from] item: Leftovers
|turn|25
|
|switch|p2a: Greninja|Greninja, F|140\/285
|-damage|p2a: Greninja|105\/285|[from] Stealth Rock
|move|p1a: Quagsire|Stockpile|p1a: Quagsire
|-start|p1a: Quagsire|stockpile2
|-boost|p1a: Quagsire|def|1
|-boost|p1a: Quagsire|spd|1
|
|-weather|Sandstorm|[upkeep]
|-damage|p2a: Greninja|88\/285|[from] sandstorm
|-heal|p1a: Quagsire|322\/394|[from] item: Leftovers
|turn|26
|
|move|p2a: Greninja|Hidden Power|p1a: Quagsire
|-start|p2a: Greninja|typechange|Grass|[from] Protean
|-supereffective|p1a: Quagsire
|-damage|p1a: Quagsire|58\/394
|move|p1a: Quagsire|Stockpile|p1a: Quagsire
|-start|p1a: Quagsire|stockpile3
|-boost|p1a: Quagsire|def|1
|-boost|p1a: Quagsire|spd|1
|
|-weather|Sandstorm|[upkeep]
|-damage|p2a: Greninja|71\/285|[from] sandstorm
|-heal|p1a: Quagsire|82\/394|[from] item: Leftovers
|turn|27
|
|move|p2a: Greninja|Hidden Power|p1a: Quagsire
|-supereffective|p1a: Quagsire
|-damage|p1a: Quagsire|0 fnt
|faint|p1a: Quagsire
|
|-weather|Sandstorm|[upkeep]
|-damage|p2a: Greninja|54\/285|[from] sandstorm
|
|switch|p1a: Medicham|Medicham-Mega, F|261\/261
|-damage|p1a: Medicham|245\/261|[from] Stealth Rock
|turn|28
|
|move|p1a: Medicham|Bullet Punch|p2a: Greninja
|-crit|p2a: Greninja
|-damage|p2a: Greninja|0 fnt
|faint|p2a: Greninja
|
|-weather|Sandstorm|[upkeep]
|-damage|p1a: Medicham|229\/261|[from] sandstorm
|
|switch|p2a: Thundurus|Thundurus, M|225\/299
|-damage|p2a: Thundurus|151\/299|[from] Stealth Rock
|turn|29
|
|switch|p1a: Rotom-Wash|Rotom-Wash|255\/255
|-damage|p1a: Rotom-Wash|224\/255|[from] Stealth Rock
|move|p2a: Thundurus|Thunderbolt|p1a: Rotom-Wash
|-damage|p1a: Rotom-Wash|47\/255
|-damage|p2a: Thundurus|122\/299|[from] item: Life Orb
|
|-weather|Sandstorm|[upkeep]
|-damage|p1a: Rotom-Wash|32\/255|[from] sandstorm
|-damage|p2a: Thundurus|104\/299|[from] sandstorm
|turn|30
|
|switch|p2a: Tyranitar|Tyranitar, M|297\/404
|-damage|p2a: Tyranitar|247\/404|[from] Stealth Rock
|move|p1a: Rotom-Wash|Volt Switch|p2a: Tyranitar
|-damage|p2a: Tyranitar|193\/404
|
|switch|p1a: Medicham|Medicham-Mega, F|229\/261
|-damage|p1a: Medicham|213\/261|[from] Stealth Rock
|
|-weather|none
|turn|31
|
|move|p1a: Medicham|High Jump Kick|p2a: Tyranitar
|-crit|p2a: Tyranitar
|-supereffective|p2a: Tyranitar
|-damage|p2a: Tyranitar|0 fnt
|faint|p2a: Tyranitar
|
|
|switch|p2a: Clefable|Clefable, F|331\/394 par
|turn|32
|
|switch|p1a: Rotom-Wash|Rotom-Wash|32\/255
|-damage|p1a: Rotom-Wash|1\/255|[from] Stealth Rock
|move|p2a: Clefable|Moonblast|p1a: Rotom-Wash
|-damage|p1a: Rotom-Wash|0 fnt
|faint|p1a: Rotom-Wash
|
|-heal|p2a: Clefable|355\/394 par|[from] item: Leftovers
|
|switch|p1a: Jirachi|Jirachi|272\/404
|-damage|p1a: Jirachi|247\/404|[from] Stealth Rock
|turn|33
|
|move|p1a: Jirachi|Substitute|p1a: Jirachi
|-start|p1a: Jirachi|Substitute
|-damage|p1a: Jirachi|146\/404
|cant|p2a: Clefable|par
|
|-heal|p1a: Jirachi|171\/404|[from] item: Leftovers
|-heal|p2a: Clefable|379\/394 par|[from] item: Leftovers
|turn|34
|
|move|p1a: Jirachi|Iron Head|p2a: Clefable
|-supereffective|p2a: Clefable
|-damage|p2a: Clefable|167\/394 par
|move|p2a: Clefable|Wish|p2a: Clefable
|
|-heal|p1a: Jirachi|196\/404|[from] item: Leftovers
|-heal|p2a: Clefable|191\/394 par|[from] item: Leftovers
|turn|35
|
|switch|p2a: Thundurus|Thundurus, M|104\/299
|-damage|p2a: Thundurus|30\/299|[from] Stealth Rock
|move|p1a: Jirachi|Iron Head|p2a: Thundurus
|-resisted|p2a: Thundurus
|-damage|p2a: Thundurus|0 fnt
|faint|p2a: Thundurus
|
|-heal|p1a: Jirachi|221\/404|[from] item: Leftovers
|-message|TARJA TURUNEN forfeited.
|leave|TARJA TURUNEN
|
|win|goodnewsbears
|raw|Ladder updating...
|player|p2
|raw|goodnewsbears's rating: 1691 &rarr; <strong>1706<\/strong><br \/>(+15 for winning)
|raw|TARJA TURUNEN's rating: 1603 &rarr; <strong>1588<\/strong><br \/>(-15 for losing)