|join|TARJA TURUNEN
|join|Maximo Poder
|player|p1|TARJA TURUNEN|78
|player|p2|Maximo Poder|52
|gametype|singles
|gen|6
|tier|OU
|clearpoke
|poke|p1|Gardevoir, M
|poke|p1|Breloom, F
|poke|p1|Latios, M
|poke|p1|Landorus-Therian, M
|poke|p1|Rotom-Wash
|poke|p1|Excadrill, F
|poke|p2|Tyranitar, F
|poke|p2|Landorus, M
|poke|p2|Quagsire, F
|poke|p2|Mew
|poke|p2|Mawile, F
|poke|p2|Togekiss, F
|rule|Swagger Clause: Swagger is banned
|rule|Baton Pass Clause: Limit one PokÃ©mon knowing Baton Pass
|rule|Sleep Clause Mod: Limit one foe put to sleep
|rule|Species Clause: Limit one of each PokÃ©mon
|rule|OHKO Clause: OHKO moves are banned
|rule|Moody Clause: Moody is banned
|rule|Evasion Moves Clause: Evasion moves are banned
|rule|Endless Battle Clause: Forcing endless battles is banned
|rule|HP Percentage Mod: HP is shown in percentages
|teampreview
|chat|TARJA TURUNEN|bom jogo
|chat|Maximo Poder|pra vc tb
|
|start
|switch|p1a: Rotom-Wash|Rotom-Wash|304\/304
|switch|p2a: Mew|Mew|342\/342
|turn|1
|
|move|p2a: Mew|Knock Off|p1a: Rotom-Wash
|-damage|p1a: Rotom-Wash|251\/304
|-enditem|p1a: Rotom-Wash|Leftovers|[from] move: Knock Off|[of] p2a: Mew
|move|p1a: Rotom-Wash|Volt Switch|p2a: Mew
|-damage|p2a: Mew|273\/342
|
|switch|p1a: Gardevoir|Gardevoir, M|277\/277
|-ability|p1a: Gardevoir|Synchronize|[from] ability: Trace|[of] p2a: Mew
|
|-heal|p2a: Mew|294\/342|[from] item: Leftovers
|turn|2
|
|detailschange|p1a: Gardevoir|Gardevoir-Mega, M
|message|Gardevoir has Mega Evolved into Mega Gardevoir!
|move|p1a: Gardevoir|Hyper Voice|p2a: Mew
|-damage|p2a: Mew|105\/342
|move|p2a: Mew|Skill Swap|p1a: Gardevoir
|-activate|p2a: Mew|move: Skill Swap|Pixilate|Synchronize|[of] p1a: Gardevoir
|
|-heal|p2a: Mew|126\/342|[from] item: Leftovers
|turn|3
|join|WTF_GLEDSON
|
|switch|p2a: Mawile|Mawile, F|242\/242
|-ability|p2a: Mawile|Intimidate|[of] p1a: Gardevoir
|-unboost|p1a: Gardevoir|atk|1
|move|p1a: Gardevoir|Hyper Voice|p2a: Mawile
|-resisted|p2a: Mawile
|-damage|p2a: Mawile|137\/242
|
|turn|4
|
|switch|p2a: Quagsire|Quagsire, F|394\/394
|move|p1a: Gardevoir|Hidden Power|p2a: Quagsire
|-damage|p2a: Quagsire|279\/394
|
|-heal|p2a: Quagsire|303\/394|[from] item: Leftovers
|turn|5
|
|switch|p1a: Rotom-Wash|Rotom-Wash|251\/304
|move|p2a: Quagsire|Toxic|p1a: Rotom-Wash
|-status|p1a: Rotom-Wash|tox
|
|-heal|p2a: Quagsire|327\/394|[from] item: Leftovers
|-damage|p1a: Rotom-Wash|232\/304 tox|[from] psn
|turn|6
|
|move|p1a: Rotom-Wash|Will-O-Wisp|p2a: Quagsire
|-status|p2a: Quagsire|brn
|move|p2a: Quagsire|Recover|p2a: Quagsire
|-heal|p2a: Quagsire|394\/394 brn
|
|-damage|p1a: Rotom-Wash|194\/304 tox|[from] psn
|-damage|p2a: Quagsire|345\/394 brn|[from] brn
|turn|7
|
|switch|p1a: Breloom|Breloom, F|261\/261
|move|p2a: Quagsire|Toxic|p1a: Breloom
|-status|p1a: Breloom|tox
|
|-heal|p2a: Quagsire|369\/394 brn|[from] item: Leftovers
|-damage|p1a: Breloom|245\/261 tox|[from] psn
|-damage|p2a: Quagsire|320\/394 brn|[from] brn
|turn|8
|chat|WTF_GLEDSON|lol
|
|switch|p2a: Togekiss|Togekiss, F|374\/374
|move|p1a: Breloom|Bullet Seed|p2a: Togekiss
|-resisted|p2a: Togekiss
|-damage|p2a: Togekiss|347\/374
|-resisted|p2a: Togekiss
|-damage|p2a: Togekiss|320\/374
|-hitcount|p2a: Togekiss|2
|
|-damage|p1a: Breloom|213\/261 tox|[from] psn
|turn|9
|chat|WTF_GLEDSON|cade o poison heal
|
|move|p1a: Breloom|Spore|p2a: Togekiss
|-status|p2a: Togekiss|slp
|cant|p2a: Togekiss|slp
|
|-damage|p1a: Breloom|165\/261 tox|[from] psn
|turn|10
|chat|WTF_GLEDSON|logo technician
|
|switch|p1a: Excadrill|Excadrill, F|367\/367
|-ability|p1a: Excadrill|Mold Breaker
|cant|p2a: Togekiss|slp
|
|turn|11
|
|switch|p2a: Quagsire|Quagsire, F|320\/394 brn
|move|p1a: Excadrill|Iron Head|p2a: Quagsire
|-resisted|p2a: Quagsire
|-damage|p2a: Quagsire|250\/394 brn
|
|-heal|p2a: Quagsire|274\/394 brn|[from] item: Leftovers
|-damage|p2a: Quagsire|225\/394 brn|[from] brn
|turn|12
|
|move|p1a: Excadrill|Earthquake|p2a: Quagsire
|-damage|p2a: Quagsire|77\/394 brn
|move|p2a: Quagsire|Recover|p2a: Quagsire
|-heal|p2a: Quagsire|274\/394 brn
|
|-heal|p2a: Quagsire|298\/394 brn|[from] item: Leftovers
|-damage|p2a: Quagsire|249\/394 brn|[from] brn
|turn|13
|
|switch|p1a: Breloom|Breloom, F|165\/261 tox
|move|p2a: Quagsire|Scald|p1a: Breloom
|-resisted|p1a: Breloom
|-damage|p1a: Breloom|114\/261 tox
|
|-heal|p2a: Quagsire|273\/394 brn|[from] item: Leftovers
|-damage|p1a: Breloom|98\/261 tox|[from] psn
|-damage|p2a: Quagsire|224\/394 brn|[from] brn
|turn|14
|
|switch|p2a: Togekiss|Togekiss, F|320\/374 slp
|move|p1a: Breloom|Bullet Seed|p2a: Togekiss
|-resisted|p2a: Togekiss
|-damage|p2a: Togekiss|290\/374 slp
|-resisted|p2a: Togekiss
|-damage|p2a: Togekiss|263\/374 slp
|-resisted|p2a: Togekiss
|-damage|p2a: Togekiss|236\/374 slp
|-resisted|p2a: Togekiss
|-damage|p2a: Togekiss|210\/374 slp
|-crit|p2a: Togekiss
|-resisted|p2a: Togekiss
|-damage|p2a: Togekiss|171\/374 slp
|-hitcount|p2a: Togekiss|5
|
|-damage|p1a: Breloom|66\/261 tox|[from] psn
|turn|15
|
|move|p1a: Breloom|Rock Tomb|p2a: Togekiss
|-supereffective|p2a: Togekiss
|-damage|p2a: Togekiss|0 fnt
|faint|p2a: Togekiss
|
|-damage|p1a: Breloom|18\/261 tox|[from] psn
|leave|WTF_GLEDSON
|
|switch|p2a: Landorus|Landorus, M|320\/320
|turn|16
|
|move|p2a: Landorus|Sludge Wave|p1a: Breloom
|-supereffective|p1a: Breloom
|-damage|p1a: Breloom|0 fnt
|faint|p1a: Breloom
|
|
|switch|p1a: Rotom-Wash|Rotom-Wash|194\/304 tox
|turn|17
|
|switch|p2a: Mew|Mew|126\/342
|move|p1a: Rotom-Wash|Hydro Pump|p2a: Mew|[miss]
|-miss|p1a: Rotom-Wash|p2a: Mew
|
|-heal|p2a: Mew|147\/342|[from] item: Leftovers
|-damage|p1a: Rotom-Wash|175\/304 tox|[from] psn
|turn|18
|
|move|p2a: Mew|Stealth Rock|p1a: Rotom-Wash
|-sidestart|p1: TARJA TURUNEN|move: Stealth Rock
|move|p1a: Rotom-Wash|Will-O-Wisp|p2a: Mew|[miss]
|-miss|p1a: Rotom-Wash|p2a: Mew
|
|-heal|p2a: Mew|168\/342|[from] item: Leftovers
|-damage|p1a: Rotom-Wash|137\/304 tox|[from] psn
|turn|19
|
|move|p2a: Mew|Seismic Toss|p1a: Rotom-Wash
|-damage|p1a: Rotom-Wash|37\/304 tox
|move|p1a: Rotom-Wash|Will-O-Wisp|p2a: Mew
|-status|p2a: Mew|brn
|
|-heal|p2a: Mew|189\/342 brn|[from] item: Leftovers
|-damage|p2a: Mew|147\/342 brn|[from] brn
|-damage|p1a: Rotom-Wash|0 fnt|[from] psn
|faint|p1a: Rotom-Wash
|
|switch|p1a: Gardevoir|Gardevoir-Mega, M|277\/277
|-damage|p1a: Gardevoir|243\/277|[from] Stealth Rock
|turn|20
|
|move|p1a: Gardevoir|Hyper Voice|p2a: Mew
|-damage|p2a: Mew|0 fnt
|faint|p2a: Mew
|
|
|switch|p2a: Tyranitar|Tyranitar, F|404\/404
|-weather|Sandstorm
|turn|21
|
|move|p1a: Gardevoir|Focus Blast|p2a: Tyranitar
|-supereffective|p2a: Tyranitar
|-damage|p2a: Tyranitar|172\/404
|move|p2a: Tyranitar|Crunch|p1a: Gardevoir
|-damage|p1a: Gardevoir|78\/277
|
|-weather|Sandstorm|[upkeep]
|-damage|p1a: Gardevoir|61\/277|[from] sandstorm
|turn|22
|
|move|p1a: Gardevoir|Hyper Voice|p2a: Tyranitar
|-supereffective|p2a: Tyranitar
|-damage|p2a: Tyranitar|0 fnt
|faint|p2a: Tyranitar
|
|-weather|Sandstorm|[upkeep]
|-damage|p1a: Gardevoir|44\/277|[from] sandstorm
|
|switch|p2a: Landorus|Landorus, M|320\/320
|turn|23
|
|move|p2a: Landorus|Sludge Wave|p1a: Gardevoir
|-supereffective|p1a: Gardevoir
|-damage|p1a: Gardevoir|0 fnt
|faint|p1a: Gardevoir
|
|-weather|Sandstorm|[upkeep]
|
|switch|p1a: Latios|Latios, M|301\/301
|-damage|p1a: Latios|264\/301|[from] Stealth Rock
|turn|24
|
|switch|p2a: Mawile|Mawile, F|137\/242
|-ability|p2a: Mawile|Intimidate|[of] p1a: Latios
|-unboost|p1a: Latios|atk|1
|move|p1a: Latios|Surf|p2a: Mawile
|-damage|p2a: Mawile|0 fnt
|-damage|p1a: Latios|234\/301|[from] item: Life Orb
|faint|p2a: Mawile
|
|-weather|Sandstorm|[upkeep]
|-damage|p1a: Latios|216\/301|[from] sandstorm
|
|switch|p2a: Quagsire|Quagsire, F|224\/394 brn
|turn|25
|
|move|p1a: Latios|Draco Meteor|p2a: Quagsire
|-crit|p2a: Quagsire
|-damage|p2a: Quagsire|0 fnt
|-unboost|p1a: Latios|spa|2
|-damage|p1a: Latios|186\/301|[from] item: Life Orb
|faint|p2a: Quagsire
|
|-weather|none
|
|switch|p2a: Landorus|Landorus, M|320\/320
|turn|26
|
|switch|p1a: Landorus-Therian|Landorus-Therian, M|362\/362
|-damage|p1a: Landorus-Therian|317\/362|[from] Stealth Rock
|-ability|p1a: Landorus-Therian|Intimidate|[of] p2a: Landorus
|-unboost|p2a: Landorus|atk|1
|move|p2a: Landorus|Sludge Wave|p1a: Landorus-Therian
|-crit|p1a: Landorus-Therian
|-resisted|p1a: Landorus-Therian
|-damage|p1a: Landorus-Therian|181\/362
|
|-heal|p1a: Landorus-Therian|203\/362|[from] item: Leftovers
|turn|27
|
|move|p2a: Landorus|Psychic|p1a: Landorus-Therian
|-damage|p1a: Landorus-Therian|35\/362
|move|p1a: Landorus-Therian|Knock Off|p2a: Landorus
|-damage|p2a: Landorus|211\/320
|-enditem|p2a: Landorus|Life Orb|[from] move: Knock Off|[of] p1a: Landorus-Therian
|
|-heal|p1a: Landorus-Therian|57\/362|[from] item: Leftovers
|turn|28
|
|move|p2a: Landorus|Psychic|p1a: Landorus-Therian
|-damage|p1a: Landorus-Therian|0 fnt
|faint|p1a: Landorus-Therian
|
|
|switch|p1a: Latios|Latios, M|186\/301
|-damage|p1a: Latios|149\/301|[from] Stealth Rock
|turn|29
|
|move|p1a: Latios|Surf|p2a: Landorus
|-supereffective|p2a: Landorus
|-damage|p2a: Landorus|0 fnt
|-damage|p1a: Latios|119\/301|[from] item: Life Orb
|faint|p2a: Landorus
|
|win|TARJA TURUNEN
|chat|TARJA TURUNEN|gg
|chat|Maximo Poder|gg