|join|Crued45
|join|TARJA TURUNEN
|player|p1|Crued45|292
|player|p2|TARJA TURUNEN|2
|gametype|singles
|gen|6
|tier|OU
|rated
|clearpoke
|poke|p1|Venusaur, M
|poke|p1|Latios, M
|poke|p1|Breloom, M
|poke|p1|Magnezone
|poke|p1|Slowbro, M
|poke|p1|Landorus-Therian, M
|poke|p2|Infernape, M
|poke|p2|Bisharp, M
|poke|p2|Breloom, M
|poke|p2|Charizard, M
|poke|p2|Azumarill, F
|poke|p2|Latias, F
|rule|Swagger Clause: Swagger is banned
|rule|Baton Pass Clause: Limit one PokÃ©mon knowing Baton Pass
|rule|Sleep Clause Mod: Limit one foe put to sleep
|rule|Species Clause: Limit one of each PokÃ©mon
|rule|OHKO Clause: OHKO moves are banned
|rule|Moody Clause: Moody is banned
|rule|Evasion Moves Clause: Evasion moves are banned
|rule|Endless Battle Clause: Forcing endless battles is banned
|rule|HP Percentage Mod: HP is shown in percentages
|teampreview
|
|start
|switch|p1a: Landorus-Therian|Landorus-Therian, M|320\/320
|switch|p2a: Infernape|Infernape, M|293\/293
|-ability|p1a: Landorus-Therian|Intimidate|[of] p2a: Infernape
|-unboost|p2a: Infernape|atk|1
|turn|1
|
|move|p1a: Landorus-Therian|Earthquake|p2a: Infernape
|-supereffective|p2a: Infernape
|-enditem|p2a: Infernape|Focus Sash
|-damage|p2a: Infernape|1\/293
|move|p2a: Infernape|Stealth Rock|p1a: Landorus-Therian
|-sidestart|p1: Crued45|move: Stealth Rock
|
|turn|2
|
|switch|p2a: Latias|Latias, F|301\/301
|move|p1a: Landorus-Therian|Earthquake|p2a: Latias
|-immune|p2a: Latias|[msg]
|
|turn|3
|
|switch|p1a: Magnezone|Magnezone|320\/320
|-damage|p1a: Magnezone|300\/320|[from] Stealth Rock
|move|p2a: Latias|Draco Meteor|p1a: Magnezone
|-resisted|p1a: Magnezone
|-damage|p1a: Magnezone|164\/320
|-unboost|p2a: Latias|spa|2
|-damage|p2a: Latias|271\/301|[from] item: Life Orb
|
|turn|4
|
|switch|p2a: Infernape|Infernape, M|1\/293
|move|p1a: Magnezone|Volt Switch|p2a: Infernape
|-damage|p2a: Infernape|0 fnt
|faint|p2a: Infernape
|
|switch|p1a: Landorus-Therian|Landorus-Therian, M|320\/320
|-damage|p1a: Landorus-Therian|280\/320|[from] Stealth Rock
|
|
|switch|p2a: Bisharp|Bisharp, M|271\/271
|turn|5
|
|move|p1a: Landorus-Therian|Earthquake|p2a: Bisharp
|-supereffective|p2a: Bisharp
|-enditem|p2a: Bisharp|Focus Sash
|-damage|p2a: Bisharp|1\/271
|move|p2a: Bisharp|Knock Off|p1a: Landorus-Therian
|-damage|p1a: Landorus-Therian|84\/320
|-enditem|p1a: Landorus-Therian|Choice Scarf|[from] move: Knock Off|[of] p2a: Bisharp
|
|turn|6
|
|move|p2a: Bisharp|Sucker Punch|p1a: Landorus-Therian
|-damage|p1a: Landorus-Therian|0 fnt
|faint|p1a: Landorus-Therian
|
|
|switch|p1a: Breloom|Breloom, M|262\/262
|-damage|p1a: Breloom|246\/262|[from] Stealth Rock
|turn|7
|
|switch|p2a: Latias|Latias, F|271\/301
|move|p1a: Breloom|Bullet Seed|p2a: Latias
|-resisted|p2a: Latias
|-damage|p2a: Latias|222\/301
|-resisted|p2a: Latias
|-damage|p2a: Latias|174\/301
|-hitcount|p2a: Latias|2
|-damage|p1a: Breloom|220\/262|[from] item: Life Orb
|
|turn|8
|
|switch|p1a: Magnezone|Magnezone|164\/320
|-damage|p1a: Magnezone|144\/320|[from] Stealth Rock
|move|p2a: Latias|Psyshock|p1a: Magnezone
|-resisted|p1a: Magnezone
|-damage|p1a: Magnezone|74\/320
|-damage|p2a: Latias|144\/301|[from] item: Life Orb
|
|turn|9
|
|move|p2a: Latias|Psyshock|p1a: Magnezone
|-resisted|p1a: Magnezone
|-damage|p1a: Magnezone|4\/320
|-damage|p2a: Latias|114\/301|[from] item: Life Orb
|move|p1a: Magnezone|Volt Switch|p2a: Latias
|-resisted|p2a: Latias
|-damage|p2a: Latias|36\/301
|
|switch|p1a: Breloom|Breloom, M|220\/262
|-damage|p1a: Breloom|204\/262|[from] Stealth Rock
|
|turn|10
|
|move|p1a: Breloom|Mach Punch|p2a: Latias
|-resisted|p2a: Latias
|-damage|p2a: Latias|0 fnt
|-damage|p1a: Breloom|178\/262|[from] item: Life Orb
|faint|p2a: Latias
|
|
|switch|p2a: Charizard|Charizard, M|359\/359
|turn|11
|
|switch|p1a: Magnezone|Magnezone|4\/320
|-damage|p1a: Magnezone|0 fnt|[from] Stealth Rock
|faint|p1a: Magnezone
|detailschange|p2a: Charizard|Charizard-Mega-X, M
|-mega|p2a: Charizard|Charizard|Charizardite X
|move|p2a: Charizard|Dragon Claw|p1: Magnezone|[notarget]
|-notarget
|
|
|switch|p1a: Slowbro|Slowbro, M|394\/394
|-damage|p1a: Slowbro|345\/394|[from] Stealth Rock
|turn|12
|
|move|p2a: Charizard|Dragon Dance|p2a: Charizard
|-boost|p2a: Charizard|atk|1
|-boost|p2a: Charizard|spe|1
|move|p1a: Slowbro|Thunder Wave|p2a: Charizard
|-status|p2a: Charizard|par
|
|-heal|p1a: Slowbro|369\/394|[from] item: Leftovers
|turn|13
|
|move|p2a: Charizard|Dragon Dance|p2a: Charizard
|-boost|p2a: Charizard|atk|1
|-boost|p2a: Charizard|spe|1
|move|p1a: Slowbro|Scald|p2a: Charizard
|-damage|p2a: Charizard|254\/359 par
|
|-heal|p1a: Slowbro|393\/394|[from] item: Leftovers
|turn|14
|
|move|p2a: Charizard|Dragon Claw|p1a: Slowbro
|-damage|p1a: Slowbro|156\/394
|move|p1a: Slowbro|Scald|p2a: Charizard
|-damage|p2a: Charizard|149\/359 par
|
|-heal|p1a: Slowbro|180\/394|[from] item: Leftovers
|turn|15
|
|move|p2a: Charizard|Roost|p2a: Charizard
|-heal|p2a: Charizard|329\/359 par
|move|p1a: Slowbro|Scald|p2a: Charizard
|-damage|p2a: Charizard|226\/359 par
|
|-heal|p1a: Slowbro|204\/394|[from] item: Leftovers
|turn|16
|
|move|p2a: Charizard|Dragon Claw|p1a: Slowbro
|-damage|p1a: Slowbro|0 fnt
|faint|p1a: Slowbro
|
|
|switch|p1a: Venusaur|Venusaur, M|364\/364
|-damage|p1a: Venusaur|319\/364|[from] Stealth Rock
|turn|17
|
|detailschange|p1a: Venusaur|Venusaur-Mega, M
|-mega|p1a: Venusaur|Venusaur|Venusaurite
|move|p1a: Venusaur|Sludge Bomb|p2a: Charizard
|-damage|p2a: Charizard|31\/359 par
|move|p2a: Charizard|Flare Blitz|p1a: Venusaur
|-supereffective|p1a: Venusaur
|-damage|p1a: Venusaur|0 fnt
|-damage|p2a: Charizard|0 fnt|[from] recoil|[of] p1a: Venusaur
|faint|p1a: Venusaur
|faint|p2a: Charizard
|
|c|âCrued45|Oh my
|
|switch|p1a: Breloom|Breloom, M|178\/262
|switch|p2a: Breloom|Breloom, M|261\/261
|-damage|p1a: Breloom|162\/262|[from] Stealth Rock
|turn|18
|
|switch|p1a: Latios|Latios, M|302\/302
|-damage|p1a: Latios|265\/302|[from] Stealth Rock
|move|p2a: Breloom|Bullet Seed|p1a: Latios
|-resisted|p1a: Latios
|-damage|p1a: Latios|223\/302
|-resisted|p1a: Latios
|-damage|p1a: Latios|184\/302
|-resisted|p1a: Latios
|-damage|p1a: Latios|146\/302
|-hitcount|p1a: Latios|3
|
|turn|19
|
|move|p1a: Latios|Ice Beam|p2a: Breloom
|-supereffective|p2a: Breloom
|-enditem|p2a: Breloom|Focus Sash
|-damage|p2a: Breloom|1\/261
|-damage|p1a: Latios|116\/302|[from] item: Life Orb
|move|p2a: Breloom|Spore|p1a: Latios
|-status|p1a: Latios|slp
|
|turn|20
|
|cant|p1a: Latios|slp
|move|p2a: Breloom|Rock Tomb|p1a: Latios|[miss]
|-miss|p2a: Breloom|p1a: Latios
|
|turn|21
|
|cant|p1a: Latios|slp
|move|p2a: Breloom|Rock Tomb|p1a: Latios
|-damage|p1a: Latios|0 fnt
|faint|p1a: Latios
|
|
|switch|p1a: Breloom|Breloom, M|162\/262
|-damage|p1a: Breloom|146\/262|[from] Stealth Rock
|turn|22
|
|switch|p2a: Bisharp|Bisharp, M|1\/271
|move|p1a: Breloom|Mach Punch|p2a: Bisharp
|-supereffective|p2a: Bisharp
|-damage|p2a: Bisharp|0 fnt
|-damage|p1a: Breloom|120\/262|[from] item: Life Orb
|faint|p2a: Bisharp
|
|
|switch|p2a: Breloom|Breloom, M|1\/261
|turn|23
|
|move|p1a: Breloom|Mach Punch|p2a: Breloom
|-damage|p2a: Breloom|0 fnt
|-damage|p1a: Breloom|94\/262|[from] item: Life Orb
|faint|p2a: Breloom
|
|c|âCrued45|Intenseeee
|
|switch|p2a: Azumarill|Azumarill, F|342\/342
|turn|24
|
|move|p2a: Azumarill|Aqua Jet|p1a: Breloom
|-crit|p1a: Breloom
|-resisted|p1a: Breloom
|-damage|p1a: Breloom|18\/262
|move|p1a: Breloom|Spore|p2a: Azumarill
|-status|p2a: Azumarill|slp
|
|turn|25
|c|âCrued45|of course haha
|
|cant|p2a: Azumarill|slp
|move|p1a: Breloom|Bullet Seed|p2a: Azumarill
|-supereffective|p2a: Azumarill
|-damage|p2a: Azumarill|131\/342 slp
|-enditem|p2a: Azumarill|Sitrus Berry|[eat]
|-heal|p2a: Azumarill|216\/342 slp|[from] item: Sitrus Berry
|-supereffective|p2a: Azumarill
|-damage|p2a: Azumarill|13\/342 slp
|-crit|p2a: Azumarill
|-supereffective|p2a: Azumarill
|-damage|p2a: Azumarill|0 fnt
|-hitcount|p2a: Azumarill|3
|-damage|p1a: Breloom|0 fnt|[from] item: Life Orb
|faint|p2a: Azumarill
|faint|p1a: Breloom
|
|win|Crued45
|raw|Ladder updating...
|raw|Crued45's rating: 1463 &rarr; <strong>1488<\/strong><br \/>(+25 for winning)
|raw|TARJA TURUNEN's rating: 1553 &rarr; <strong>1528<\/strong><br \/>(-25 for losing)
|c|âCrued45|gg