|join|TARJA TURUNEN
|join|Super Mario Bros
|player|p1|TARJA TURUNEN|70
|player|p2|Super Mario Bros|155
|gametype|singles
|gen|6
|tier|OU
|rated
|clearpoke
|poke|p1|Rotom-Wash
|poke|p1|Greninja, F
|poke|p1|Metagross
|poke|p1|Landorus, M
|poke|p1|Terrakion
|poke|p1|Talonflame, F
|poke|p2|Serperior, F
|poke|p2|Altaria, M
|poke|p2|Slowking, F
|poke|p2|Landorus-Therian, M
|poke|p2|Heatran, M
|poke|p2|Mandibuzz, F
|rule|Swagger Clause: Swagger is banned
|rule|Baton Pass Clause: Limit one PokÃ©mon knowing Baton Pass
|rule|Sleep Clause Mod: Limit one foe put to sleep
|rule|Species Clause: Limit one of each PokÃ©mon
|rule|OHKO Clause: OHKO moves are banned
|rule|Moody Clause: Moody is banned
|rule|Evasion Moves Clause: Evasion moves are banned
|rule|Endless Battle Clause: Forcing endless battles is banned
|rule|HP Percentage Mod: HP is shown in percentages
|teampreview
|
|start
|switch|p1a: Terrakion|Terrakion|323\/323
|switch|p2a: Serperior|Serperior, F|291\/291
|turn|1
|join|silverace1207
|c| silverace1207|Hello
|leave|silverace1207
|
|move|p2a: Serperior|Leaf Storm|p1a: Terrakion
|-supereffective|p1a: Terrakion
|-enditem|p1a: Terrakion|Focus Sash
|-damage|p1a: Terrakion|1\/323
|-boost|p2a: Serperior|spa|2
|move|p1a: Terrakion|Stealth Rock|p2a: Serperior
|-sidestart|p2: Super Mario Bros|move: Stealth Rock
|
|turn|2
|
|move|p2a: Serperior|Hidden Power|p1a: Terrakion
|-resisted|p1a: Terrakion
|-damage|p1a: Terrakion|0 fnt
|faint|p1a: Terrakion
|
|
|switch|p1a: Talonflame|Talonflame, F|309\/309
|turn|3
|
|switch|p2a: Landorus-Therian|Landorus-Therian, M|319\/319
|-damage|p2a: Landorus-Therian|280\/319|[from] Stealth Rock
|-ability|p2a: Landorus-Therian|Intimidate|[of] p1a: Talonflame
|-unboost|p1a: Talonflame|atk|1
|move|p1a: Talonflame|U-turn|p2a: Landorus-Therian
|-resisted|p2a: Landorus-Therian
|-damage|p2a: Landorus-Therian|251\/319
|-damage|p1a: Talonflame|279\/309|[from] item: Life Orb
|
|switch|p1a: Rotom-Wash|Rotom-Wash|304\/304
|
|turn|4
|
|move|p2a: Landorus-Therian|U-turn|p1a: Rotom-Wash
|-damage|p1a: Rotom-Wash|238\/304
|
|switch|p2a: Altaria|Altaria, M|353\/353
|-damage|p2a: Altaria|265\/353|[from] Stealth Rock
|move|p1a: Rotom-Wash|Volt Switch|p2a: Altaria
|-damage|p2a: Altaria|195\/353
|
|switch|p1a: Metagross|Metagross|301\/301
|
|turn|5
|
|switch|p2a: Slowking|Slowking, F|393\/393
|-damage|p2a: Slowking|344\/393|[from] Stealth Rock
|detailschange|p1a: Metagross|Metagross-Mega
|-mega|p1a: Metagross|Metagross|Metagrossite
|move|p1a: Metagross|Ice Punch|p2a: Slowking
|-resisted|p2a: Slowking
|-damage|p2a: Slowking|285\/393
|
|turn|6
|
|switch|p1a: Rotom-Wash|Rotom-Wash|238\/304
|move|p2a: Slowking|Scald|p1a: Rotom-Wash
|-resisted|p1a: Rotom-Wash
|-damage|p1a: Rotom-Wash|193\/304
|-status|p1a: Rotom-Wash|brn
|
|-heal|p1a: Rotom-Wash|212\/304 brn|[from] item: Leftovers
|-damage|p1a: Rotom-Wash|174\/304 brn|[from] brn
|turn|7
|join|metaang
|
|switch|p2a: Altaria|Altaria, M|195\/353
|-damage|p2a: Altaria|107\/353|[from] Stealth Rock
|move|p1a: Rotom-Wash|Volt Switch|p2a: Altaria
|-damage|p2a: Altaria|29\/353
|
|switch|p1a: Landorus|Landorus, M|319\/319
|
|turn|8
|
|detailschange|p2a: Altaria|Altaria-Mega, M
|-mega|p2a: Altaria|Altaria|Altarianite
|move|p1a: Landorus|Calm Mind|p1a: Landorus
|-boost|p1a: Landorus|spa|1
|-boost|p1a: Landorus|spd|1
|move|p2a: Altaria|Return|p1a: Landorus
|-damage|p1a: Landorus|121\/319
|
|turn|9
|
|move|p1a: Landorus|Sludge Wave|p2a: Altaria
|-supereffective|p2a: Altaria
|-damage|p2a: Altaria|0 fnt
|faint|p2a: Altaria
|
|
|switch|p2a: Landorus-Therian|Landorus-Therian, M|251\/319
|-damage|p2a: Landorus-Therian|212\/319|[from] Stealth Rock
|-ability|p2a: Landorus-Therian|Intimidate|[of] p1a: Landorus
|-unboost|p1a: Landorus|atk|1
|turn|10
|
|move|p2a: Landorus-Therian|Knock Off|p1a: Landorus
|-damage|p1a: Landorus|0 fnt
|-enditem|p1a: Landorus|Life Orb|[from] move: Knock Off|[of] p2a: Landorus-Therian
|faint|p1a: Landorus
|
|
|switch|p1a: Rotom-Wash|Rotom-Wash|174\/304 brn
|turn|11
|
|switch|p2a: Serperior|Serperior, F|291\/291
|-damage|p2a: Serperior|255\/291|[from] Stealth Rock
|move|p1a: Rotom-Wash|Will-O-Wisp|p2a: Serperior
|-status|p2a: Serperior|brn
|
|-heal|p2a: Serperior|273\/291 brn|[from] item: Leftovers
|-heal|p1a: Rotom-Wash|193\/304 brn|[from] item: Leftovers
|-damage|p2a: Serperior|237\/291 brn|[from] brn
|-damage|p1a: Rotom-Wash|155\/304 brn|[from] brn
|turn|12
|
|switch|p1a: Talonflame|Talonflame, F|279\/309
|move|p2a: Serperior|Substitute|p2a: Serperior
|-start|p2a: Serperior|Substitute
|-damage|p2a: Serperior|165\/291 brn
|
|-heal|p2a: Serperior|183\/291 brn|[from] item: Leftovers
|-damage|p2a: Serperior|147\/291 brn|[from] brn
|turn|13
|
|move|p2a: Serperior|Leech Seed|p1a: Talonflame
|-start|p1a: Talonflame|move: Leech Seed
|move|p1a: Talonflame|Flare Blitz|p2a: Serperior
|-supereffective|p2a: Serperior
|-end|p2a: Serperior|Substitute
|-damage|p1a: Talonflame|255\/309|[from] recoil|[of] p2a: Serperior
|-damage|p1a: Talonflame|225\/309|[from] item: Life Orb
|
|-heal|p2a: Serperior|165\/291 brn|[from] item: Leftovers
|-damage|p1a: Talonflame|187\/309|[from] Leech Seed|[of] p2a: Serperior
|-heal|p2a: Serperior|203\/291 brn|[silent]
|-damage|p2a: Serperior|167\/291 brn|[from] brn
|turn|14
|
|switch|p2a: Landorus-Therian|Landorus-Therian, M|212\/319
|-damage|p2a: Landorus-Therian|173\/319|[from] Stealth Rock
|-ability|p2a: Landorus-Therian|Intimidate|[of] p1a: Talonflame
|-unboost|p1a: Talonflame|atk|1
|move|p1a: Talonflame|U-turn|p2a: Landorus-Therian
|-resisted|p2a: Landorus-Therian
|-damage|p2a: Landorus-Therian|146\/319
|-damage|p1a: Talonflame|157\/309|[from] item: Life Orb
|
|switch|p1a: Rotom-Wash|Rotom-Wash|155\/304 brn
|
|-heal|p1a: Rotom-Wash|174\/304 brn|[from] item: Leftovers
|-damage|p1a: Rotom-Wash|136\/304 brn|[from] brn
|turn|15
|
|move|p2a: Landorus-Therian|U-turn|p1a: Rotom-Wash
|-damage|p1a: Rotom-Wash|73\/304 brn
|
|switch|p2a: Serperior|Serperior, F|167\/291 brn
|-damage|p2a: Serperior|131\/291 brn|[from] Stealth Rock
|move|p1a: Rotom-Wash|Hydro Pump|p2a: Serperior
|-resisted|p2a: Serperior
|-damage|p2a: Serperior|65\/291 brn
|
|-heal|p2a: Serperior|83\/291 brn|[from] item: Leftovers
|-heal|p1a: Rotom-Wash|92\/304 brn|[from] item: Leftovers
|-damage|p2a: Serperior|47\/291 brn|[from] brn
|-damage|p1a: Rotom-Wash|54\/304 brn|[from] brn
|turn|16
|join|toneloni97
|
|switch|p1a: Talonflame|Talonflame, F|157\/309
|move|p2a: Serperior|Leaf Storm|p1a: Talonflame
|-resisted|p1a: Talonflame
|-damage|p1a: Talonflame|104\/309
|-boost|p2a: Serperior|spa|2
|
|-heal|p2a: Serperior|65\/291 brn|[from] item: Leftovers
|-damage|p2a: Serperior|29\/291 brn|[from] brn
|turn|17
|
|move|p1a: Talonflame|Roost|p1a: Talonflame
|-heal|p1a: Talonflame|259\/309
|move|p2a: Serperior|Leaf Storm|p1a: Talonflame
|-resisted|p1a: Talonflame
|-damage|p1a: Talonflame|34\/309
|-boost|p2a: Serperior|spa|2
|
|-heal|p2a: Serperior|47\/291 brn|[from] item: Leftovers
|-damage|p2a: Serperior|11\/291 brn|[from] brn
|turn|18
|
|move|p2a: Serperior|Leaf Storm|p1a: Talonflame
|-crit|p1a: Talonflame
|-resisted|p1a: Talonflame
|-damage|p1a: Talonflame|0 fnt
|-boost|p2a: Serperior|spa|2
|faint|p1a: Talonflame
|
|-heal|p2a: Serperior|29\/291 brn|[from] item: Leftovers
|-damage|p2a: Serperior|0 fnt|[from] brn
|faint|p2a: Serperior
|
|switch|p2a: Landorus-Therian|Landorus-Therian, M|146\/319
|switch|p1a: Metagross|Metagross-Mega|301\/301
|-damage|p2a: Landorus-Therian|107\/319|[from] Stealth Rock
|-ability|p2a: Landorus-Therian|Intimidate|[of] p1a: Metagross
|-unboost|p1a: Metagross|atk|1
|turn|19
|
|move|p2a: Landorus-Therian|U-turn|p1a: Metagross
|-damage|p1a: Metagross|232\/301
|
|switch|p2a: Slowking|Slowking, F|393\/393
|-damage|p2a: Slowking|344\/393|[from] Stealth Rock
|move|p1a: Metagross|Meteor Mash|p2a: Slowking
|-resisted|p2a: Slowking
|-damage|p2a: Slowking|275\/393
|
|turn|20
|leave|toneloni97
|
|switch|p1a: Greninja|Greninja, F|285\/285
|move|p2a: Slowking|Fire Blast|p1a: Greninja|[miss]
|-miss|p2a: Slowking|p1a: Greninja
|
|turn|21
|
|move|p1a: Greninja|Dark Pulse|p2a: Slowking
|-start|p1a: Greninja|typechange|Dark|[from] Protean
|-supereffective|p2a: Slowking
|-damage|p2a: Slowking|77\/393
|-damage|p1a: Greninja|257\/285|[from] item: Life Orb
|cant|p2a: Slowking|flinch
|
|turn|22
|
|switch|p2a: Heatran|Heatran, M|385\/385
|-damage|p2a: Heatran|337\/385|[from] Stealth Rock
|move|p1a: Greninja|Dark Pulse|p2a: Heatran
|-damage|p2a: Heatran|223\/385
|-damage|p1a: Greninja|229\/285|[from] item: Life Orb
|
|-heal|p2a: Heatran|247\/385|[from] item: Leftovers
|turn|23
|-message|TARJA TURUNEN lost due to inactivity.
|
|move|p1a: Greninja|Surf|p2a: Heatran
|-start|p1a: Greninja|typechange|Water|[from] Protean
|-supereffective|p2a: Heatran
|-damage|p2a: Heatran|3\/385
|-damage|p1a: Greninja|201\/285|[from] item: Life Orb
|move|p2a: Heatran|Stealth Rock|p1a: Greninja
|-sidestart|p1: TARJA TURUNEN|move: Stealth Rock
|
|-heal|p2a: Heatran|27\/385|[from] item: Leftovers
|turn|24
|
|win|Super Mario Bros
|raw|Ladder updating...
|raw|Ladder (probably) updated, but score could not be retrieved (timeout).
|raw|Ladder (probably) updated, but score could not be retrieved (Error: socket hang up).
|leave|TARJA TURUNEN
|player|p1