|join|bernis
|join|TARJA TURUNEN
|player|p1|bernis|2
|player|p2|TARJA TURUNEN|78
|gametype|singles
|gen|6
|tier|OU
|clearpoke
|poke|p1|Manectric, M, shiny
|poke|p1|Rotom-Wash, shiny
|poke|p1|Latios, M
|poke|p1|Talonflame, M
|poke|p1|Scizor, F
|poke|p1|Landorus-Therian, M
|poke|p2|Clefable, M
|poke|p2|Gliscor, M
|poke|p2|Skarmory, F
|poke|p2|Quagsire, M
|poke|p2|Cresselia, F
|poke|p2|Heatran, F
|rule|Swagger Clause: Swagger is banned
|rule|Baton Pass Clause: Limit one PokÃ©mon knowing Baton Pass
|rule|Sleep Clause Mod: Limit one foe put to sleep
|rule|Species Clause: Limit one of each PokÃ©mon
|rule|OHKO Clause: OHKO moves are banned
|rule|Moody Clause: Moody is banned
|rule|Evasion Moves Clause: Evasion moves are banned
|rule|Endless Battle Clause: Forcing endless battles is banned
|rule|HP Percentage Mod: HP is reported as percentages
|teampreview
|chat|bernis|gl hf
|chat|TARJA TURUNEN|bom jogo
|
|start
|switch|p1a: Rotom-Wash|Rotom-Wash, shiny|303\/303
|switch|p2a: Quagsire|Quagsire, M|394\/394
|turn|1
|
|move|p1a: Rotom-Wash|Will-O-Wisp|p2a: Quagsire
|-status|p2a: Quagsire|brn
|move|p2a: Quagsire|Toxic|p1a: Rotom-Wash
|-status|p1a: Rotom-Wash|tox
|
|-damage|p1a: Rotom-Wash|285\/303 tox|[from] psn
|-damage|p2a: Quagsire|345\/394 brn|[from] brn
|turn|2
|
|switch|p1a: Latios|Latios, M|302\/302
|move|p2a: Quagsire|Recover|p2a: Quagsire
|-heal|p2a: Quagsire|394\/394 brn
|
|-damage|p2a: Quagsire|345\/394 brn|[from] brn
|turn|3
|
|switch|p1a: Scizor|Scizor, F|343\/343
|move|p2a: Quagsire|Toxic|p1a: Scizor
|-fail|p1a: Scizor
|
|-heal|p2a: Quagsire|369\/394 brn|[from] item: Leftovers
|-damage|p2a: Quagsire|320\/394 brn|[from] brn
|turn|4
|
|switch|p2a: Skarmory|Skarmory, F|334\/334
|move|p1a: Scizor|Knock Off|p2a: Skarmory
|-damage|p2a: Skarmory|234\/334
|-enditem|p2a: Skarmory|Leftovers|[from] move: Knock Off|[of] p1a: Scizor
|
|turn|5
|
|switch|p1a: Latios|Latios, M|302\/302
|move|p2a: Skarmory|Spikes|p1a: Latios
|-sidestart|p1: bernis|Spikes
|
|turn|6
|
|switch|p2a: Heatran|Heatran, F|385\/385
|move|p1a: Latios|Defog|p2a: Heatran
|-unboost|p2a: Heatran|evasion|1
|-sideend|p1: bernis|Spikes|[from] move: Defog|[of] p1a: Latios
|
|turn|7
|
|switch|p1a: Rotom-Wash|Rotom-Wash, shiny|285\/303 tox
|move|p2a: Heatran|Stealth Rock|p1a: Rotom-Wash
|-sidestart|p1: bernis|move: Stealth Rock
|
|-heal|p1a: Rotom-Wash|303\/303 tox|[from] item: Leftovers
|-damage|p1a: Rotom-Wash|285\/303 tox|[from] psn
|turn|8
|
|move|p2a: Heatran|Protect|p2a: Heatran
|-singleturn|p2a: Heatran|Protect
|move|p1a: Rotom-Wash|Hydro Pump|p2a: Heatran
|-activate|p2a: Heatran|Protect
|
|-heal|p1a: Rotom-Wash|303\/303 tox|[from] item: Leftovers
|-damage|p1a: Rotom-Wash|267\/303 tox|[from] psn
|turn|9
|
|switch|p1a: Landorus-Therian|Landorus-Therian, M|382\/382
|-damage|p1a: Landorus-Therian|335\/382|[from] Stealth Rock
|-ability|p1a: Landorus-Therian|Intimidate|[of] p2a: Heatran
|-unboost|p2a: Heatran|atk|1
|switch|p2a: Quagsire|Quagsire, M|320\/394 brn
|
|-heal|p1a: Landorus-Therian|358\/382|[from] item: Leftovers
|-heal|p2a: Quagsire|344\/394 brn|[from] item: Leftovers
|-damage|p2a: Quagsire|295\/394 brn|[from] brn
|turn|10
|
|move|p1a: Landorus-Therian|Knock Off|p2a: Quagsire
|-damage|p2a: Quagsire|210\/394 brn
|-enditem|p2a: Quagsire|Leftovers|[from] move: Knock Off|[of] p1a: Landorus-Therian
|move|p2a: Quagsire|Scald|p1a: Landorus-Therian
|-supereffective|p1a: Landorus-Therian
|-damage|p1a: Landorus-Therian|208\/382
|
|-heal|p1a: Landorus-Therian|231\/382|[from] item: Leftovers
|-damage|p2a: Quagsire|161\/394 brn|[from] brn
|turn|11
|
|move|p1a: Landorus-Therian|U-turn|p2a: Quagsire
|-crit|p2a: Quagsire
|-damage|p2a: Quagsire|74\/394 brn
|
|switch|p1a: Latios|Latios, M|302\/302
|-damage|p1a: Latios|265\/302|[from] Stealth Rock
|move|p2a: Quagsire|Recover|p2a: Quagsire
|-heal|p2a: Quagsire|271\/394 brn
|
|-damage|p2a: Quagsire|222\/394 brn|[from] brn
|turn|12
|
|move|p1a: Latios|Defog|p2a: Quagsire
|-unboost|p2a: Quagsire|evasion|1
|-sideend|p1: bernis|Stealth Rock|[from] move: Defog|[of] p1a: Latios
|move|p2a: Quagsire|Toxic|p1a: Latios
|-status|p1a: Latios|tox
|
|-damage|p1a: Latios|247\/302 tox|[from] psn
|-damage|p2a: Quagsire|173\/394 brn|[from] brn
|turn|13
|
|move|p1a: Latios|Draco Meteor|p2a: Quagsire
|-damage|p2a: Quagsire|0 fnt
|-unboost|p1a: Latios|spa|2
|-damage|p1a: Latios|217\/302 tox|[from] item: Life Orb
|faint|p2a: Quagsire
|
|-damage|p1a: Latios|181\/302 tox|[from] psn
|
|switch|p2a: Gliscor|Gliscor, M|354\/354
|turn|14
|
|switch|p1a: Landorus-Therian|Landorus-Therian, M|231\/382
|-ability|p1a: Landorus-Therian|Intimidate|[of] p2a: Gliscor
|-unboost|p2a: Gliscor|atk|1
|move|p2a: Gliscor|Knock Off|p1a: Landorus-Therian
|-damage|p1a: Landorus-Therian|195\/382
|-enditem|p1a: Landorus-Therian|Leftovers|[from] move: Knock Off|[of] p2a: Gliscor
|
|-status|p2a: Gliscor|tox|[from] item: Toxic Orb
|turn|15
|
|move|p2a: Gliscor|Toxic|p1a: Landorus-Therian
|-status|p1a: Landorus-Therian|tox
|move|p1a: Landorus-Therian|Stealth Rock|p2a: Gliscor
|-sidestart|p2: TARJA TURUNEN|move: Stealth Rock
|
|-damage|p1a: Landorus-Therian|172\/382 tox|[from] psn
|turn|16
|
|switch|p1a: Scizor|Scizor, F|343\/343
|move|p2a: Gliscor|Protect|p2a: Gliscor
|-fail|p2a: Gliscor
|
|turn|17
|
|switch|p2a: Skarmory|Skarmory, F|234\/334
|-damage|p2a: Skarmory|193\/334|[from] Stealth Rock
|move|p1a: Scizor|U-turn|p2a: Skarmory
|-resisted|p2a: Skarmory
|-damage|p2a: Skarmory|166\/334
|
|switch|p1a: Manectric|Manectric, M, shiny|281\/281
|
|turn|18
|
|switch|p2a: Cresselia|Cresselia, F|444\/444
|-damage|p2a: Cresselia|389\/444|[from] Stealth Rock
|detailschange|p1a: Manectric|Manectric-Mega, M, shiny
|message|Manectric has Mega Evolved into Mega Manectric!
|-ability|p1a: Manectric|Intimidate|[of] p2a: Cresselia
|-unboost|p2a: Cresselia|atk|1
|move|p1a: Manectric|Volt Switch|p2a: Cresselia
|-damage|p2a: Cresselia|310\/444
|
|switch|p1a: Scizor|Scizor, F|343\/343
|
|-heal|p2a: Cresselia|337\/444|[from] item: Leftovers
|turn|19
|
|switch|p2a: Gliscor|Gliscor, M|354\/354 tox
|-damage|p2a: Gliscor|310\/354 tox|[from] Stealth Rock
|move|p1a: Scizor|U-turn|p2a: Gliscor
|-resisted|p2a: Gliscor
|-damage|p2a: Gliscor|251\/354 tox
|
|switch|p1a: Manectric|Manectric-Mega, M, shiny|281\/281
|-ability|p1a: Manectric|Intimidate|[of] p2a: Gliscor
|-unboost|p2a: Gliscor|atk|1
|
|-heal|p2a: Gliscor|295\/354 tox|[from] ability: Poison Heal
|turn|20
|
|move|p2a: Gliscor|Protect|p2a: Gliscor
|-singleturn|p2a: Gliscor|Protect
|move|p1a: Manectric|Hidden Power|p2a: Gliscor
|-activate|p2a: Gliscor|Protect
|
|-heal|p2a: Gliscor|339\/354 tox|[from] ability: Poison Heal
|turn|21
|
|switch|p2a: Heatran|Heatran, F|385\/385
|-damage|p2a: Heatran|337\/385|[from] Stealth Rock
|move|p1a: Manectric|Volt Switch|p2a: Heatran
|-damage|p2a: Heatran|241\/385
|
|switch|p1a: Latios|Latios, M|181\/302 tox
|
|-heal|p2a: Heatran|265\/385|[from] item: Leftovers
|-damage|p1a: Latios|163\/302 tox|[from] psn
|turn|22
|
|move|p2a: Heatran|Protect|p2a: Heatran
|-singleturn|p2a: Heatran|Protect
|move|p1a: Latios|Roost|p1a: Latios
|-heal|p1a: Latios|302\/302 tox
|
|-heal|p2a: Heatran|289\/385|[from] item: Leftovers
|-damage|p1a: Latios|266\/302 tox|[from] psn
|turn|23
|
|switch|p1a: Rotom-Wash|Rotom-Wash, shiny|267\/303 tox
|switch|p2a: Cresselia|Cresselia, F|337\/444
|-damage|p2a: Cresselia|282\/444|[from] Stealth Rock
|
|-heal|p1a: Rotom-Wash|285\/303 tox|[from] item: Leftovers
|-heal|p2a: Cresselia|309\/444|[from] item: Leftovers
|-damage|p1a: Rotom-Wash|267\/303 tox|[from] psn
|turn|24
|
|move|p1a: Rotom-Wash|Will-O-Wisp|p2a: Cresselia
|-status|p2a: Cresselia|brn
|move|p2a: Cresselia|Psyshock|p1a: Rotom-Wash
|-damage|p1a: Rotom-Wash|200\/303 tox
|
|-heal|p1a: Rotom-Wash|218\/303 tox|[from] item: Leftovers
|-heal|p2a: Cresselia|336\/444 brn|[from] item: Leftovers
|-damage|p1a: Rotom-Wash|182\/303 tox|[from] psn
|-damage|p2a: Cresselia|281\/444 brn|[from] brn
|turn|25
|
|move|p1a: Rotom-Wash|Volt Switch|p2a: Cresselia
|-damage|p2a: Cresselia|232\/444 brn
|
|switch|p1a: Scizor|Scizor, F|343\/343
|move|p2a: Cresselia|Moonlight|p2a: Cresselia
|-heal|p2a: Cresselia|444\/444 brn
|
|-damage|p2a: Cresselia|389\/444 brn|[from] brn
|turn|26
|
|switch|p2a: Gliscor|Gliscor, M|339\/354 tox
|-damage|p2a: Gliscor|295\/354 tox|[from] Stealth Rock
|move|p1a: Scizor|U-turn|p2a: Gliscor
|-resisted|p2a: Gliscor
|-damage|p2a: Gliscor|227\/354 tox
|
|switch|p1a: Manectric|Manectric-Mega, M, shiny|281\/281
|-ability|p1a: Manectric|Intimidate|[of] p2a: Gliscor
|-unboost|p2a: Gliscor|atk|1
|
|-heal|p2a: Gliscor|271\/354 tox|[from] ability: Poison Heal
|turn|27
|
|switch|p2a: Heatran|Heatran, F|289\/385
|-damage|p2a: Heatran|241\/385|[from] Stealth Rock
|move|p1a: Manectric|Volt Switch|p2a: Heatran
|-damage|p2a: Heatran|157\/385
|
|switch|p1a: Rotom-Wash|Rotom-Wash, shiny|182\/303 tox
|
|-heal|p1a: Rotom-Wash|200\/303 tox|[from] item: Leftovers
|-heal|p2a: Heatran|181\/385|[from] item: Leftovers
|-damage|p1a: Rotom-Wash|182\/303 tox|[from] psn
|turn|28
|
|switch|p1a: Manectric|Manectric-Mega, M, shiny|281\/281
|-ability|p1a: Manectric|Intimidate|[of] p2a: Heatran
|-unboost|p2a: Heatran|atk|1
|move|p2a: Heatran|Protect|p2a: Heatran
|-fail|p2a: Heatran
|
|-heal|p2a: Heatran|205\/385|[from] item: Leftovers
|turn|29
|
|move|p1a: Manectric|Thunderbolt|p2a: Heatran
|-damage|p2a: Heatran|94\/385
|move|p2a: Heatran|Stealth Rock|p1a: Manectric
|-sidestart|p1: bernis|move: Stealth Rock
|
|-heal|p2a: Heatran|118\/385|[from] item: Leftovers
|turn|30
|
|move|p1a: Manectric|Thunderbolt|p2a: Heatran
|-crit|p2a: Heatran
|-damage|p2a: Heatran|0 fnt
|faint|p2a: Heatran
|
|chat|bernis|srry
|
|switch|p2a: Cresselia|Cresselia, F|389\/444 brn
|-damage|p2a: Cresselia|334\/444 brn|[from] Stealth Rock
|turn|31
|
|move|p1a: Manectric|Volt Switch|p2a: Cresselia
|-damage|p2a: Cresselia|261\/444 brn
|
|switch|p1a: Latios|Latios, M|266\/302 tox
|-damage|p1a: Latios|229\/302 tox|[from] Stealth Rock
|move|p2a: Cresselia|Psyshock|p1a: Latios
|-resisted|p1a: Latios
|-damage|p1a: Latios|182\/302 tox
|
|-heal|p2a: Cresselia|288\/444 brn|[from] item: Leftovers
|-damage|p1a: Latios|164\/302 tox|[from] psn
|-damage|p2a: Cresselia|233\/444 brn|[from] brn
|turn|32
|
|move|p1a: Latios|Defog|p2a: Cresselia
|-unboost|p2a: Cresselia|evasion|1
|-sideend|p2: TARJA TURUNEN|Stealth Rock|[from] move: Defog|[of] p2a: Cresselia
|-sideend|p1: bernis|Stealth Rock|[from] move: Defog|[of] p1a: Latios
|move|p2a: Cresselia|Ice Beam|p1a: Latios
|-supereffective|p1a: Latios
|-damage|p1a: Latios|68\/302 tox
|
|-heal|p2a: Cresselia|260\/444 brn|[from] item: Leftovers
|-damage|p1a: Latios|32\/302 tox|[from] psn
|-damage|p2a: Cresselia|205\/444 brn|[from] brn
|turn|33
|
|switch|p1a: Scizor|Scizor, F|343\/343
|move|p2a: Cresselia|Moonlight|p2a: Cresselia
|-heal|p2a: Cresselia|427\/444 brn
|
|-heal|p2a: Cresselia|444\/444 brn|[from] item: Leftovers
|-damage|p2a: Cresselia|389\/444 brn|[from] brn
|turn|34
|
|switch|p2a: Gliscor|Gliscor, M|271\/354 tox
|move|p1a: Scizor|U-turn|p2a: Gliscor
|-resisted|p2a: Gliscor
|-damage|p2a: Gliscor|208\/354 tox
|
|switch|p1a: Manectric|Manectric-Mega, M, shiny|281\/281
|-ability|p1a: Manectric|Intimidate|[of] p2a: Gliscor
|-unboost|p2a: Gliscor|atk|1
|
|-heal|p2a: Gliscor|252\/354 tox|[from] ability: Poison Heal
|turn|35
|
|move|p2a: Gliscor|Protect|p2a: Gliscor
|-singleturn|p2a: Gliscor|Protect
|move|p1a: Manectric|Hidden Power|p2a: Gliscor
|-activate|p2a: Gliscor|Protect
|
|-heal|p2a: Gliscor|296\/354 tox|[from] ability: Poison Heal
|turn|36
|
|switch|p2a: Cresselia|Cresselia, F|389\/444 brn
|move|p1a: Manectric|Hidden Power|p2a: Cresselia
|-damage|p2a: Cresselia|344\/444 brn
|
|-heal|p2a: Cresselia|371\/444 brn|[from] item: Leftovers
|-damage|p2a: Cresselia|316\/444 brn|[from] brn
|turn|37
|
|move|p1a: Manectric|Volt Switch|p2a: Cresselia
|-crit|p2a: Cresselia
|-damage|p2a: Cresselia|198\/444 brn
|
|switch|p1a: Scizor|Scizor, F|343\/343
|move|p2a: Cresselia|Psyshock|p1a: Scizor
|-resisted|p1a: Scizor
|-damage|p1a: Scizor|304\/343
|
|-heal|p2a: Cresselia|225\/444 brn|[from] item: Leftovers
|-damage|p2a: Cresselia|170\/444 brn|[from] brn
|turn|38
|
|switch|p2a: Gliscor|Gliscor, M|296\/354 tox
|move|p1a: Scizor|U-turn|p2a: Gliscor
|-resisted|p2a: Gliscor
|-damage|p2a: Gliscor|236\/354 tox
|
|switch|p1a: Landorus-Therian|Landorus-Therian, M|172\/382 tox
|-ability|p1a: Landorus-Therian|Intimidate|[of] p2a: Gliscor
|-unboost|p2a: Gliscor|atk|1
|
|-heal|p2a: Gliscor|280\/354 tox|[from] ability: Poison Heal
|-damage|p1a: Landorus-Therian|149\/382 tox|[from] psn
|turn|39
|
|switch|p2a: Skarmory|Skarmory, F|166\/334
|move|p1a: Landorus-Therian|Stealth Rock|p2a: Skarmory
|-sidestart|p2: TARJA TURUNEN|move: Stealth Rock
|
|-damage|p1a: Landorus-Therian|103\/382 tox|[from] psn
|turn|40
|
|move|p1a: Landorus-Therian|U-turn|p2a: Skarmory
|-resisted|p2a: Skarmory
|-damage|p2a: Skarmory|155\/334
|
|switch|p1a: Manectric|Manectric-Mega, M, shiny|281\/281
|-ability|p1a: Manectric|Intimidate|[of] p2a: Skarmory
|-unboost|p2a: Skarmory|atk|1
|move|p2a: Skarmory|Spikes|p1a: Manectric
|-sidestart|p1: bernis|Spikes
|
|turn|41
|
|move|p1a: Manectric|Thunderbolt|p2a: Skarmory
|-supereffective|p2a: Skarmory
|-damage|p2a: Skarmory|0 fnt
|faint|p2a: Skarmory
|
|
|switch|p2a: Clefable|Clefable, M|394\/394
|turn|42
|
|move|p1a: Manectric|Volt Switch|p2a: Clefable
|-damage|p2a: Clefable|267\/394
|
|switch|p1a: Scizor|Scizor, F|304\/343
|-damage|p1a: Scizor|262\/343|[from] Spikes
|move|p2a: Clefable|Calm Mind|p2a: Clefable
|-boost|p2a: Clefable|spa|1
|-boost|p2a: Clefable|spd|1
|
|-heal|p2a: Clefable|291\/394|[from] item: Leftovers
|turn|43
|
|switch|p2a: Gliscor|Gliscor, M|280\/354 tox
|-damage|p2a: Gliscor|236\/354 tox|[from] Stealth Rock
|move|p1a: Scizor|Bullet Punch|p2a: Gliscor
|-damage|p2a: Gliscor|134\/354 tox
|
|-heal|p2a: Gliscor|178\/354 tox|[from] ability: Poison Heal
|turn|44
|
|switch|p1a: Rotom-Wash|Rotom-Wash, shiny|182\/303 tox
|move|p2a: Gliscor|Knock Off|p1a: Rotom-Wash
|-damage|p1a: Rotom-Wash|115\/303 tox
|-enditem|p1a: Rotom-Wash|Leftovers|[from] move: Knock Off|[of] p2a: Gliscor
|
|-heal|p2a: Gliscor|222\/354 tox|[from] ability: Poison Heal
|-damage|p1a: Rotom-Wash|97\/303 tox|[from] psn
|turn|45
|
|move|p2a: Gliscor|Protect|p2a: Gliscor
|-singleturn|p2a: Gliscor|Protect
|move|p1a: Rotom-Wash|Pain Split|p2a: Gliscor
|-activate|p2a: Gliscor|Protect
|
|-heal|p2a: Gliscor|266\/354 tox|[from] ability: Poison Heal
|-damage|p1a: Rotom-Wash|61\/303 tox|[from] psn
|turn|46
|
|switch|p2a: Clefable|Clefable, M|291\/394
|move|p1a: Rotom-Wash|Hydro Pump|p2a: Clefable
|-damage|p2a: Clefable|167\/394
|
|-heal|p2a: Clefable|191\/394|[from] item: Leftovers
|-damage|p1a: Rotom-Wash|7\/303 tox|[from] psn
|turn|47
|
|move|p1a: Rotom-Wash|Volt Switch|p2a: Clefable
|-damage|p2a: Clefable|109\/394
|
|switch|p1a: Scizor|Scizor, F|262\/343
|-damage|p1a: Scizor|220\/343|[from] Spikes
|move|p2a: Clefable|Soft-Boiled|p2a: Clefable
|-heal|p2a: Clefable|306\/394
|
|-heal|p2a: Clefable|330\/394|[from] item: Leftovers
|turn|48
|
|switch|p2a: Gliscor|Gliscor, M|266\/354 tox
|-damage|p2a: Gliscor|222\/354 tox|[from] Stealth Rock
|move|p1a: Scizor|U-turn|p2a: Gliscor
|-resisted|p2a: Gliscor
|-damage|p2a: Gliscor|162\/354 tox
|
|switch|p1a: Latios|Latios, M|32\/302 tox
|
|-damage|p1a: Latios|14\/302 tox|[from] psn
|-heal|p2a: Gliscor|206\/354 tox|[from] ability: Poison Heal
|turn|49
|
|move|p2a: Gliscor|Protect|p2a: Gliscor
|-singleturn|p2a: Gliscor|Protect
|move|p1a: Latios|Roost|p1a: Latios
|-heal|p1a: Latios|165\/302 tox
|
|-damage|p1a: Latios|129\/302 tox|[from] psn
|-heal|p2a: Gliscor|250\/354 tox|[from] ability: Poison Heal
|turn|50
|
|switch|p2a: Cresselia|Cresselia, F|170\/444 brn
|-damage|p2a: Cresselia|115\/444 brn|[from] Stealth Rock
|move|p1a: Latios|Defog|p2a: Cresselia
|-unboost|p2a: Cresselia|evasion|1
|-sideend|p2: TARJA TURUNEN|Stealth Rock|[from] move: Defog|[of] p2a: Cresselia
|-sideend|p1: bernis|Spikes|[from] move: Defog|[of] p1a: Latios
|
|-heal|p2a: Cresselia|142\/444 brn|[from] item: Leftovers
|-damage|p1a: Latios|75\/302 tox|[from] psn
|-damage|p2a: Cresselia|87\/444 brn|[from] brn
|turn|51
|
|move|p1a: Latios|Draco Meteor|p2a: Cresselia
|-damage|p2a: Cresselia|0 fnt
|-unboost|p1a: Latios|spa|2
|-damage|p1a: Latios|45\/302 tox|[from] item: Life Orb
|faint|p2a: Cresselia
|
|-damage|p1a: Latios|0 fnt|[from] psn
|faint|p1a: Latios
|
|switch|p1a: Manectric|Manectric-Mega, M, shiny|281\/281
|switch|p2a: Clefable|Clefable, M|330\/394
|-ability|p1a: Manectric|Intimidate|[of] p2a: Clefable
|-unboost|p2a: Clefable|atk|1
|turn|52
|
|move|p1a: Manectric|Volt Switch|p2a: Clefable
|-damage|p2a: Clefable|219\/394
|
|switch|p1a: Scizor|Scizor, F|220\/343
|move|p2a: Clefable|Flamethrower|p1a: Scizor
|-supereffective|p1a: Scizor
|-damage|p1a: Scizor|0 fnt
|faint|p1a: Scizor
|
|-heal|p2a: Clefable|243\/394|[from] item: Leftovers
|
|switch|p1a: Landorus-Therian|Landorus-Therian, M|103\/382 tox
|-ability|p1a: Landorus-Therian|Intimidate|[of] p2a: Clefable
|-unboost|p2a: Clefable|atk|1
|turn|53
|
|move|p1a: Landorus-Therian|Knock Off|p2a: Clefable
|-resisted|p2a: Clefable
|-damage|p2a: Clefable|184\/394
|-enditem|p2a: Clefable|Leftovers|[from] move: Knock Off|[of] p1a: Landorus-Therian
|move|p2a: Clefable|Soft-Boiled|p2a: Clefable
|-heal|p2a: Clefable|381\/394
|
|-damage|p1a: Landorus-Therian|80\/382 tox|[from] psn
|turn|54
|
|switch|p2a: Gliscor|Gliscor, M|250\/354 tox
|move|p1a: Landorus-Therian|U-turn|p2a: Gliscor
|-resisted|p2a: Gliscor
|-damage|p2a: Gliscor|226\/354 tox
|
|switch|p1a: Manectric|Manectric-Mega, M, shiny|281\/281
|-ability|p1a: Manectric|Intimidate|[of] p2a: Gliscor
|-unboost|p2a: Gliscor|atk|1
|
|-heal|p2a: Gliscor|270\/354 tox|[from] ability: Poison Heal
|turn|55
|
|move|p2a: Gliscor|Protect|p2a: Gliscor
|-singleturn|p2a: Gliscor|Protect
|move|p1a: Manectric|Hidden Power|p2a: Gliscor
|-activate|p2a: Gliscor|Protect
|
|-heal|p2a: Gliscor|314\/354 tox|[from] ability: Poison Heal
|turn|56
|
|switch|p2a: Clefable|Clefable, M|381\/394
|move|p1a: Manectric|Hidden Power|p2a: Clefable
|-damage|p2a: Clefable|312\/394
|
|turn|57
|
|move|p1a: Manectric|Thunderbolt|p2a: Clefable
|-damage|p2a: Clefable|162\/394
|move|p2a: Clefable|Moonblast|p1a: Manectric
|-damage|p1a: Manectric|143\/281
|
|turn|58
|
|move|p1a: Manectric|Volt Switch|p2a: Clefable
|-damage|p2a: Clefable|44\/394
|
|switch|p1a: Talonflame|Talonflame, M|297\/297
|move|p2a: Clefable|Soft-Boiled|p2a: Clefable
|-heal|p2a: Clefable|241\/394
|
|turn|59
|
|switch|p2a: Gliscor|Gliscor, M|314\/354 tox
|move|p1a: Talonflame|Brave Bird|p2a: Gliscor
|-damage|p2a: Gliscor|163\/354 tox
|-damage|p1a: Talonflame|247\/297|[from] recoil|[of] p2a: Gliscor
|
|-heal|p2a: Gliscor|207\/354 tox|[from] ability: Poison Heal
|turn|60
|
|move|p1a: Talonflame|Brave Bird|p2a: Gliscor
|-damage|p2a: Gliscor|45\/354 tox
|-damage|p1a: Talonflame|194\/297|[from] recoil|[of] p2a: Gliscor
|move|p2a: Gliscor|Toxic|p1a: Talonflame
|-status|p1a: Talonflame|tox
|
|-damage|p1a: Talonflame|176\/297 tox|[from] psn
|-heal|p2a: Gliscor|89\/354 tox|[from] ability: Poison Heal
|turn|61
|
|move|p2a: Gliscor|Protect|p2a: Gliscor
|-singleturn|p2a: Gliscor|Protect
|move|p1a: Talonflame|Brave Bird|p2a: Gliscor
|-activate|p2a: Gliscor|Protect
|
|-damage|p1a: Talonflame|140\/297 tox|[from] psn
|-heal|p2a: Gliscor|133\/354 tox|[from] ability: Poison Heal
|turn|62
|
|move|p2a: Gliscor|Protect|p2a: Gliscor
|-fail|p2a: Gliscor
|move|p1a: Talonflame|Brave Bird|p2a: Gliscor
|-damage|p2a: Gliscor|0 fnt
|-damage|p1a: Talonflame|96\/297 tox|[from] recoil|[of] p2a: Gliscor
|faint|p2a: Gliscor
|
|-damage|p1a: Talonflame|42\/297 tox|[from] psn
|
|switch|p2a: Clefable|Clefable, M|241\/394
|turn|63
|
|move|p1a: Talonflame|Brave Bird|p2a: Clefable
|-damage|p2a: Clefable|0 fnt
|-damage|p1a: Talonflame|0 fnt|[from] recoil|[of] p2a: Clefable
|faint|p2a: Clefable
|faint|p1a: Talonflame
|
|win|bernis
|chat|bernis|gg