|join|Es Heatedline
|join|Where Dey At Doe
|player|p1|Es Heatedline|144
|player|p2|Where Dey At Doe|270
|gametype|singles
|gen|6
|tier|OU
|rated
|clearpoke
|poke|p1|Garchomp, F
|poke|p1|Charizard, M
|poke|p1|Breloom, M
|poke|p1|Starmie
|poke|p1|Bisharp, F
|poke|p1|Thundurus, M
|poke|p2|Heatran, M, shiny
|poke|p2|Serperior, F, shiny
|poke|p2|Altaria, M, shiny
|poke|p2|Zapdos
|poke|p2|Tornadus-Therian, M, shiny
|poke|p2|Rotom-Wash, shiny
|rule|Swagger Clause: Swagger is banned
|rule|Baton Pass Clause: Limit one PokÃ©mon knowing Baton Pass
|rule|Sleep Clause Mod: Limit one foe put to sleep
|rule|Species Clause: Limit one of each PokÃ©mon
|rule|OHKO Clause: OHKO moves are banned
|rule|Moody Clause: Moody is banned
|rule|Evasion Moves Clause: Evasion moves are banned
|rule|Endless Battle Clause: Forcing endless battles is banned
|rule|HP Percentage Mod: HP is shown in percentages
|teampreview
|
|start
|switch|p1a: Garchomp|Garchomp, F|357\/357
|switch|p2a: Altaria|Altaria, M, shiny|351\/351
|turn|1
|
|detailschange|p2a: Altaria|Altaria-Mega, M, shiny
|-mega|p2a: Altaria|Altaria|Altarianite
|move|p1a: Garchomp|Stealth Rock|p2a: Altaria
|-sidestart|p2: Where Dey At Doe|move: Stealth Rock
|move|p2a: Altaria|Hyper Voice|p1a: Garchomp
|-supereffective|p1a: Garchomp
|-damage|p1a: Garchomp|43\/357
|
|turn|2
|
|move|p1a: Garchomp|Earthquake|p2a: Altaria
|-damage|p2a: Altaria|239\/351
|move|p2a: Altaria|Hyper Voice|p1a: Garchomp
|-supereffective|p1a: Garchomp
|-damage|p1a: Garchomp|0 fnt
|faint|p1a: Garchomp
|
|
|switch|p1a: Breloom|Breloom, M|261\/261
|turn|3
|
|switch|p2a: Rotom-Wash|Rotom-Wash, shiny|304\/304
|-damage|p2a: Rotom-Wash|266\/304|[from] Stealth Rock
|move|p1a: Breloom|Spore|p2a: Rotom-Wash
|-status|p2a: Rotom-Wash|slp
|
|-heal|p2a: Rotom-Wash|285\/304 slp|[from] item: Leftovers
|turn|4
|
|switch|p2a: Altaria|Altaria-Mega, M, shiny|239\/351
|-damage|p2a: Altaria|196\/351|[from] Stealth Rock
|move|p1a: Breloom|Swords Dance|p1a: Breloom
|-boost|p1a: Breloom|atk|2
|
|turn|5
|
|move|p1a: Breloom|Bullet Seed|p2a: Altaria
|-resisted|p2a: Altaria
|-damage|p2a: Altaria|151\/351
|-resisted|p2a: Altaria
|-damage|p2a: Altaria|102\/351
|-hitcount|p2a: Altaria|2
|move|p2a: Altaria|Hyper Voice|p1a: Breloom
|-supereffective|p1a: Breloom
|-enditem|p1a: Breloom|Focus Sash
|-damage|p1a: Breloom|1\/261
|
|turn|6
|
|move|p1a: Breloom|Bullet Seed|p2a: Altaria
|-resisted|p2a: Altaria
|-damage|p2a: Altaria|51\/351
|-resisted|p2a: Altaria
|-damage|p2a: Altaria|2\/351
|-hitcount|p2a: Altaria|2
|move|p2a: Altaria|Roost|p2a: Altaria
|-heal|p2a: Altaria|178\/351
|
|turn|7
|
|move|p1a: Breloom|Bullet Seed|p2a: Altaria
|-resisted|p2a: Altaria
|-damage|p2a: Altaria|127\/351
|-crit|p2a: Altaria
|-resisted|p2a: Altaria
|-damage|p2a: Altaria|51\/351
|-resisted|p2a: Altaria
|-damage|p2a: Altaria|0 fnt
|-hitcount|p2a: Altaria|3
|faint|p2a: Altaria
|
|
|switch|p2a: Tornadus-Therian|Tornadus-Therian, M, shiny|327\/327
|-damage|p2a: Tornadus-Therian|246\/327|[from] Stealth Rock
|turn|8
|
|move|p1a: Breloom|Mach Punch|p2a: Tornadus-Therian
|-resisted|p2a: Tornadus-Therian
|-damage|p2a: Tornadus-Therian|90\/327
|move|p2a: Tornadus-Therian|U-turn|p1a: Breloom
|-damage|p1a: Breloom|0 fnt
|faint|p1a: Breloom
|
|switch|p2a: Zapdos|Zapdos|383\/383
|-damage|p2a: Zapdos|288\/383|[from] Stealth Rock
|-ability|p2a: Zapdos|Pressure
|
|-heal|p2a: Zapdos|311\/383|[from] item: Leftovers
|
|switch|p1a: Charizard|Charizard, M|315\/315
|turn|9
|
|detailschange|p1a: Charizard|Charizard-Mega-X, M
|-mega|p1a: Charizard|Charizard|Charizardite X
|move|p1a: Charizard|Dragon Dance|p1a: Charizard
|-boost|p1a: Charizard|atk|1
|-boost|p1a: Charizard|spe|1
|move|p2a: Zapdos|Volt Switch|p1a: Charizard
|-resisted|p1a: Charizard
|-damage|p1a: Charizard|249\/315
|
|switch|p2a: Heatran|Heatran, M, shiny|386\/386
|-damage|p2a: Heatran|338\/386|[from] Stealth Rock
|
|-heal|p2a: Heatran|362\/386|[from] item: Leftovers
|turn|10
|
|move|p1a: Charizard|Dragon Claw|p2a: Heatran
|-resisted|p2a: Heatran
|-damage|p2a: Heatran|218\/386
|move|p2a: Heatran|Roar|p1a: Charizard
|drag|p1a: Bisharp|Bisharp, F|271\/271
|
|-heal|p2a: Heatran|242\/386|[from] item: Leftovers
|turn|11
|
|move|p1a: Bisharp|Knock Off|p2a: Heatran
|-damage|p2a: Heatran|7\/386
|-enditem|p2a: Heatran|Leftovers|[from] move: Knock Off|[of] p1a: Bisharp
|-damage|p1a: Bisharp|244\/271|[from] item: Life Orb
|move|p2a: Heatran|Stealth Rock|p1a: Bisharp
|-sidestart|p1: Es Heatedline|move: Stealth Rock
|
|turn|12
|
|switch|p1a: Starmie|Starmie|261\/261
|-damage|p1a: Starmie|229\/261|[from] Stealth Rock
|move|p2a: Heatran|Roar|p1a: Starmie
|drag|p1a: Thundurus|Thundurus, M|299\/299
|-damage|p1a: Thundurus|225\/299|[from] Stealth Rock
|
|-heal|p1a: Thundurus|243\/299|[from] item: Leftovers
|turn|13
|
|move|p1a: Thundurus|Thunderbolt|p2a: Heatran
|-damage|p2a: Heatran|0 fnt
|faint|p2a: Heatran
|
|-heal|p1a: Thundurus|261\/299|[from] item: Leftovers
|
|switch|p2a: Zapdos|Zapdos|311\/383
|-damage|p2a: Zapdos|216\/383|[from] Stealth Rock
|-ability|p2a: Zapdos|Pressure
|turn|14
|
|move|p1a: Thundurus|Thunderbolt|p2a: Zapdos
|-damage|p2a: Zapdos|44\/383
|move|p2a: Zapdos|Roost|p2a: Zapdos
|-heal|p2a: Zapdos|236\/383
|
|-heal|p1a: Thundurus|279\/299|[from] item: Leftovers
|-heal|p2a: Zapdos|259\/383|[from] item: Leftovers
|turn|15
|
|move|p1a: Thundurus|Thunderbolt|p2a: Zapdos
|-damage|p2a: Zapdos|96\/383
|move|p2a: Zapdos|Heat Wave|p1a: Thundurus
|-damage|p1a: Thundurus|169\/299
|
|-heal|p1a: Thundurus|187\/299|[from] item: Leftovers
|-heal|p2a: Zapdos|119\/383|[from] item: Leftovers
|turn|16
|
|move|p1a: Thundurus|Thunderbolt|p2a: Zapdos
|-damage|p2a: Zapdos|0 fnt
|faint|p2a: Zapdos
|
|-heal|p1a: Thundurus|205\/299|[from] item: Leftovers
|
|switch|p2a: Rotom-Wash|Rotom-Wash, shiny|285\/304 slp
|-damage|p2a: Rotom-Wash|247\/304 slp|[from] Stealth Rock
|turn|17
|
|move|p1a: Thundurus|Thunderbolt|p2a: Rotom-Wash
|-damage|p2a: Rotom-Wash|114\/304 slp
|cant|p2a: Rotom-Wash|slp
|
|-heal|p1a: Thundurus|223\/299|[from] item: Leftovers
|-heal|p2a: Rotom-Wash|133\/304 slp|[from] item: Leftovers
|turn|18
|
|move|p1a: Thundurus|Thunderbolt|p2a: Rotom-Wash
|-damage|p2a: Rotom-Wash|0 fnt
|faint|p2a: Rotom-Wash
|
|-heal|p1a: Thundurus|241\/299|[from] item: Leftovers
|
|switch|p2a: Tornadus-Therian|Tornadus-Therian, M, shiny|199\/327
|-damage|p2a: Tornadus-Therian|118\/327|[from] Stealth Rock
|turn|19
|-message|Where Dey At Doe forfeited.
|
|win|Es Heatedline
|raw|Ladder updating...
|leave|Where Dey At Doe
|player|p2
|raw|Es Heatedline's rating: 1714 &rarr; <strong>1733<\/strong><br \/>(+19 for winning)
|raw|Where Dey At Doe's rating: 1695 &rarr; <strong>1676<\/strong><br \/>(-19 for losing)