|join|TheZackZeal
|join|Es Heatedline
|player|p1|TheZackZeal|248
|player|p2|Es Heatedline|144
|gametype|singles
|gen|6
|tier|OU
|rated
|clearpoke
|poke|p1|Lopunny, F
|poke|p1|Sylveon, M
|poke|p1|Mamoswine, M
|poke|p1|Magnezone
|poke|p1|Mandibuzz, F
|poke|p1|Conkeldurr, F
|poke|p2|Mew
|poke|p2|Keldeo
|poke|p2|Raikou
|poke|p2|Scizor, M
|poke|p2|Gengar, M
|poke|p2|Landorus-Therian, M
|rule|Swagger Clause: Swagger is banned
|rule|Baton Pass Clause: Limit one PokÃ©mon knowing Baton Pass
|rule|Sleep Clause Mod: Limit one foe put to sleep
|rule|Species Clause: Limit one of each PokÃ©mon
|rule|OHKO Clause: OHKO moves are banned
|rule|Moody Clause: Moody is banned
|rule|Evasion Moves Clause: Evasion moves are banned
|rule|Endless Battle Clause: Forcing endless battles is banned
|rule|HP Percentage Mod: HP is shown in percentages
|teampreview
|
|start
|switch|p1a: Olga|Conkeldurr, F|413\/413
|switch|p2a: Mew|Mew|355\/355
|turn|1
|
|move|p2a: Mew|Psychic|p1a: Olga
|-supereffective|p1a: Olga
|-damage|p1a: Olga|53\/413
|move|p1a: Olga|Knock Off|p2a: Mew
|-supereffective|p2a: Mew
|-damage|p2a: Mew|77\/355
|-enditem|p2a: Mew|Expert Belt|[from] move: Knock Off|[of] p1a: Olga
|
|turn|2
|
|switch|p1a: Luis the Fab|Sylveon, M|393\/393
|move|p2a: Mew|Stealth Rock|p1a: Luis the Fab
|-sidestart|p1: TheZackZeal|move: Stealth Rock
|
|turn|3
|
|move|p2a: Mew|Psychic|p1a: Luis the Fab
|-damage|p1a: Luis the Fab|294\/393
|-unboost|p1a: Luis the Fab|spd|1
|move|p1a: Luis the Fab|Hyper Voice|p2a: Mew
|-damage|p2a: Mew|0 fnt
|faint|p2a: Mew
|
|-heal|p1a: Luis the Fab|318\/393|[from] item: Leftovers
|
|switch|p2a: Scizor|Scizor, M|341\/341
|turn|4
|
|switch|p1a: ScumBird|Mandibuzz, F|423\/423
|-damage|p1a: ScumBird|318\/423|[from] Stealth Rock
|detailschange|p2a: Scizor|Scizor-Mega, M
|-mega|p2a: Scizor|Scizor|Scizorite
|move|p2a: Scizor|U-turn|p1a: ScumBird
|-damage|p1a: ScumBird|219\/423
|-damage|p2a: Scizor|285\/341|[from] item: Rocky Helmet|[of] p1a: ScumBird
|
|switch|p2a: Raikou|Raikou|320\/320
|-ability|p2a: Raikou|Pressure
|
|turn|5
|
|switch|p1a: Illuminati|Magnezone|343\/343
|-damage|p1a: Illuminati|322\/343|[from] Stealth Rock
|move|p2a: Raikou|Volt Switch|p1a: Illuminati
|-resisted|p1a: Illuminati
|-damage|p1a: Illuminati|233\/343
|
|switch|p2a: Landorus-Therian|Landorus-Therian, M|319\/319
|-ability|p2a: Landorus-Therian|Intimidate|[of] p1a: Illuminati
|-unboost|p1a: Illuminati|atk|1
|
|turn|6
|
|switch|p1a: ScumBird|Mandibuzz, F|219\/423
|-damage|p1a: ScumBird|114\/423|[from] Stealth Rock
|move|p2a: Landorus-Therian|U-turn|p1a: ScumBird
|-damage|p1a: ScumBird|55\/423
|-damage|p2a: Landorus-Therian|266\/319|[from] item: Rocky Helmet|[of] p1a: ScumBird
|c|âTheZackZeal|Shitty volt-turner.
|
|switch|p2a: Raikou|Raikou|320\/320
|-ability|p2a: Raikou|Pressure
|
|turn|7
|
|move|p2a: Raikou|Hidden Power|p1a: ScumBird
|-supereffective|p1a: ScumBird
|-damage|p1a: ScumBird|0 fnt
|faint|p1a: ScumBird
|
|
|switch|p1a: Ganesha|Mamoswine, M|361\/361
|-damage|p1a: Ganesha|316\/361|[from] Stealth Rock
|turn|8
|
|move|p2a: Raikou|Hidden Power|p1a: Ganesha
|-damage|p1a: Ganesha|243\/361
|move|p1a: Ganesha|Knock Off|p2a: Raikou
|-damage|p2a: Raikou|130\/320
|-enditem|p2a: Raikou|Choice Specs|[from] move: Knock Off|[of] p1a: Ganesha
|-damage|p1a: Ganesha|207\/361|[from] item: Life Orb
|
|turn|9
|
|move|p2a: Raikou|Shadow Ball|p1a: Ganesha
|-damage|p1a: Ganesha|74\/361
|move|p1a: Ganesha|Knock Off|p2a: Raikou
|-damage|p2a: Raikou|0 fnt
|-damage|p1a: Ganesha|38\/361|[from] item: Life Orb
|faint|p2a: Raikou
|
|
|switch|p2a: Keldeo|Keldeo|323\/323
|turn|10
|
|move|p1a: Ganesha|Ice Shard|p2a: Keldeo
|-resisted|p2a: Keldeo
|-damage|p2a: Keldeo|276\/323
|-damage|p1a: Ganesha|2\/361|[from] item: Life Orb
|move|p2a: Keldeo|Scald|p1a: Ganesha
|-supereffective|p1a: Ganesha
|-damage|p1a: Ganesha|0 fnt
|faint|p1a: Ganesha
|
|-heal|p2a: Keldeo|296\/323|[from] item: Leftovers
|
|switch|p1a: Luis the Fab|Sylveon, M|318\/393
|-damage|p1a: Luis the Fab|269\/393|[from] Stealth Rock
|turn|11
|
|switch|p2a: Scizor|Scizor-Mega, M|285\/341
|switch|p1a: Illuminati|Magnezone|233\/343
|-damage|p1a: Illuminati|212\/343|[from] Stealth Rock
|
|turn|12
|
|move|p2a: Scizor|U-turn|p1a: Illuminati
|-resisted|p1a: Illuminati
|-damage|p1a: Illuminati|152\/343
|
|switch|p2a: Keldeo|Keldeo|296\/323
|move|p1a: Illuminati|Flash Cannon|p2a: Keldeo
|-resisted|p2a: Keldeo
|-damage|p2a: Keldeo|170\/323
|
|-heal|p2a: Keldeo|190\/323|[from] item: Leftovers
|turn|13
|
|switch|p1a: Olga|Conkeldurr, F|53\/413
|-damage|p1a: Olga|28\/413|[from] Stealth Rock
|move|p2a: Keldeo|Scald|p1a: Olga
|-damage|p1a: Olga|0 fnt
|faint|p1a: Olga
|
|-heal|p2a: Keldeo|210\/323|[from] item: Leftovers
|
|switch|p1a: Alice|Lopunny, F|271\/271
|-damage|p1a: Alice|238\/271|[from] Stealth Rock
|turn|14
|
|detailschange|p1a: Alice|Lopunny-Mega, F
|-mega|p1a: Alice|Lopunny|Lopunnite
|move|p2a: Keldeo|Secret Sword|p1a: Alice
|-supereffective|p1a: Alice
|-damage|p1a: Alice|0 fnt
|faint|p1a: Alice
|
|-heal|p2a: Keldeo|230\/323|[from] item: Leftovers
|-message|TheZackZeal forfeited.
|
|win|Es Heatedline
|raw|Ladder updating...
|leave|TheZackZeal
|player|p1
|raw|TheZackZeal's rating: 1623 &rarr; <strong>1603<\/strong><br \/>(-20 for losing)
|raw|Es Heatedline's rating: 1620 &rarr; <strong>1641<\/strong><br \/>(+21 for winning)