|join|Es Heatedline
|join|albprova
|player|p1|Es Heatedline|102
|player|p2|albprova|210
|gametype|singles
|gen|6
|tier|OU
|rated
|clearpoke
|poke|p1|Metagross
|poke|p1|Landorus-Therian, M
|poke|p1|Keldeo
|poke|p1|Raikou
|poke|p1|Garchomp, F
|poke|p1|Breloom, F
|poke|p2|Heracross, M
|poke|p2|Clefable, M
|poke|p2|Tyranitar, F
|poke|p2|Mandibuzz, F
|poke|p2|Serperior, M
|poke|p2|Heatran, M
|rule|Swagger Clause: Swagger is banned
|rule|Baton Pass Clause: Limit one PokÃ©mon knowing Baton Pass
|rule|Sleep Clause Mod: Limit one foe put to sleep
|rule|Species Clause: Limit one of each PokÃ©mon
|rule|OHKO Clause: OHKO moves are banned
|rule|Moody Clause: Moody is banned
|rule|Evasion Moves Clause: Evasion moves are banned
|rule|Endless Battle Clause: Forcing endless battles is banned
|rule|HP Percentage Mod: HP is shown in percentages
|teampreview
|c|âalbprova|gl hf
|
|start
|switch|p1a: Raikou|Raikou|321\/321
|switch|p2a: Heracross|Heracross, M|309\/309
|-ability|p1a: Raikou|Pressure
|turn|1
|
|detailschange|p2a: Heracross|Heracross-Mega, M
|-mega|p2a: Heracross|Heracross|Heracronite
|move|p1a: Raikou|Volt Switch|p2a: Heracross
|-damage|p2a: Heracross|140\/309
|
|switch|p1a: Landorus-Therian|Landorus-Therian, M|338\/338
|-ability|p1a: Landorus-Therian|Intimidate|[of] p2a: Heracross
|-unboost|p2a: Heracross|atk|1
|move|p2a: Heracross|Close Combat|p1a: Landorus-Therian
|-resisted|p1a: Landorus-Therian
|-damage|p1a: Landorus-Therian|235\/338
|-unboost|p2a: Heracross|def|1
|-unboost|p2a: Heracross|spd|1
|
|turn|2
|
|switch|p2a: Mandibuzz|Mandibuzz, F|423\/423
|switch|p1a: Raikou|Raikou|321\/321
|-ability|p1a: Raikou|Pressure
|
|turn|3
|
|switch|p2a: Tyranitar|Tyranitar, F|404\/404
|-weather|Sandstorm
|move|p1a: Raikou|Volt Switch|p2a: Tyranitar
|-damage|p2a: Tyranitar|332\/404
|
|switch|p1a: Garchomp|Garchomp, F|357\/357
|
|-weather|Sandstorm|[upkeep]
|turn|4
|
|switch|p2a: Mandibuzz|Mandibuzz, F|423\/423
|move|p1a: Garchomp|Stealth Rock|p2a: Mandibuzz
|-sidestart|p2: albprova|move: Stealth Rock
|
|-weather|Sandstorm|[upkeep]
|turn|5
|
|move|p1a: Garchomp|Swords Dance|p1a: Garchomp
|-boost|p1a: Garchomp|atk|2
|move|p2a: Mandibuzz|Defog|p1a: Garchomp
|-unboost|p1a: Garchomp|evasion|1
|-sideend|p2: albprova|Stealth Rock|[from] move: Defog|[of] p2a: Mandibuzz
|
|-weather|Sandstorm|[upkeep]
|turn|6
|
|move|p1a: Garchomp|Stealth Rock|p2a: Mandibuzz
|-sidestart|p2: albprova|move: Stealth Rock
|move|p2a: Mandibuzz|Foul Play|p1a: Garchomp
|-crit|p1a: Garchomp
|-damage|p1a: Garchomp|0 fnt
|-damage|p2a: Mandibuzz|371\/423|[from] ability: Rough Skin|[of] p1a: Garchomp
|faint|p1a: Garchomp
|
|-weather|Sandstorm|[upkeep]
|-heal|p2a: Mandibuzz|397\/423|[from] item: Leftovers
|
|switch|p1a: Raikou|Raikou|321\/321
|-ability|p1a: Raikou|Pressure
|turn|7
|
|switch|p2a: Heatran|Heatran, M|385\/385
|-damage|p2a: Heatran|337\/385|[from] Stealth Rock
|move|p1a: Raikou|Volt Switch|p2a: Heatran
|-damage|p2a: Heatran|189\/385
|
|switch|p1a: Metagross|Metagross|301\/301
|
|-weather|none
|-heal|p2a: Heatran|213\/385|[from] item: Leftovers
|turn|8
|
|detailschange|p1a: Metagross|Metagross-Mega
|-mega|p1a: Metagross|Metagross|Metagrossite
|move|p2a: Heatran|Protect|p2a: Heatran
|-singleturn|p2a: Heatran|Protect
|move|p1a: Metagross|Hammer Arm|p2a: Heatran
|-activate|p2a: Heatran|Protect
|
|-heal|p2a: Heatran|237\/385|[from] item: Leftovers
|turn|9
|
|move|p1a: Metagross|Hammer Arm|p2a: Heatran
|-supereffective|p2a: Heatran
|-damage|p2a: Heatran|0 fnt
|-unboost|p1a: Metagross|spe|1
|faint|p2a: Heatran
|
|
|switch|p2a: Heracross|Heracross-Mega, M|140\/309
|-damage|p2a: Heracross|102\/309|[from] Stealth Rock
|turn|10
|
|switch|p1a: Landorus-Therian|Landorus-Therian, M|235\/338
|-ability|p1a: Landorus-Therian|Intimidate|[of] p2a: Heracross
|-unboost|p2a: Heracross|atk|1
|move|p2a: Heracross|Pin Missile|p1a: Landorus-Therian
|-crit|p1a: Landorus-Therian
|-resisted|p1a: Landorus-Therian
|-damage|p1a: Landorus-Therian|190\/338
|-resisted|p1a: Landorus-Therian
|-damage|p1a: Landorus-Therian|167\/338
|-resisted|p1a: Landorus-Therian
|-damage|p1a: Landorus-Therian|146\/338
|-resisted|p1a: Landorus-Therian
|-damage|p1a: Landorus-Therian|124\/338
|-resisted|p1a: Landorus-Therian
|-damage|p1a: Landorus-Therian|104\/338
|-hitcount|p1a: Landorus-Therian|5
|
|turn|11
|
|switch|p2a: Mandibuzz|Mandibuzz, F|397\/423
|-damage|p2a: Mandibuzz|292\/423|[from] Stealth Rock
|switch|p1a: Raikou|Raikou|321\/321
|-ability|p1a: Raikou|Pressure
|
|-heal|p2a: Mandibuzz|318\/423|[from] item: Leftovers
|turn|12
|
|switch|p2a: Serperior|Serperior, M|291\/291
|-damage|p2a: Serperior|255\/291|[from] Stealth Rock
|move|p1a: Raikou|Volt Switch|p2a: Serperior
|-resisted|p2a: Serperior
|-damage|p2a: Serperior|173\/291
|
|switch|p1a: Metagross|Metagross-Mega|301\/301
|
|turn|13
|
|move|p2a: Serperior|Glare|p1a: Metagross
|-status|p1a: Metagross|par
|cant|p1a: Metagross|par
|
|turn|14
|
|move|p2a: Serperior|Hidden Power|p1a: Metagross
|-supereffective|p1a: Metagross
|-damage|p1a: Metagross|193\/301 par
|cant|p1a: Metagross|par
|
|turn|15
|
|move|p2a: Serperior|Hidden Power|p1a: Metagross
|-supereffective|p1a: Metagross
|-damage|p1a: Metagross|92\/301 par
|move|p1a: Metagross|Ice Punch|p2a: Serperior
|-supereffective|p2a: Serperior
|-damage|p2a: Serperior|0 fnt
|faint|p2a: Serperior
|
|
|switch|p2a: Mandibuzz|Mandibuzz, F|318\/423
|-damage|p2a: Mandibuzz|213\/423|[from] Stealth Rock
|turn|16
|
|move|p2a: Mandibuzz|Defog|p1a: Metagross
|-unboost|p1a: Metagross|evasion|1
|-sideend|p2: albprova|Stealth Rock|[from] move: Defog|[of] p2a: Mandibuzz
|move|p1a: Metagross|Hammer Arm|p2a: Mandibuzz
|-damage|p2a: Mandibuzz|85\/423
|-unboost|p1a: Metagross|spe|1
|
|-heal|p2a: Mandibuzz|111\/423|[from] item: Leftovers
|turn|17
|
|move|p2a: Mandibuzz|Roost|p2a: Mandibuzz
|-heal|p2a: Mandibuzz|323\/423
|cant|p1a: Metagross|par
|
|-heal|p2a: Mandibuzz|349\/423|[from] item: Leftovers
|turn|18
|
|move|p2a: Mandibuzz|Foul Play|p1a: Metagross
|-supereffective|p1a: Metagross
|-damage|p1a: Metagross|0 fnt
|faint|p1a: Metagross
|
|-heal|p2a: Mandibuzz|375\/423|[from] item: Leftovers
|
|switch|p1a: Raikou|Raikou|321\/321
|-ability|p1a: Raikou|Pressure
|turn|19
|
|move|p1a: Raikou|Volt Switch|p2a: Mandibuzz
|-supereffective|p2a: Mandibuzz
|-damage|p2a: Mandibuzz|45\/423
|
|switch|p1a: Keldeo|Keldeo|323\/323
|move|p2a: Mandibuzz|Foul Play|p1a: Keldeo
|-resisted|p1a: Keldeo
|-damage|p1a: Keldeo|284\/323
|-boost|p1a: Keldeo|atk|1|[from] ability: Justified
|
|-heal|p2a: Mandibuzz|71\/423|[from] item: Leftovers
|turn|20
|
|move|p1a: Keldeo|Hydro Pump|p2a: Mandibuzz
|-damage|p2a: Mandibuzz|0 fnt
|faint|p2a: Mandibuzz
|
|
|switch|p2a: Clefable|Clefable, M|394\/394
|turn|21
|
|move|p1a: Keldeo|Hydro Pump|p2a: Clefable
|-damage|p2a: Clefable|184\/394
|move|p2a: Clefable|Moonblast|p1a: Keldeo
|-supereffective|p1a: Keldeo
|-damage|p1a: Keldeo|48\/323
|
|-heal|p2a: Clefable|208\/394|[from] item: Leftovers
|turn|22
|
|move|p1a: Keldeo|Hydro Pump|p2a: Clefable
|-damage|p2a: Clefable|3\/394
|move|p2a: Clefable|Moonblast|p1a: Keldeo
|-supereffective|p1a: Keldeo
|-damage|p1a: Keldeo|0 fnt
|faint|p1a: Keldeo
|
|-heal|p2a: Clefable|27\/394|[from] item: Leftovers
|
|switch|p1a: Breloom|Breloom, F|261\/261
|turn|23
|
|move|p1a: Breloom|Spore|p2a: Clefable
|-status|p2a: Clefable|slp
|cant|p2a: Clefable|slp
|
|-heal|p2a: Clefable|51\/394 slp|[from] item: Leftovers
|turn|24
|
|switch|p1a: Raikou|Raikou|321\/321
|-ability|p1a: Raikou|Pressure
|switch|p2a: Heracross|Heracross-Mega, M|102\/309
|
|turn|25
|
|switch|p2a: Clefable|Clefable, M|51\/394 slp
|move|p1a: Raikou|Volt Switch|p2a: Clefable
|-damage|p2a: Clefable|0 fnt
|faint|p2a: Clefable
|
|switch|p1a: Landorus-Therian|Landorus-Therian, M|104\/338
|
|
|switch|p2a: Tyranitar|Tyranitar, F|332\/404
|-weather|Sandstorm
|turn|26
|
|move|p1a: Landorus-Therian|Earthquake|p2a: Tyranitar
|-crit|p2a: Tyranitar
|-supereffective|p2a: Tyranitar
|-damage|p2a: Tyranitar|0 fnt
|faint|p2a: Tyranitar
|
|-weather|Sandstorm|[upkeep]
|
|switch|p2a: Heracross|Heracross-Mega, M|102\/309
|turn|27
|
|move|p2a: Heracross|Bullet Seed|p1a: Landorus-Therian
|-damage|p1a: Landorus-Therian|61\/338
|-damage|p1a: Landorus-Therian|21\/338
|-crit|p1a: Landorus-Therian
|-damage|p1a: Landorus-Therian|0 fnt
|-hitcount|p1a: Landorus-Therian|3
|faint|p1a: Landorus-Therian
|
|-weather|Sandstorm|[upkeep]
|-damage|p2a: Heracross|83\/309|[from] sandstorm
|
|switch|p1a: Raikou|Raikou|321\/321
|-ability|p1a: Raikou|Pressure
|turn|28
|
|move|p1a: Raikou|Volt Switch|p2a: Heracross
|-damage|p2a: Heracross|0 fnt
|faint|p2a: Heracross
|
|win|Es Heatedline
|raw|Ladder updating...
|raw|Es Heatedline's rating: 1697 &rarr; <strong>1709<\/strong><br \/>(+12 for winning)
|raw|albprova's rating: 1552 &rarr; <strong>1540<\/strong><br \/>(-12 for losing)