|join|Es Heatedline
|join|xxx111
|player|p1|Es Heatedline|144
|player|p2|xxx111|169
|gametype|singles
|gen|6
|tier|OU
|rated
|clearpoke
|poke|p1|Garchomp, M
|poke|p1|Landorus, M
|poke|p1|Dragonite, M
|poke|p1|Metagross
|poke|p1|Raikou
|poke|p1|Keldeo
|poke|p2|Volcarona, F
|poke|p2|Empoleon, M
|poke|p2|Tornadus-Therian, M
|poke|p2|Manectric, F
|poke|p2|Hippowdon, F
|poke|p2|Breloom, M
|rule|Swagger Clause: Swagger is banned
|rule|Baton Pass Clause: Limit one PokÃ©mon knowing Baton Pass
|rule|Sleep Clause Mod: Limit one foe put to sleep
|rule|Species Clause: Limit one of each PokÃ©mon
|rule|OHKO Clause: OHKO moves are banned
|rule|Moody Clause: Moody is banned
|rule|Evasion Moves Clause: Evasion moves are banned
|rule|Endless Battle Clause: Forcing endless battles is banned
|rule|HP Percentage Mod: HP is shown in percentages
|teampreview
|
|start
|switch|p1a: Garchomp|Garchomp, M|357\/357
|switch|p2a: Breloom|Breloom, M|261\/261
|turn|1
|
|move|p1a: Garchomp|Earthquake|p2a: Breloom
|-resisted|p2a: Breloom
|-damage|p2a: Breloom|157\/261
|move|p2a: Breloom|Spore|p1a: Garchomp
|-status|p1a: Garchomp|slp
|-enditem|p1a: Garchomp|Lum Berry|[eat]
|-curestatus|p1a: Garchomp|slp
|
|turn|2
|
|move|p1a: Garchomp|Stealth Rock|p2a: Breloom
|-sidestart|p2: xxx111|move: Stealth Rock
|move|p2a: Breloom|Spore|p1a: Garchomp
|-status|p1a: Garchomp|slp
|
|turn|3
|
|-singleturn|p2a: Breloom|move: Focus Punch
|switch|p1a: Metagross|Metagross|301\/301
|move|p2a: Breloom|Focus Punch|p1a: Metagross
|-damage|p1a: Metagross|81\/301
|
|turn|4
|
|detailschange|p1a: Metagross|Metagross-Mega
|-mega|p1a: Metagross|Metagross|Metagrossite
|move|p2a: Breloom|Mach Punch|p1a: Metagross
|-damage|p1a: Metagross|3\/301
|move|p1a: Metagross|Ice Punch|p2a: Breloom
|-supereffective|p2a: Breloom
|-damage|p2a: Breloom|0 fnt
|faint|p2a: Breloom
|
|
|switch|p2a: Tornadus-Therian|Tornadus-Therian, M|327\/327
|-damage|p2a: Tornadus-Therian|246\/327|[from] Stealth Rock
|turn|5
|
|move|p2a: Tornadus-Therian|U-turn|p1a: Metagross
|-damage|p1a: Metagross|0 fnt
|faint|p1a: Metagross
|
|switch|p2a: Hippowdon|Hippowdon, F|417\/417
|-damage|p2a: Hippowdon|391\/417|[from] Stealth Rock
|
|-heal|p2a: Hippowdon|417\/417|[from] item: Leftovers
|
|switch|p1a: Landorus|Landorus, M|319\/319
|turn|6
|
|switch|p2a: Tornadus-Therian|Tornadus-Therian, M|327\/327
|-damage|p2a: Tornadus-Therian|246\/327|[from] Stealth Rock
|move|p1a: Landorus|Calm Mind|p1a: Landorus
|-boost|p1a: Landorus|spa|1
|-boost|p1a: Landorus|spd|1
|
|turn|7
|
|move|p2a: Tornadus-Therian|Knock Off|p1a: Landorus
|-damage|p1a: Landorus|237\/319
|-enditem|p1a: Landorus|Life Orb|[from] move: Knock Off|[of] p2a: Tornadus-Therian
|move|p1a: Landorus|Psychic|p2a: Tornadus-Therian
|-damage|p2a: Tornadus-Therian|102\/327
|
|turn|8
|
|move|p2a: Tornadus-Therian|U-turn|p1a: Landorus
|-resisted|p1a: Landorus
|-damage|p1a: Landorus|204\/319
|
|switch|p2a: Volcarona|Volcarona, F|339\/339
|-damage|p2a: Volcarona|170\/339|[from] Stealth Rock
|move|p1a: Landorus|Psychic|p2a: Volcarona
|-damage|p2a: Volcarona|0 fnt
|faint|p2a: Volcarona
|
|
|switch|p2a: Manectric|Manectric, F|281\/281
|-damage|p2a: Manectric|246\/281|[from] Stealth Rock
|turn|9
|
|switch|p1a: Raikou|Raikou|321\/321
|-ability|p1a: Raikou|Pressure
|detailschange|p2a: Manectric|Manectric-Mega, F
|-mega|p2a: Manectric|Manectric|Manectite
|-ability|p2a: Manectric|Intimidate|[of] p1a: Raikou
|-unboost|p1a: Raikou|atk|1
|move|p2a: Manectric|Hidden Power|p1a: Raikou
|-damage|p1a: Raikou|243\/321
|
|turn|10
|
|move|p2a: Manectric|Volt Switch|p1a: Raikou
|-resisted|p1a: Raikou
|-damage|p1a: Raikou|180\/321
|
|switch|p2a: Hippowdon|Hippowdon, F|417\/417
|-damage|p2a: Hippowdon|391\/417|[from] Stealth Rock
|move|p1a: Raikou|Hidden Power|p2a: Hippowdon
|-supereffective|p2a: Hippowdon
|-damage|p2a: Hippowdon|157\/417
|
|-heal|p2a: Hippowdon|183\/417|[from] item: Leftovers
|turn|11
|
|switch|p1a: Dragonite|Dragonite, M|323\/323
|switch|p2a: Empoleon|Empoleon, M|369\/369
|-damage|p2a: Empoleon|346\/369|[from] Stealth Rock
|
|-heal|p2a: Empoleon|369\/369|[from] item: Leftovers
|turn|12
|
|move|p1a: Dragonite|Superpower|p2a: Empoleon
|-supereffective|p2a: Empoleon
|-damage|p2a: Empoleon|0 fnt
|-unboost|p1a: Dragonite|atk|1
|-unboost|p1a: Dragonite|def|1
|faint|p2a: Empoleon
|
|
|switch|p2a: Hippowdon|Hippowdon, F|183\/417
|-damage|p2a: Hippowdon|157\/417|[from] Stealth Rock
|turn|13
|
|switch|p1a: Keldeo|Keldeo|323\/323
|move|p2a: Hippowdon|Stealth Rock|p1a: Keldeo
|-sidestart|p1: Es Heatedline|move: Stealth Rock
|
|-heal|p2a: Hippowdon|183\/417|[from] item: Leftovers
|turn|14
|
|move|p1a: Keldeo|Hydro Pump|p2a: Hippowdon
|-supereffective|p2a: Hippowdon
|-damage|p2a: Hippowdon|0 fnt
|faint|p2a: Hippowdon
|
|
|switch|p2a: Tornadus-Therian|Tornadus-Therian, M|211\/327
|-damage|p2a: Tornadus-Therian|130\/327|[from] Stealth Rock
|turn|15
|
|move|p1a: Keldeo|Hydro Pump|p2a: Tornadus-Therian
|-damage|p2a: Tornadus-Therian|0 fnt
|faint|p2a: Tornadus-Therian
|
|
|switch|p2a: Manectric|Manectric-Mega, F|246\/281
|-damage|p2a: Manectric|211\/281|[from] Stealth Rock
|-ability|p2a: Manectric|Intimidate|[of] p1a: Keldeo
|-unboost|p1a: Keldeo|atk|1
|turn|16
|
|switch|p1a: Landorus|Landorus, M|204\/319
|-damage|p1a: Landorus|165\/319|[from] Stealth Rock
|move|p2a: Manectric|Thunderbolt|p1a: Landorus
|-immune|p1a: Landorus|[msg]
|
|turn|17
|
|move|p2a: Manectric|Hidden Power|p1a: Landorus
|-supereffective|p1a: Landorus
|-damage|p1a: Landorus|0 fnt
|faint|p1a: Landorus
|
|
|switch|p1a: Raikou|Raikou|180\/321
|-damage|p1a: Raikou|140\/321|[from] Stealth Rock
|-ability|p1a: Raikou|Pressure
|turn|18
|
|move|p2a: Manectric|Hidden Power|p1a: Raikou
|-damage|p1a: Raikou|66\/321
|move|p1a: Raikou|Shadow Ball|p2a: Manectric
|-damage|p2a: Manectric|67\/281
|
|turn|19
|
|move|p2a: Manectric|Hidden Power|p1a: Raikou
|-crit|p1a: Raikou
|-damage|p1a: Raikou|0 fnt
|faint|p1a: Raikou
|
|
|switch|p1a: Dragonite|Dragonite, M|323\/323
|-damage|p1a: Dragonite|243\/323|[from] Stealth Rock
|turn|20
|
|move|p1a: Dragonite|Extreme Speed|p2a: Manectric
|-damage|p2a: Manectric|0 fnt
|faint|p2a: Manectric
|
|win|Es Heatedline
|raw|Ladder updating...