|join|Adri989898
|join|gp01
|player|p1|Adri989898|99
|player|p2|gp01|43
|gametype|singles
|gen|6
|tier|OU
|rated
|clearpoke
|poke|p1|Metagross, shiny
|poke|p1|Manaphy
|poke|p1|Zapdos
|poke|p1|Latios, M
|poke|p1|Rotom-Wash
|poke|p1|Ferrothorn, M
|poke|p2|Beedrill, M
|poke|p2|Pangoro, M
|poke|p2|Sigilyph, M
|poke|p2|Bastiodon, F
|poke|p2|Gyarados, M
|poke|p2|Noivern, M
|rule|Swagger Clause: Swagger is banned
|rule|Baton Pass Clause: Limit one PokÃ©mon knowing Baton Pass
|rule|Sleep Clause Mod: Limit one foe put to sleep
|rule|Species Clause: Limit one of each PokÃ©mon
|rule|OHKO Clause: OHKO moves are banned
|rule|Moody Clause: Moody is banned
|rule|Evasion Moves Clause: Evasion moves are banned
|rule|Endless Battle Clause: Forcing endless battles is banned
|rule|HP Percentage Mod: HP is shown in percentages
|teampreview
|
|start
|switch|p1a: Metagross|Metagross, shiny|302\/302
|switch|p2a: Noivern|Noivern, M|364\/364
|-item|p1a: Metagross|Metagrossite|[from] ability: Frisk|[of] p2a: Noivern|[identify]
|turn|1
|
|switch|p1a: Latios|Latios, M|302\/302
|move|p2a: Noivern|Flamethrower|p1a: Latios
|-resisted|p1a: Latios
|-damage|p1a: Latios|255\/302
|
|turn|2
|
|switch|p2a: Bastiodon|Bastiodon, F|262\/262
|move|p1a: Latios|Draco Meteor|p2a: Bastiodon
|-resisted|p2a: Bastiodon
|-damage|p2a: Bastiodon|198\/262
|-unboost|p1a: Latios|spa|2
|
|-heal|p2a: Bastiodon|214\/262|[from] item: Leftovers
|turn|3
|
|switch|p1a: Manaphy|Manaphy|341\/341
|move|p2a: Bastiodon|Stealth Rock|p1a: Manaphy
|-sidestart|p1: Adri989898|move: Stealth Rock
|
|-heal|p2a: Bastiodon|230\/262|[from] item: Leftovers
|turn|4
|
|move|p1a: Manaphy|Tail Glow|p1a: Manaphy
|-boost|p1a: Manaphy|spa|3
|move|p2a: Bastiodon|Roar|p1a: Manaphy
|drag|p1a: Latios|Latios, M|255\/302
|-damage|p1a: Latios|218\/302|[from] Stealth Rock
|
|-heal|p2a: Bastiodon|246\/262|[from] item: Leftovers
|turn|5
|
|move|p1a: Latios|Trick|p2a: Bastiodon
|-activate|p1a: Latios|move: Trick|[of] p2a: Bastiodon
|-item|p2a: Bastiodon|Choice Scarf|[from] move: Trick
|-item|p1a: Latios|Leftovers|[from] move: Trick
|move|p2a: Bastiodon|Metal Burst|p1a: Latios
|-fail|p1a: Latios
|
|-heal|p1a: Latios|236\/302|[from] item: Leftovers
|turn|6
|
|switch|p1a: Metagross|Metagross, shiny|302\/302
|-damage|p1a: Metagross|284\/302|[from] Stealth Rock
|switch|p2a: Noivern|Noivern, M|364\/364
|-item|p1a: Metagross|Metagrossite|[from] ability: Frisk|[of] p2a: Noivern|[identify]
|
|turn|7
|
|detailschange|p1a: Metagross|Metagross-Mega, shiny
|message|Metagross has Mega Evolved into Mega Metagross!
|move|p2a: Noivern|Flamethrower|p1a: Metagross
|-supereffective|p1a: Metagross
|-damage|p1a: Metagross|100\/302
|move|p1a: Metagross|Agility|p1a: Metagross
|-boost|p1a: Metagross|spe|2
|
|turn|8
|
|switch|p2a: Gyarados|Gyarados, M|392\/392
|-ability|p2a: Gyarados|Intimidate|[of] p1a: Metagross
|-unboost|p1a: Metagross|atk|1
|move|p1a: Metagross|Ice Punch|p2a: Gyarados
|-damage|p2a: Gyarados|308\/392
|-damage|p1a: Metagross|50\/302|[from] item: Rocky Helmet|[of] p2a: Gyarados
|
|turn|9
|
|switch|p1a: Rotom-Wash|Rotom-Wash|304\/304
|-damage|p1a: Rotom-Wash|266\/304|[from] Stealth Rock
|switch|p2a: Bastiodon|Bastiodon, F|246\/262
|
|-heal|p1a: Rotom-Wash|285\/304|[from] item: Leftovers
|turn|10
|
|move|p2a: Bastiodon|Magic Coat|p2a: Bastiodon
|-singleturn|p2a: Bastiodon|move: Magic Coat
|move|p1a: Rotom-Wash|Will-O-Wisp|p2a: Bastiodon
|move|p2a: Bastiodon|Will-O-Wisp|p1a: Rotom-Wash|[from]Magic Coat
|-status|p1a: Rotom-Wash|brn
|
|-heal|p1a: Rotom-Wash|304\/304 brn|[from] item: Leftovers
|-damage|p1a: Rotom-Wash|266\/304 brn|[from] brn
|turn|11
|
|switch|p2a: Noivern|Noivern, M|364\/364
|-item|p1a: Rotom-Wash|Leftovers|[from] ability: Frisk|[of] p2a: Noivern|[identify]
|move|p1a: Rotom-Wash|Volt Switch|p2a: Noivern
|-damage|p2a: Noivern|261\/364
|
|switch|p1a: Zapdos|Zapdos|383\/383
|-damage|p1a: Zapdos|288\/383|[from] Stealth Rock
|-ability|p1a: Zapdos|Pressure
|
|-heal|p1a: Zapdos|311\/383|[from] item: Leftovers
|turn|12
|
|move|p2a: Noivern|Switcheroo|p1a: Zapdos
|-activate|p2a: Noivern|move: Trick|[of] p1a: Zapdos
|-item|p1a: Zapdos|Choice Scarf|[from] Trick
|-item|p2a: Noivern|Leftovers|[from] Trick
|move|p1a: Zapdos|Defog|p2a: Noivern
|-unboost|p2a: Noivern|evasion|1
|-sideend|p1: Adri989898|Stealth Rock|[from] move: Defog|[of] p1a: Zapdos
|
|-heal|p2a: Noivern|283\/364|[from] item: Leftovers
|turn|13
|
|switch|p1a: Ferrothorn|Ferrothorn, M|352\/352
|move|p2a: Noivern|Super Fang|p1a: Ferrothorn
|-damage|p1a: Ferrothorn|176\/352
|-damage|p2a: Noivern|238\/364|[from] ability: Iron Barbs|[of] p1a: Ferrothorn
|
|-heal|p2a: Noivern|260\/364|[from] item: Leftovers
|-heal|p1a: Ferrothorn|198\/352|[from] item: Leftovers
|turn|14
|
|switch|p1a: Manaphy|Manaphy|341\/341
|move|p2a: Noivern|Flamethrower|p1a: Manaphy
|-resisted|p1a: Manaphy
|-damage|p1a: Manaphy|293\/341
|
|-heal|p1a: Manaphy|314\/341|[from] item: Leftovers
|-heal|p2a: Noivern|282\/364|[from] item: Leftovers
|turn|15
|
|move|p1a: Manaphy|Ice Beam|p2a: Noivern
|-supereffective|p2a: Noivern
|-damage|p2a: Noivern|0 fnt
|faint|p2a: Noivern
|
|-heal|p1a: Manaphy|335\/341|[from] item: Leftovers
|
|switch|p2a: Pangoro|Pangoro, M|331\/331
|turn|16
|
|move|p1a: Manaphy|Tail Glow|p1a: Manaphy
|-boost|p1a: Manaphy|spa|3
|move|p2a: Pangoro|Storm Throw|p1a: Manaphy
|-crit|p1a: Manaphy
|-damage|p1a: Manaphy|167\/341
|
|-heal|p1a: Manaphy|188\/341|[from] item: Leftovers
|turn|17
|
|move|p1a: Manaphy|Surf|p2a: Pangoro
|-damage|p2a: Pangoro|0 fnt
|faint|p2a: Pangoro
|
|-heal|p1a: Manaphy|209\/341|[from] item: Leftovers
|
|switch|p2a: Gyarados|Gyarados, M|308\/392
|-ability|p2a: Gyarados|Intimidate|[of] p1a: Manaphy
|-unboost|p1a: Manaphy|atk|1
|turn|18
|
|move|p1a: Manaphy|Ice Beam|p2a: Gyarados
|-damage|p2a: Gyarados|89\/392
|move|p2a: Gyarados|Earthquake|p1a: Manaphy
|-damage|p1a: Manaphy|113\/341
|
|-heal|p1a: Manaphy|134\/341|[from] item: Leftovers
|turn|19
|
|move|p1a: Manaphy|Ice Beam|p2a: Gyarados
|-damage|p2a: Gyarados|0 fnt
|faint|p2a: Gyarados
|
|-heal|p1a: Manaphy|155\/341|[from] item: Leftovers
|
|switch|p2a: Beedrill|Beedrill, M|272\/272
|turn|20
|
|detailschange|p2a: Beedrill|Beedrill-Mega, M
|message|Beedrill has Mega Evolved into Mega Beedrill!
|move|p1a: Manaphy|Surf|p2a: Beedrill
|-damage|p2a: Beedrill|0 fnt
|faint|p2a: Beedrill
|
|-heal|p1a: Manaphy|176\/341|[from] item: Leftovers
|-message|gp01 forfeited.
|
|win|Adri989898
|raw|Ladder updating...
|leave|gp01
|player|p2
|raw|Adri989898's rating: 1520 &rarr; <strong>1535<\/strong><br \/>(+15 for winning)
|raw|gp01's rating: 1441 &rarr; <strong>1426<\/strong><br \/>(-15 for losing)