|join|EnragedKyogre
|join|Adri989898
|player|p1|EnragedKyogre|265
|player|p2|Adri989898|99
|gametype|singles
|gen|6
|tier|OU
|rated
|clearpoke
|poke|p1|Charizard, F
|poke|p1|Mienshao, F
|poke|p1|Latios, M
|poke|p1|Raikou
|poke|p1|Ferrothorn, F
|poke|p1|Landorus-Therian, M
|poke|p2|Metagross, shiny
|poke|p2|Zapdos
|poke|p2|Latios, M
|poke|p2|Heatran, M
|poke|p2|Rotom-Wash
|poke|p2|Landorus-Therian, M
|rule|Swagger Clause: Swagger is banned
|rule|Baton Pass Clause: Limit one PokÃ©mon knowing Baton Pass
|rule|Sleep Clause Mod: Limit one foe put to sleep
|rule|Species Clause: Limit one of each PokÃ©mon
|rule|OHKO Clause: OHKO moves are banned
|rule|Moody Clause: Moody is banned
|rule|Evasion Moves Clause: Evasion moves are banned
|rule|Endless Battle Clause: Forcing endless battles is banned
|rule|HP Percentage Mod: HP is shown in percentages
|teampreview
|
|start
|switch|p1a: Devil in a New Dre|Mienshao, F|269\/269
|switch|p2a: Rotom-Wash|Rotom-Wash|304\/304
|turn|1
|
|move|p1a: Devil in a New Dre|Fake Out|p2a: Rotom-Wash
|-damage|p2a: Rotom-Wash|259\/304
|-damage|p1a: Devil in a New Dre|243\/269|[from] item: Life Orb
|cant|p2a: Rotom-Wash|flinch
|
|-heal|p2a: Rotom-Wash|278\/304|[from] item: Leftovers
|turn|2
|
|move|p1a: Devil in a New Dre|U-turn|p2a: Rotom-Wash
|-damage|p2a: Rotom-Wash|207\/304
|-damage|p1a: Devil in a New Dre|217\/269|[from] item: Life Orb
|
|switch|p1a: Hell of a Life|Ferrothorn, F|352\/352
|move|p2a: Rotom-Wash|Will-O-Wisp|p1a: Hell of a Life
|-status|p1a: Hell of a Life|brn
|
|-heal|p2a: Rotom-Wash|226\/304|[from] item: Leftovers
|-damage|p1a: Hell of a Life|308\/352 brn|[from] brn
|turn|3
|
|move|p2a: Rotom-Wash|Volt Switch|p1a: Hell of a Life
|-resisted|p1a: Hell of a Life
|-damage|p1a: Hell of a Life|277\/352 brn
|
|switch|p2a: Zapdos|Zapdos|384\/384
|-ability|p2a: Zapdos|Pressure
|move|p1a: Hell of a Life|Leech Seed|p2a: Zapdos
|-start|p2a: Zapdos|move: Leech Seed
|
|-heal|p1a: Hell of a Life|299\/352 brn|[from] item: Leftovers
|-damage|p2a: Zapdos|336\/384|[from] Leech Seed|[of] p1a: Hell of a Life
|-heal|p1a: Hell of a Life|347\/352 brn|[silent]
|-damage|p1a: Hell of a Life|303\/352 brn|[from] brn
|turn|4
|
|switch|p1a: Dark Fantasy|Charizard, F|297\/297
|move|p2a: Zapdos|Heat Wave|p1a: Dark Fantasy
|-resisted|p1a: Dark Fantasy
|-damage|p1a: Dark Fantasy|241\/297
|
|-heal|p2a: Zapdos|360\/384|[from] item: Leftovers
|-damage|p2a: Zapdos|312\/384|[from] Leech Seed|[of] p1a: Dark Fantasy
|-heal|p1a: Dark Fantasy|289\/297|[silent]
|turn|5
|
|switch|p2a: Landorus-Therian|Landorus-Therian, M|320\/320
|-ability|p2a: Landorus-Therian|Intimidate|[of] p1a: Dark Fantasy
|-unboost|p1a: Dark Fantasy|atk|1
|detailschange|p1a: Dark Fantasy|Charizard-Mega-X, F
|message|Charizard has Mega Evolved into Mega Charizard!
|move|p1a: Dark Fantasy|Dragon Claw|p2a: Landorus-Therian
|-damage|p2a: Landorus-Therian|172\/320
|
|turn|6
|
|switch|p1a: Hell of a Life|Ferrothorn, F|303\/352 brn
|move|p2a: Landorus-Therian|U-turn|p1a: Hell of a Life
|-damage|p1a: Hell of a Life|247\/352 brn
|-damage|p2a: Landorus-Therian|132\/320|[from] ability: Iron Barbs|[of] p1a: Hell of a Life
|
|switch|p2a: Heatran|Heatran, M|386\/386
|
|-heal|p1a: Hell of a Life|269\/352 brn|[from] item: Leftovers
|-damage|p1a: Hell of a Life|225\/352 brn|[from] brn
|turn|7
|
|switch|p1a: Dark Fantasy|Charizard-Mega-X, F|289\/297
|move|p2a: Heatran|Toxic|p1a: Dark Fantasy
|-status|p1a: Dark Fantasy|tox
|
|-damage|p1a: Dark Fantasy|271\/297 tox|[from] psn
|turn|8
|
|move|p1a: Dark Fantasy|Dragon Claw|p2a: Heatran
|-resisted|p2a: Heatran
|-damage|p2a: Heatran|289\/386
|move|p2a: Heatran|Earth Power|p1a: Dark Fantasy
|-supereffective|p1a: Dark Fantasy
|-damage|p1a: Dark Fantasy|73\/297 tox
|
|-heal|p2a: Heatran|313\/386|[from] item: Leftovers
|-damage|p1a: Dark Fantasy|37\/297 tox|[from] psn
|turn|9
|
|move|p1a: Dark Fantasy|Earthquake|p2a: Heatran
|-crit|p2a: Heatran
|-supereffective|p2a: Heatran
|-damage|p2a: Heatran|0 fnt
|faint|p2a: Heatran
|
|-damage|p1a: Dark Fantasy|0 fnt|[from] psn
|faint|p1a: Dark Fantasy
|
|switch|p2a: Latios|Latios, M|302\/302
|switch|p1a: Hell of a Life|Ferrothorn, F|225\/352 brn
|turn|10
|
|move|p2a: Latios|Trick|p1a: Hell of a Life
|-activate|p2a: Latios|move: Trick|[of] p1a: Hell of a Life
|-item|p1a: Hell of a Life|Choice Scarf|[from] move: Trick
|-item|p2a: Latios|Leftovers|[from] move: Trick
|move|p1a: Hell of a Life|Leech Seed|p2a: Latios
|-start|p2a: Latios|move: Leech Seed
|
|-damage|p2a: Latios|265\/302|[from] Leech Seed|[of] p1a: Hell of a Life
|-heal|p1a: Hell of a Life|262\/352 brn|[silent]
|-damage|p1a: Hell of a Life|218\/352 brn|[from] brn
|turn|11
|
|move|p2a: Latios|Draco Meteor|p1a: Hell of a Life
|-resisted|p1a: Hell of a Life
|-damage|p1a: Hell of a Life|137\/352 brn
|-unboost|p2a: Latios|spa|2
|move|p1a: Hell of a Life|Leech Seed|p2a: Latios
|-fail|p2a: Latios
|
|-heal|p2a: Latios|283\/302|[from] item: Leftovers
|-damage|p2a: Latios|246\/302|[from] Leech Seed|[of] p1a: Hell of a Life
|-heal|p1a: Hell of a Life|174\/352 brn|[silent]
|-damage|p1a: Hell of a Life|130\/352 brn|[from] brn
|turn|12
|
|switch|p2a: Rotom-Wash|Rotom-Wash|226\/304
|move|p1a: Hell of a Life|Leech Seed|p2a: Rotom-Wash
|-start|p2a: Rotom-Wash|move: Leech Seed
|
|-heal|p2a: Rotom-Wash|245\/304|[from] item: Leftovers
|-damage|p2a: Rotom-Wash|207\/304|[from] Leech Seed|[of] p1a: Hell of a Life
|-heal|p1a: Hell of a Life|168\/352 brn|[silent]
|-damage|p1a: Hell of a Life|124\/352 brn|[from] brn
|turn|13
|
|move|p2a: Rotom-Wash|Volt Switch|p1a: Hell of a Life
|-resisted|p1a: Hell of a Life
|-damage|p1a: Hell of a Life|94\/352 brn
|
|switch|p2a: Metagross|Metagross, shiny|302\/302
|move|p1a: Hell of a Life|Leech Seed|p2a: Metagross
|-start|p2a: Metagross|move: Leech Seed
|
|-damage|p2a: Metagross|265\/302|[from] Leech Seed|[of] p1a: Hell of a Life
|-heal|p1a: Hell of a Life|131\/352 brn|[silent]
|-damage|p1a: Hell of a Life|87\/352 brn|[from] brn
|turn|14
|
|move|p2a: Metagross|Agility|p2a: Metagross
|-boost|p2a: Metagross|spe|2
|move|p1a: Hell of a Life|Leech Seed|p2a: Metagross
|-fail|p2a: Metagross
|
|-damage|p2a: Metagross|228\/302|[from] Leech Seed|[of] p1a: Hell of a Life
|-heal|p1a: Hell of a Life|124\/352 brn|[silent]
|-damage|p1a: Hell of a Life|80\/352 brn|[from] brn
|turn|15
|
|move|p2a: Metagross|Earthquake|p1a: Hell of a Life
|-damage|p1a: Hell of a Life|0 fnt
|faint|p1a: Hell of a Life
|
|
|switch|p1a: Monster|Landorus-Therian, M|323\/323
|-ability|p1a: Monster|Intimidate|[of] p2a: Metagross
|-fail|p2a: Metagross|unboost|[from] ability: Clear Body|[of] p2a: Metagross
|turn|16
|
|detailschange|p2a: Metagross|Metagross-Mega, shiny
|message|Metagross has Mega Evolved into Mega Metagross!
|move|p2a: Metagross|Ice Punch|p1a: Monster
|-supereffective|p1a: Monster
|-damage|p1a: Monster|0 fnt
|faint|p1a: Monster
|
|
|switch|p1a: Power|Raikou|321\/321
|-ability|p1a: Power|Pressure
|turn|17
|
|switch|p1a: All of the Lights|Latios, M|309\/309
|move|p2a: Metagross|Earthquake|p1a: All of the Lights
|-immune|p1a: All of the Lights|[msg]
|
|-damage|p2a: Metagross|191\/302|[from] Leech Seed|[of] p1a: All of the Lights
|turn|18
|
|move|p2a: Metagross|Meteor Mash|p1a: All of the Lights|[miss]
|-miss|p2a: Metagross|p1a: All of the Lights
|move|p1a: All of the Lights|Dragon Pulse|p2a: Metagross
|-resisted|p2a: Metagross
|-damage|p2a: Metagross|105\/302
|-damage|p1a: All of the Lights|279\/309|[from] item: Life Orb
|
|-damage|p2a: Metagross|68\/302|[from] Leech Seed|[of] p1a: All of the Lights
|-heal|p1a: All of the Lights|309\/309|[silent]
|turn|19
|
|move|p2a: Metagross|Meteor Mash|p1a: All of the Lights
|-damage|p1a: All of the Lights|15\/309
|move|p1a: All of the Lights|Dragon Pulse|p2a: Metagross
|-resisted|p2a: Metagross
|-damage|p2a: Metagross|0 fnt
|-damage|p1a: All of the Lights|0 fnt|[from] item: Life Orb
|faint|p2a: Metagross
|faint|p1a: All of the Lights
|
|
|switch|p2a: Landorus-Therian|Landorus-Therian, M|132\/320
|switch|p1a: Devil in a New Dre|Mienshao, F|269\/269
|-ability|p2a: Landorus-Therian|Intimidate|[of] p1a: Devil in a New Dre
|-unboost|p1a: Devil in a New Dre|atk|1
|turn|20
|
|switch|p2a: Rotom-Wash|Rotom-Wash|207\/304
|move|p1a: Devil in a New Dre|Fake Out|p2a: Rotom-Wash
|-damage|p2a: Rotom-Wash|177\/304
|-damage|p1a: Devil in a New Dre|243\/269|[from] item: Life Orb
|
|-heal|p2a: Rotom-Wash|196\/304|[from] item: Leftovers
|turn|21
|
|move|p1a: Devil in a New Dre|High Jump Kick|p2a: Rotom-Wash
|-damage|p2a: Rotom-Wash|62\/304
|-damage|p1a: Devil in a New Dre|217\/269|[from] item: Life Orb
|move|p2a: Rotom-Wash|Volt Switch|p1a: Devil in a New Dre
|-damage|p1a: Devil in a New Dre|87\/269
|
|switch|p2a: Latios|Latios, M|246\/302
|
|-heal|p2a: Latios|264\/302|[from] item: Leftovers
|turn|22
|
|switch|p1a: Power|Raikou|321\/321
|-ability|p1a: Power|Pressure
|move|p2a: Latios|Draco Meteor|p1a: Power
|-damage|p1a: Power|80\/321
|-unboost|p2a: Latios|spa|2
|
|-heal|p2a: Latios|282\/302|[from] item: Leftovers
|turn|23
|
|move|p1a: Power|Shadow Ball|p2a: Latios
|-supereffective|p2a: Latios
|-damage|p2a: Latios|52\/302
|move|p2a: Latios|Draco Meteor|p1a: Power
|-damage|p1a: Power|0 fnt
|-unboost|p2a: Latios|spa|2
|faint|p1a: Power
|
|-heal|p2a: Latios|70\/302|[from] item: Leftovers
|
|switch|p1a: Devil in a New Dre|Mienshao, F|176\/269
|turn|24
|
|switch|p2a: Rotom-Wash|Rotom-Wash|62\/304
|move|p1a: Devil in a New Dre|Fake Out|p2a: Rotom-Wash
|-damage|p2a: Rotom-Wash|22\/304
|-damage|p1a: Devil in a New Dre|150\/269|[from] item: Life Orb
|
|-heal|p2a: Rotom-Wash|41\/304|[from] item: Leftovers
|turn|25
|
|move|p1a: Devil in a New Dre|U-turn|p2a: Rotom-Wash
|-damage|p2a: Rotom-Wash|0 fnt
|-damage|p1a: Devil in a New Dre|124\/269|[from] item: Life Orb
|faint|p2a: Rotom-Wash
|
|
|switch|p2a: Landorus-Therian|Landorus-Therian, M|132\/320
|-ability|p2a: Landorus-Therian|Intimidate|[of] p1a: Devil in a New Dre
|-unboost|p1a: Devil in a New Dre|atk|1
|turn|26
|c|âAdri989898|gg
|
|move|p2a: Landorus-Therian|Earthquake|p1a: Devil in a New Dre
|-damage|p1a: Devil in a New Dre|0 fnt
|faint|p1a: Devil in a New Dre
|
|win|Adri989898
|raw|Ladder updating...
|leave|EnragedKyogre
|player|p1