|join|Adri989898
|join|Tenrji
|player|p1|Adri989898|99
|player|p2|Tenrji|20
|gametype|singles
|gen|6
|tier|OU
|rated
|clearpoke
|poke|p1|Metagross, shiny
|poke|p1|Manaphy
|poke|p1|Zapdos
|poke|p1|Landorus-Therian, M
|poke|p1|Rotom-Wash
|poke|p1|Ferrothorn, M
|poke|p2|Heatran, M
|poke|p2|Gyarados, F
|poke|p2|Chesnaught, F
|poke|p2|Excadrill, M
|poke|p2|Clefable, F
|poke|p2|Sableye, M
|rule|Swagger Clause: Swagger is banned
|rule|Baton Pass Clause: Limit one PokÃ©mon knowing Baton Pass
|rule|Sleep Clause Mod: Limit one foe put to sleep
|rule|Species Clause: Limit one of each PokÃ©mon
|rule|OHKO Clause: OHKO moves are banned
|rule|Moody Clause: Moody is banned
|rule|Evasion Moves Clause: Evasion moves are banned
|rule|Endless Battle Clause: Forcing endless battles is banned
|rule|HP Percentage Mod: HP is shown in percentages
|teampreview
|
|start
|switch|p1a: Rotom-Wash|Rotom-Wash|304\/304
|switch|p2a: Chesnaught|Chesnaught, F|380\/380
|turn|1
|
|move|p1a: Rotom-Wash|Will-O-Wisp|p2a: Chesnaught
|-status|p2a: Chesnaught|brn
|move|p2a: Chesnaught|Leech Seed|p1a: Rotom-Wash
|-start|p1a: Rotom-Wash|move: Leech Seed
|
|-damage|p1a: Rotom-Wash|266\/304|[from] Leech Seed|[of] p2a: Chesnaught
|-damage|p2a: Chesnaught|333\/380 brn|[from] brn
|turn|2
|
|move|p1a: Rotom-Wash|Volt Switch|p2a: Chesnaught
|-resisted|p2a: Chesnaught
|-damage|p2a: Chesnaught|278\/380 brn
|
|switch|p1a: Zapdos|Zapdos|383\/383
|-ability|p1a: Zapdos|Pressure
|move|p2a: Chesnaught|Spikes|p1a: Zapdos
|-sidestart|p1: Adri989898|Spikes
|
|-heal|p2a: Chesnaught|301\/380 brn|[from] item: Leftovers
|-damage|p2a: Chesnaught|254\/380 brn|[from] brn
|turn|3
|
|switch|p2a: Heatran|Heatran, M|386\/386
|move|p1a: Zapdos|Heat Wave|p2a: Heatran
|-start|p2a: Heatran|ability: Flash Fire
|
|turn|4
|
|switch|p1a: Rotom-Wash|Rotom-Wash|266\/304
|move|p2a: Heatran|Toxic|p1a: Rotom-Wash
|-status|p1a: Rotom-Wash|tox
|
|-heal|p1a: Rotom-Wash|285\/304 tox|[from] item: Leftovers
|-damage|p1a: Rotom-Wash|266\/304 tox|[from] psn
|turn|5
|
|move|p1a: Rotom-Wash|Volt Switch|p2a: Heatran
|-damage|p2a: Heatran|325\/386
|
|switch|p1a: Landorus-Therian|Landorus-Therian, M|320\/320
|-ability|p1a: Landorus-Therian|Intimidate|[of] p2a: Heatran
|-unboost|p2a: Heatran|atk|1
|move|p2a: Heatran|Stealth Rock|p1a: Landorus-Therian
|-sidestart|p1: Adri989898|move: Stealth Rock
|
|-heal|p2a: Heatran|349\/386|[from] item: Leftovers
|turn|6
|
|switch|p2a: Chesnaught|Chesnaught, F|254\/380 brn
|move|p1a: Landorus-Therian|U-turn|p2a: Chesnaught
|-damage|p2a: Chesnaught|199\/380 brn
|
|switch|p1a: Zapdos|Zapdos|383\/383
|-damage|p1a: Zapdos|288\/383|[from] Stealth Rock
|-ability|p1a: Zapdos|Pressure
|
|-heal|p1a: Zapdos|311\/383|[from] item: Leftovers
|-heal|p2a: Chesnaught|222\/380 brn|[from] item: Leftovers
|-damage|p2a: Chesnaught|175\/380 brn|[from] brn
|turn|7
|
|switch|p2a: Clefable|Clefable, F|394\/394
|move|p1a: Zapdos|Defog|p2a: Clefable
|-unboost|p2a: Clefable|evasion|1
|-sideend|p1: Adri989898|Spikes|[from] move: Defog|[of] p1a: Zapdos
|-sideend|p1: Adri989898|Stealth Rock|[from] move: Defog|[of] p1a: Zapdos
|
|-heal|p1a: Zapdos|334\/383|[from] item: Leftovers
|turn|8
|
|switch|p1a: Metagross|Metagross, shiny|302\/302
|move|p2a: Clefable|Wish|p2a: Clefable
|
|turn|9
|
|switch|p2a: Sableye|Sableye, M|303\/303
|detailschange|p1a: Metagross|Metagross-Mega, shiny
|message|Metagross has Mega Evolved into Mega Metagross!
|move|p1a: Metagross|Meteor Mash|p2a: Sableye
|-damage|p2a: Sableye|0 fnt
|faint|p2a: Sableye
|
|-message|Tenrji forfeited.
|
|win|Adri989898
|raw|Ladder updating...
|raw|Adri989898's rating: 1535 &rarr; <strong>1555<\/strong><br \/>(+20 for winning)
|raw|Tenrji's rating: 1523 &rarr; <strong>1504<\/strong><br \/>(-19 for losing)