|join|Adri989898
|join|widetomato
|player|p1|Adri989898|99
|player|p2|widetomato|101
|gametype|singles
|gen|6
|tier|OU
|rated
|clearpoke
|poke|p1|Metagross, shiny
|poke|p1|Zapdos
|poke|p1|Manaphy
|poke|p1|Heatran, F
|poke|p1|Ferrothorn, F
|poke|p1|Landorus-Therian, M
|poke|p2|Manaphy, shiny
|poke|p2|Thundurus, M, shiny
|poke|p2|Charizard, F, shiny
|poke|p2|Terrakion, shiny
|poke|p2|Jirachi
|poke|p2|Latias, F, shiny
|rule|Swagger Clause: Swagger is banned
|rule|Baton Pass Clause: Limit one PokÃ©mon knowing Baton Pass
|rule|Sleep Clause Mod: Limit one foe put to sleep
|rule|Species Clause: Limit one of each PokÃ©mon
|rule|OHKO Clause: OHKO moves are banned
|rule|Moody Clause: Moody is banned
|rule|Evasion Moves Clause: Evasion moves are banned
|rule|Endless Battle Clause: Forcing endless battles is banned
|rule|HP Percentage Mod: HP is shown in percentages
|teampreview
|
|start
|switch|p1a: Landorus-Therian|Landorus-Therian, M|320\/320
|switch|p2a: Little nightmare|Manaphy, shiny|404\/404
|-ability|p1a: Landorus-Therian|Intimidate|[of] p2a: Little nightmare
|-unboost|p2a: Little nightmare|atk|1
|turn|1
|
|move|p1a: Landorus-Therian|U-turn|p2a: Little nightmare
|-damage|p2a: Little nightmare|337\/404
|
|switch|p1a: Ferrothorn|Ferrothorn, F|352\/352
|move|p2a: Little nightmare|Scald|p1a: Ferrothorn
|-resisted|p1a: Ferrothorn
|-damage|p1a: Ferrothorn|314\/352
|
|-heal|p2a: Little nightmare|362\/404|[from] item: Leftovers
|-heal|p1a: Ferrothorn|336\/352|[from] item: Leftovers
|turn|2
|
|move|p2a: Little nightmare|Scald|p1a: Ferrothorn
|-resisted|p1a: Ferrothorn
|-damage|p1a: Ferrothorn|298\/352
|-status|p1a: Ferrothorn|brn
|move|p1a: Ferrothorn|Leech Seed|p2a: Little nightmare
|-start|p2a: Little nightmare|move: Leech Seed
|
|-heal|p2a: Little nightmare|387\/404|[from] item: Leftovers
|-heal|p1a: Ferrothorn|320\/352 brn|[from] item: Leftovers
|-damage|p2a: Little nightmare|337\/404|[from] Leech Seed|[of] p1a: Ferrothorn
|-heal|p1a: Ferrothorn|352\/352 brn|[silent]
|-damage|p1a: Ferrothorn|308\/352 brn|[from] brn
|turn|3
|
|move|p2a: Little nightmare|Rain Dance|p2a: Little nightmare
|-weather|RainDance
|move|p1a: Ferrothorn|Stealth Rock|p2a: Little nightmare
|-sidestart|p2: widetomato|move: Stealth Rock
|
|-weather|RainDance|[upkeep]
|-heal|p2a: Little nightmare|362\/404|[from] item: Leftovers
|-heal|p1a: Ferrothorn|330\/352 brn|[from] item: Leftovers
|-damage|p2a: Little nightmare|312\/404|[from] Leech Seed|[of] p1a: Ferrothorn
|-heal|p1a: Ferrothorn|352\/352 brn|[silent]
|-damage|p1a: Ferrothorn|308\/352 brn|[from] brn
|turn|4
|
|switch|p1a: Manaphy|Manaphy|341\/341
|move|p2a: Little nightmare|Scald|p1a: Manaphy
|-resisted|p1a: Manaphy
|-damage|p1a: Manaphy|270\/341
|
|-weather|RainDance|[upkeep]
|-heal|p1a: Manaphy|291\/341|[from] item: Leftovers
|-heal|p2a: Little nightmare|337\/404|[from] item: Leftovers
|-damage|p2a: Little nightmare|287\/404|[from] Leech Seed|[of] p1a: Manaphy
|-heal|p1a: Manaphy|341\/341|[silent]
|turn|5
|
|switch|p2a: Tailballs|Thundurus, M, shiny|299\/299
|-damage|p2a: Tailballs|225\/299|[from] Stealth Rock
|move|p1a: Manaphy|Tail Glow|p1a: Manaphy
|-boost|p1a: Manaphy|spa|3
|
|-weather|RainDance|[upkeep]
|turn|6
|
|switch|p1a: Heatran|Heatran, F|386\/386
|move|p2a: Tailballs|Hidden Power|p1a: Heatran
|-resisted|p1a: Heatran
|-damage|p1a: Heatran|370\/386
|-damage|p2a: Tailballs|196\/299|[from] item: Life Orb
|
|-weather|RainDance|[upkeep]
|-heal|p1a: Heatran|386\/386|[from] item: Leftovers
|turn|7
|
|move|p2a: Tailballs|Superpower|p1a: Heatran
|-supereffective|p1a: Heatran
|-damage|p1a: Heatran|136\/386
|-unboost|p2a: Tailballs|atk|1
|-unboost|p2a: Tailballs|def|1
|-damage|p2a: Tailballs|167\/299|[from] item: Life Orb
|move|p1a: Heatran|Toxic|p2a: Tailballs
|-status|p2a: Tailballs|tox
|
|-weather|none
|-heal|p1a: Heatran|160\/386|[from] item: Leftovers
|-damage|p2a: Tailballs|149\/299 tox|[from] psn
|turn|8
|
|switch|p1a: Ferrothorn|Ferrothorn, F|308\/352 brn
|move|p2a: Tailballs|Superpower|p1a: Ferrothorn
|-supereffective|p1a: Ferrothorn
|-damage|p1a: Ferrothorn|194\/352 brn
|-damage|p2a: Tailballs|112\/299 tox|[from] ability: Iron Barbs|[of] p1a: Ferrothorn
|-unboost|p2a: Tailballs|atk|1
|-unboost|p2a: Tailballs|def|1
|-damage|p2a: Tailballs|83\/299 tox|[from] item: Life Orb
|
|-heal|p1a: Ferrothorn|216\/352 brn|[from] item: Leftovers
|-damage|p2a: Tailballs|47\/299 tox|[from] psn
|-damage|p1a: Ferrothorn|172\/352 brn|[from] brn
|turn|9
|
|switch|p2a: Lol nope|Latias, F, shiny|301\/301
|-damage|p2a: Lol nope|264\/301|[from] Stealth Rock
|switch|p1a: Metagross|Metagross, shiny|302\/302
|
|turn|10
|
|detailschange|p1a: Metagross|Metagross-Mega, shiny
|-mega|p1a: Metagross|Metagross|Metagrossite
|move|p2a: Lol nope|Defog|p1a: Metagross
|-unboost|p1a: Metagross|evasion|1
|-sideend|p2: widetomato|Stealth Rock|[from] move: Defog|[of] p2a: Lol nope
|move|p1a: Metagross|Meteor Mash|p2a: Lol nope
|-damage|p2a: Lol nope|33\/301
|
|turn|11
|
|move|p2a: Lol nope|Draco Meteor|p1a: Metagross
|-resisted|p1a: Metagross
|-damage|p1a: Metagross|171\/302
|-unboost|p2a: Lol nope|spa|2
|-damage|p2a: Lol nope|3\/301|[from] item: Life Orb
|move|p1a: Metagross|Thunder Punch|p2a: Lol nope
|-resisted|p2a: Lol nope
|-damage|p2a: Lol nope|0 fnt
|faint|p2a: Lol nope
|
|
|switch|p2a: I'm so smexy|Charizard, F, shiny|315\/315
|turn|12
|
|switch|p1a: Landorus-Therian|Landorus-Therian, M|320\/320
|-ability|p1a: Landorus-Therian|Intimidate|[of] p2a: I'm so smexy
|-unboost|p2a: I'm so smexy|atk|1
|detailschange|p2a: I'm so smexy|Charizard-Mega-X, F, shiny
|-mega|p2a: I'm so smexy|Charizard|Charizardite X
|move|p2a: I'm so smexy|Dragon Dance|p2a: I'm so smexy
|-boost|p2a: I'm so smexy|atk|1
|-boost|p2a: I'm so smexy|spe|1
|
|turn|13
|
|move|p2a: I'm so smexy|Flare Blitz|p1a: Landorus-Therian
|-damage|p1a: Landorus-Therian|7\/320
|-damage|p2a: I'm so smexy|212\/315|[from] recoil|[of] p1a: Landorus-Therian
|move|p1a: Landorus-Therian|Stone Edge|p2a: I'm so smexy
|-supereffective|p2a: I'm so smexy
|-damage|p2a: I'm so smexy|0 fnt
|faint|p2a: I'm so smexy
|
|
|switch|p2a: Gives you wings|Terrakion, shiny|323\/323
|turn|14
|
|switch|p1a: Ferrothorn|Ferrothorn, F|172\/352 brn
|move|p2a: Gives you wings|Stone Edge|p1a: Ferrothorn
|-resisted|p1a: Ferrothorn
|-damage|p1a: Ferrothorn|113\/352 brn
|
|-heal|p1a: Ferrothorn|135\/352 brn|[from] item: Leftovers
|-damage|p1a: Ferrothorn|91\/352 brn|[from] brn
|turn|15
|
|switch|p2a: Little nightmare|Manaphy, shiny|287\/404
|move|p1a: Ferrothorn|Gyro Ball|p2a: Little nightmare
|-resisted|p2a: Little nightmare
|-damage|p2a: Little nightmare|254\/404
|
|-heal|p2a: Little nightmare|279\/404|[from] item: Leftovers
|-heal|p1a: Ferrothorn|113\/352 brn|[from] item: Leftovers
|-damage|p1a: Ferrothorn|69\/352 brn|[from] brn
|turn|16
|
|move|p2a: Little nightmare|Scald|p1a: Ferrothorn
|-resisted|p1a: Ferrothorn
|-damage|p1a: Ferrothorn|29\/352 brn
|move|p1a: Ferrothorn|Leech Seed|p2a: Little nightmare
|-start|p2a: Little nightmare|move: Leech Seed
|
|-heal|p2a: Little nightmare|304\/404|[from] item: Leftovers
|-heal|p1a: Ferrothorn|51\/352 brn|[from] item: Leftovers
|-damage|p2a: Little nightmare|254\/404|[from] Leech Seed|[of] p1a: Ferrothorn
|-heal|p1a: Ferrothorn|101\/352 brn|[silent]
|-damage|p1a: Ferrothorn|57\/352 brn|[from] brn
|turn|17
|
|switch|p2a: Jirachi|Jirachi|404\/404
|move|p1a: Ferrothorn|Stealth Rock|p2a: Jirachi
|-sidestart|p2: widetomato|move: Stealth Rock
|
|-heal|p1a: Ferrothorn|79\/352 brn|[from] item: Leftovers
|-damage|p1a: Ferrothorn|35\/352 brn|[from] brn
|turn|18
|
|move|p2a: Jirachi|Stealth Rock|p1a: Ferrothorn
|-sidestart|p1: Adri989898|move: Stealth Rock
|move|p1a: Ferrothorn|Leech Seed|p2a: Jirachi
|-start|p2a: Jirachi|move: Leech Seed
|
|-heal|p1a: Ferrothorn|57\/352 brn|[from] item: Leftovers
|-damage|p2a: Jirachi|354\/404|[from] Leech Seed|[of] p1a: Ferrothorn
|-heal|p1a: Ferrothorn|107\/352 brn|[silent]
|-damage|p1a: Ferrothorn|63\/352 brn|[from] brn
|turn|19
|
|switch|p2a: Little nightmare|Manaphy, shiny|254\/404
|-damage|p2a: Little nightmare|204\/404|[from] Stealth Rock
|move|p1a: Ferrothorn|Leech Seed|p2a: Little nightmare
|-start|p2a: Little nightmare|move: Leech Seed
|
|-heal|p2a: Little nightmare|229\/404|[from] item: Leftovers
|-heal|p1a: Ferrothorn|85\/352 brn|[from] item: Leftovers
|-damage|p2a: Little nightmare|179\/404|[from] Leech Seed|[of] p1a: Ferrothorn
|-heal|p1a: Ferrothorn|135\/352 brn|[silent]
|-damage|p1a: Ferrothorn|91\/352 brn|[from] brn
|turn|20
|
|move|p2a: Little nightmare|Rain Dance|p2a: Little nightmare
|-weather|RainDance
|move|p1a: Ferrothorn|Leech Seed|p2a: Little nightmare
|-fail|p2a: Little nightmare
|
|-weather|RainDance|[upkeep]
|-heal|p2a: Little nightmare|204\/404|[from] item: Leftovers
|-heal|p1a: Ferrothorn|113\/352 brn|[from] item: Leftovers
|-damage|p2a: Little nightmare|154\/404|[from] Leech Seed|[of] p1a: Ferrothorn
|-heal|p1a: Ferrothorn|163\/352 brn|[silent]
|-damage|p1a: Ferrothorn|119\/352 brn|[from] brn
|turn|21
|
|switch|p1a: Metagross|Metagross-Mega, shiny|171\/302
|-damage|p1a: Metagross|153\/302|[from] Stealth Rock
|move|p2a: Little nightmare|Rest|p2a: Little nightmare
|-status|p2a: Little nightmare|slp
|-heal|p2a: Little nightmare|404\/404 slp|[silent]
|-status|p2a: Little nightmare|slp|[from] move: Rest
|
|-weather|RainDance|[upkeep]
|-curestatus|p2a: Little nightmare|slp
|-damage|p2a: Little nightmare|354\/404|[from] Leech Seed|[of] p1a: Metagross
|-heal|p1a: Metagross|203\/302|[silent]
|turn|22
|
|move|p1a: Metagross|Thunder Punch|p2a: Little nightmare
|-supereffective|p2a: Little nightmare
|-damage|p2a: Little nightmare|182\/404
|move|p2a: Little nightmare|Scald|p1a: Metagross
|-damage|p1a: Metagross|74\/302
|
|-weather|RainDance|[upkeep]
|-heal|p2a: Little nightmare|207\/404|[from] item: Leftovers
|-damage|p2a: Little nightmare|157\/404|[from] Leech Seed|[of] p1a: Metagross
|-heal|p1a: Metagross|124\/302|[silent]
|turn|23
|
|move|p1a: Metagross|Thunder Punch|p2a: Little nightmare
|-supereffective|p2a: Little nightmare
|-damage|p2a: Little nightmare|0 fnt
|faint|p2a: Little nightmare
|
|-weather|RainDance|[upkeep]
|-message|widetomato forfeited.
|
|win|Adri989898
|raw|Ladder updating...
|leave|widetomato
|player|p2
|raw|Adri989898's rating: 1644 &rarr; <strong>1662<\/strong><br \/>(+18 for winning)
|raw|widetomato's rating: 1606 &rarr; <strong>1588<\/strong><br \/>(-18 for losing)