|join|Adri989898
|join|njjj
|player|p1|Adri989898|99
|player|p2|njjj|148
|gametype|singles
|gen|6
|tier|OU
|rated
|clearpoke
|poke|p1|Metagross, shiny
|poke|p1|Zapdos
|poke|p1|Manaphy
|poke|p1|Ferrothorn, M
|poke|p1|Rotom-Wash
|poke|p1|Landorus-Therian, M
|poke|p2|Bisharp, F
|poke|p2|Garchomp, M
|poke|p2|Latios, M
|poke|p2|Lopunny, F
|poke|p2|Gengar, M
|poke|p2|Gyarados, F
|rule|Swagger Clause: Swagger is banned
|rule|Baton Pass Clause: Limit one PokÃ©mon knowing Baton Pass
|rule|Sleep Clause Mod: Limit one foe put to sleep
|rule|Species Clause: Limit one of each PokÃ©mon
|rule|OHKO Clause: OHKO moves are banned
|rule|Moody Clause: Moody is banned
|rule|Evasion Moves Clause: Evasion moves are banned
|rule|Endless Battle Clause: Forcing endless battles is banned
|rule|HP Percentage Mod: HP is shown in percentages
|teampreview
|
|start
|switch|p1a: Rotom-Wash|Rotom-Wash|304\/304
|switch|p2a: Lopunny|Lopunny, F|271\/271
|turn|1
|
|switch|p2a: Latios|Latios, M|301\/301
|move|p1a: Rotom-Wash|Will-O-Wisp|p2a: Latios
|-status|p2a: Latios|brn
|
|-damage|p2a: Latios|264\/301 brn|[from] brn
|turn|2
|
|switch|p2a: Garchomp|Garchomp, M|357\/357
|switch|p1a: Ferrothorn|Ferrothorn, M|352\/352
|
|turn|3
|
|switch|p1a: Rotom-Wash|Rotom-Wash|304\/304
|move|p2a: Garchomp|Fire Blast|p1a: Rotom-Wash
|-resisted|p1a: Rotom-Wash
|-damage|p1a: Rotom-Wash|268\/304
|
|-heal|p1a: Rotom-Wash|287\/304|[from] item: Leftovers
|turn|4
|
|move|p2a: Garchomp|Stealth Rock|p1a: Rotom-Wash
|-sidestart|p1: Adri989898|move: Stealth Rock
|move|p1a: Rotom-Wash|Will-O-Wisp|p2a: Garchomp
|-status|p2a: Garchomp|brn
|
|-heal|p1a: Rotom-Wash|304\/304|[from] item: Leftovers
|-damage|p2a: Garchomp|313\/357 brn|[from] brn
|turn|5
|
|switch|p2a: Latios|Latios, M|264\/301 brn
|move|p1a: Rotom-Wash|Hydro Pump|p2a: Latios
|-resisted|p2a: Latios
|-damage|p2a: Latios|202\/301 brn
|
|-damage|p2a: Latios|165\/301 brn|[from] brn
|turn|6
|
|switch|p2a: Garchomp|Garchomp, M|313\/357 brn
|switch|p1a: Ferrothorn|Ferrothorn, M|352\/352
|-damage|p1a: Ferrothorn|330\/352|[from] Stealth Rock
|
|-heal|p1a: Ferrothorn|352\/352|[from] item: Leftovers
|-damage|p2a: Garchomp|269\/357 brn|[from] brn
|turn|7
|
|switch|p2a: Gengar|Gengar, M|261\/261
|move|p1a: Ferrothorn|Protect|p1a: Ferrothorn
|-fail|p1a: Ferrothorn
|
|turn|8
|
|move|p2a: Gengar|Shadow Ball|p1a: Ferrothorn
|-damage|p1a: Ferrothorn|234\/352
|-unboost|p1a: Ferrothorn|spd|1
|-damage|p2a: Gengar|235\/261|[from] item: Life Orb
|move|p1a: Ferrothorn|Gyro Ball|p2a: Gengar
|-damage|p2a: Gengar|0 fnt
|faint|p2a: Gengar
|
|-heal|p1a: Ferrothorn|256\/352|[from] item: Leftovers
|
|switch|p2a: Lopunny|Lopunny, F|271\/271
|turn|9
|
|detailschange|p2a: Lopunny|Lopunny-Mega, F
|-mega|p2a: Lopunny|Lopunny|Lopunnite
|move|p1a: Ferrothorn|Protect|p1a: Ferrothorn
|-singleturn|p1a: Ferrothorn|Protect
|move|p2a: Lopunny|Drain Punch|p1a: Ferrothorn
|-activate|p1a: Ferrothorn|Protect
|
|-heal|p1a: Ferrothorn|278\/352|[from] item: Leftovers
|turn|10
|
|switch|p1a: Landorus-Therian|Landorus-Therian, M|320\/320
|-damage|p1a: Landorus-Therian|280\/320|[from] Stealth Rock
|-ability|p1a: Landorus-Therian|Intimidate|[of] p2a: Lopunny
|-unboost|p2a: Lopunny|atk|1
|move|p2a: Lopunny|Drain Punch|p1a: Landorus-Therian
|-resisted|p1a: Landorus-Therian
|-damage|p1a: Landorus-Therian|232\/320
|
|turn|11
|
|switch|p2a: Gyarados|Gyarados, F|353\/353
|-ability|p2a: Gyarados|Intimidate|[of] p1a: Landorus-Therian
|-unboost|p1a: Landorus-Therian|atk|1
|move|p1a: Landorus-Therian|U-turn|p2a: Gyarados
|-resisted|p2a: Gyarados
|-damage|p2a: Gyarados|315\/353
|
|switch|p1a: Zapdos|Zapdos|384\/384
|-damage|p1a: Zapdos|288\/384|[from] Stealth Rock
|-ability|p1a: Zapdos|Pressure
|
|-heal|p2a: Gyarados|337\/353|[from] item: Leftovers
|-heal|p1a: Zapdos|312\/384|[from] item: Leftovers
|turn|12
|
|switch|p2a: Bisharp|Bisharp, F|271\/271
|move|p1a: Zapdos|Defog|p2a: Bisharp
|-unboost|p2a: Bisharp|evasion|1
|-boost|p2a: Bisharp|atk|2|[from] ability: Defiant
|-sideend|p1: Adri989898|Stealth Rock|[from] move: Defog|[of] p1a: Zapdos
|
|-heal|p1a: Zapdos|336\/384|[from] item: Leftovers
|turn|13
|
|switch|p1a: Rotom-Wash|Rotom-Wash|304\/304
|move|p2a: Bisharp|Sucker Punch|p1a: Rotom-Wash
|-fail|p1a: Rotom-Wash
|
|turn|14
|
|move|p2a: Bisharp|Knock Off|p1a: Rotom-Wash
|-damage|p1a: Rotom-Wash|15\/304
|-enditem|p1a: Rotom-Wash|Leftovers|[from] move: Knock Off|[of] p2a: Bisharp
|-damage|p2a: Bisharp|244\/271|[from] item: Life Orb
|move|p1a: Rotom-Wash|Will-O-Wisp|p2a: Bisharp
|-status|p2a: Bisharp|brn
|
|-damage|p2a: Bisharp|211\/271 brn|[from] brn
|turn|15
|
|move|p2a: Bisharp|Knock Off|p1a: Rotom-Wash
|-damage|p1a: Rotom-Wash|0 fnt
|-damage|p2a: Bisharp|184\/271 brn|[from] item: Life Orb
|faint|p1a: Rotom-Wash
|
|-damage|p2a: Bisharp|151\/271 brn|[from] brn
|
|switch|p1a: Metagross|Metagross, shiny|302\/302
|turn|16
|
|detailschange|p1a: Metagross|Metagross-Mega, shiny
|-mega|p1a: Metagross|Metagross|Metagrossite
|move|p1a: Metagross|Bullet Punch|p2a: Bisharp
|-resisted|p2a: Bisharp
|-damage|p2a: Bisharp|100\/271 brn
|move|p2a: Bisharp|Sucker Punch|p1a: Metagross
|-fail|p1a: Metagross
|
|-damage|p2a: Bisharp|67\/271 brn|[from] brn
|turn|17
|
|move|p2a: Bisharp|Sucker Punch|p1a: Metagross
|-supereffective|p1a: Metagross
|-damage|p1a: Metagross|52\/302
|-damage|p2a: Bisharp|40\/271 brn|[from] item: Life Orb
|move|p1a: Metagross|Meteor Mash|p2a: Bisharp
|-resisted|p2a: Bisharp
|-damage|p2a: Bisharp|0 fnt
|faint|p2a: Bisharp
|
|
|switch|p2a: Lopunny|Lopunny-Mega, F|271\/271
|turn|18
|
|switch|p1a: Landorus-Therian|Landorus-Therian, M|232\/320
|-ability|p1a: Landorus-Therian|Intimidate|[of] p2a: Lopunny
|-unboost|p2a: Lopunny|atk|1
|move|p2a: Lopunny|Ice Punch|p1a: Landorus-Therian
|-supereffective|p1a: Landorus-Therian
|-damage|p1a: Landorus-Therian|0 fnt
|faint|p1a: Landorus-Therian
|
|
|switch|p1a: Ferrothorn|Ferrothorn, M|278\/352
|turn|19
|
|switch|p2a: Garchomp|Garchomp, M|269\/357 brn
|move|p1a: Ferrothorn|Leech Seed|p2a: Garchomp
|-start|p2a: Garchomp|move: Leech Seed
|
|-heal|p1a: Ferrothorn|300\/352|[from] item: Leftovers
|-damage|p2a: Garchomp|225\/357 brn|[from] Leech Seed|[of] p1a: Ferrothorn
|-heal|p1a: Ferrothorn|344\/352|[silent]
|-damage|p2a: Garchomp|181\/357 brn|[from] brn
|turn|20
|
|switch|p1a: Zapdos|Zapdos|336\/384
|-ability|p1a: Zapdos|Pressure
|move|p2a: Garchomp|Stealth Rock|p1a: Zapdos
|-sidestart|p1: Adri989898|move: Stealth Rock
|
|-heal|p1a: Zapdos|360\/384|[from] item: Leftovers
|-damage|p2a: Garchomp|137\/357 brn|[from] Leech Seed|[of] p1a: Zapdos
|-heal|p1a: Zapdos|384\/384|[silent]
|-damage|p2a: Garchomp|93\/357 brn|[from] brn
|turn|21
|
|switch|p2a: Latios|Latios, M|165\/301 brn
|move|p1a: Zapdos|Defog|p2a: Latios
|-unboost|p2a: Latios|evasion|1
|-sideend|p1: Adri989898|Stealth Rock|[from] move: Defog|[of] p1a: Zapdos
|
|-damage|p2a: Latios|128\/301 brn|[from] brn
|turn|22
|
|switch|p2a: Garchomp|Garchomp, M|93\/357 brn
|move|p1a: Zapdos|Thunderbolt|p2a: Garchomp
|-immune|p2a: Garchomp|[msg]
|
|-damage|p2a: Garchomp|49\/357 brn|[from] brn
|turn|23
|
|move|p2a: Garchomp|Stealth Rock|p1a: Zapdos
|-sidestart|p1: Adri989898|move: Stealth Rock
|move|p1a: Zapdos|Defog|p2a: Garchomp
|-unboost|p2a: Garchomp|evasion|1
|-sideend|p1: Adri989898|Stealth Rock|[from] move: Defog|[of] p1a: Zapdos
|
|-damage|p2a: Garchomp|5\/357 brn|[from] brn
|turn|24
|
|move|p2a: Garchomp|Fire Blast|p1a: Zapdos
|-damage|p1a: Zapdos|307\/384
|move|p1a: Zapdos|Defog|p2a: Garchomp
|-unboost|p2a: Garchomp|evasion|1
|
|-heal|p1a: Zapdos|331\/384|[from] item: Leftovers
|-damage|p2a: Garchomp|0 fnt|[from] brn
|faint|p2a: Garchomp
|
|switch|p2a: Lopunny|Lopunny-Mega, F|271\/271
|turn|25
|
|switch|p1a: Ferrothorn|Ferrothorn, M|344\/352
|move|p2a: Lopunny|Ice Punch|p1a: Ferrothorn
|-damage|p1a: Ferrothorn|273\/352
|-damage|p2a: Lopunny|238\/271|[from] ability: Iron Barbs|[of] p1a: Ferrothorn
|
|-heal|p1a: Ferrothorn|295\/352|[from] item: Leftovers
|turn|26
|
|switch|p2a: Gyarados|Gyarados, F|337\/353
|-ability|p2a: Gyarados|Intimidate|[of] p1a: Ferrothorn
|-unboost|p1a: Ferrothorn|atk|1
|move|p1a: Ferrothorn|Leech Seed|p2a: Gyarados
|-start|p2a: Gyarados|move: Leech Seed
|
|-heal|p2a: Gyarados|353\/353|[from] item: Leftovers
|-heal|p1a: Ferrothorn|317\/352|[from] item: Leftovers
|-damage|p2a: Gyarados|309\/353|[from] Leech Seed|[of] p1a: Ferrothorn
|-heal|p1a: Ferrothorn|352\/352|[silent]
|turn|27
|
|switch|p2a: Lopunny|Lopunny-Mega, F|238\/271
|switch|p1a: Zapdos|Zapdos|331\/384
|-ability|p1a: Zapdos|Pressure
|
|-heal|p1a: Zapdos|355\/384|[from] item: Leftovers
|turn|28
|
|move|p2a: Lopunny|Drain Punch|p1a: Zapdos
|-resisted|p1a: Zapdos
|-damage|p1a: Zapdos|292\/384
|-heal|p2a: Lopunny|270\/271|[from] drain|[of] p1a: Zapdos
|move|p1a: Zapdos|Thunderbolt|p2a: Lopunny
|-damage|p2a: Lopunny|114\/271
|
|-heal|p1a: Zapdos|316\/384|[from] item: Leftovers
|turn|29
|
|move|p2a: Lopunny|Drain Punch|p1a: Zapdos
|-resisted|p1a: Zapdos
|-damage|p1a: Zapdos|260\/384
|-heal|p2a: Lopunny|142\/271|[from] drain|[of] p1a: Zapdos
|move|p1a: Zapdos|Thunderbolt|p2a: Lopunny
|-damage|p2a: Lopunny|0 fnt
|faint|p2a: Lopunny
|
|-heal|p1a: Zapdos|284\/384|[from] item: Leftovers
|
|switch|p2a: Latios|Latios, M|128\/301 brn
|turn|30
|
|switch|p1a: Ferrothorn|Ferrothorn, M|352\/352
|move|p2a: Latios|Draco Meteor|p1a: Ferrothorn
|-resisted|p1a: Ferrothorn
|-damage|p1a: Ferrothorn|253\/352
|-unboost|p2a: Latios|spa|2
|-damage|p2a: Latios|98\/301 brn|[from] item: Life Orb
|
|-heal|p1a: Ferrothorn|275\/352|[from] item: Leftovers
|-damage|p2a: Latios|61\/301 brn|[from] brn
|turn|31
|
|move|p2a: Latios|Earthquake|p1a: Ferrothorn
|-damage|p1a: Ferrothorn|236\/352
|-damage|p2a: Latios|31\/301 brn|[from] item: Life Orb
|move|p1a: Ferrothorn|Stealth Rock|p2a: Latios
|-sidestart|p2: njjj|move: Stealth Rock
|
|-heal|p1a: Ferrothorn|258\/352|[from] item: Leftovers
|-damage|p2a: Latios|0 fnt|[from] brn
|faint|p2a: Latios
|
|switch|p2a: Gyarados|Gyarados, F|309\/353
|-damage|p2a: Gyarados|221\/353|[from] Stealth Rock
|-ability|p2a: Gyarados|Intimidate|[of] p1a: Ferrothorn
|-unboost|p1a: Ferrothorn|atk|1
|turn|32
|
|move|p2a: Gyarados|Substitute|p2a: Gyarados
|-start|p2a: Gyarados|Substitute
|-damage|p2a: Gyarados|133\/353
|move|p1a: Ferrothorn|Leech Seed|p2a: Gyarados
|
|-heal|p2a: Gyarados|155\/353|[from] item: Leftovers
|-heal|p1a: Ferrothorn|280\/352|[from] item: Leftovers
|turn|33
|
|switch|p1a: Zapdos|Zapdos|284\/384
|-ability|p1a: Zapdos|Pressure
|move|p2a: Gyarados|Dragon Dance|p2a: Gyarados
|-boost|p2a: Gyarados|atk|1
|-boost|p2a: Gyarados|spe|1
|
|-heal|p2a: Gyarados|177\/353|[from] item: Leftovers
|-heal|p1a: Zapdos|308\/384|[from] item: Leftovers
|turn|34
|
|move|p2a: Gyarados|Dragon Dance|p2a: Gyarados
|-boost|p2a: Gyarados|atk|1
|-boost|p2a: Gyarados|spe|1
|move|p1a: Zapdos|Thunderbolt|p2a: Gyarados
|-supereffective|p2a: Gyarados
|-end|p2a: Gyarados|Substitute
|
|-heal|p2a: Gyarados|199\/353|[from] item: Leftovers
|-heal|p1a: Zapdos|332\/384|[from] item: Leftovers
|turn|35
|
|move|p2a: Gyarados|Substitute|p2a: Gyarados
|-start|p2a: Gyarados|Substitute
|-damage|p2a: Gyarados|111\/353
|move|p1a: Zapdos|Thunderbolt|p2a: Gyarados
|-supereffective|p2a: Gyarados
|-end|p2a: Gyarados|Substitute
|
|-heal|p2a: Gyarados|133\/353|[from] item: Leftovers
|-heal|p1a: Zapdos|356\/384|[from] item: Leftovers
|turn|36
|
|move|p2a: Gyarados|Waterfall|p1a: Zapdos
|-damage|p1a: Zapdos|116\/384
|move|p1a: Zapdos|Thunderbolt|p2a: Gyarados
|-supereffective|p2a: Gyarados
|-damage|p2a: Gyarados|0 fnt
|faint|p2a: Gyarados
|
|win|Adri989898
|raw|Ladder updating...
|raw|Adri989898's rating: 1611 &rarr; <strong>1626<\/strong><br \/>(+15 for winning)
|raw|njjj's rating: 1524 &rarr; <strong>1509<\/strong><br \/>(-15 for losing)
|leave|njjj
|player|p2