|join|Adri989898
|join|bizarman
|player|p1|Adri989898|99
|player|p2|bizarman|42
|gametype|singles
|gen|6
|tier|OU
|rated
|clearpoke
|poke|p1|Metagross, shiny
|poke|p1|Zapdos
|poke|p1|Manaphy
|poke|p1|Heatran, M
|poke|p1|Ferrothorn, F
|poke|p1|Landorus-Therian, M
|poke|p2|Diancie
|poke|p2|Magnezone
|poke|p2|Manaphy
|poke|p2|Landorus-Therian, M
|poke|p2|Dragonite, F
|poke|p2|Scizor, M
|rule|Swagger Clause: Swagger is banned
|rule|Baton Pass Clause: Limit one PokÃ©mon knowing Baton Pass
|rule|Sleep Clause Mod: Limit one foe put to sleep
|rule|Species Clause: Limit one of each PokÃ©mon
|rule|OHKO Clause: OHKO moves are banned
|rule|Moody Clause: Moody is banned
|rule|Evasion Moves Clause: Evasion moves are banned
|rule|Endless Battle Clause: Forcing endless battles is banned
|rule|HP Percentage Mod: HP is shown in percentages
|teampreview
|
|start
|switch|p1a: Landorus-Therian|Landorus-Therian, M|320\/320
|switch|p2a: Manaphy|Manaphy|341\/341
|-ability|p1a: Landorus-Therian|Intimidate|[of] p2a: Manaphy
|-unboost|p2a: Manaphy|atk|1
|turn|1
|
|switch|p2a: Magnezone|Magnezone|281\/281
|move|p1a: Landorus-Therian|U-turn|p2a: Magnezone
|-resisted|p2a: Magnezone
|-damage|p2a: Magnezone|241\/281
|
|switch|p1a: Heatran|Heatran, M|386\/386
|
|turn|2
|
|switch|p2a: Diancie|Diancie|241\/241
|move|p1a: Heatran|Lava Plume|p2a: Diancie
|-resisted|p2a: Diancie
|-damage|p2a: Diancie|193\/241
|-status|p2a: Diancie|brn
|
|-damage|p2a: Diancie|163\/241 brn|[from] brn
|turn|3
|
|switch|p1a: Ferrothorn|Ferrothorn, F|352\/352
|detailschange|p2a: Diancie|Diancie-Mega
|-mega|p2a: Diancie|Diancie|Diancite
|move|p2a: Diancie|Earth Power|p1a: Ferrothorn
|-damage|p1a: Ferrothorn|243\/352
|
|-heal|p1a: Ferrothorn|265\/352|[from] item: Leftovers
|-damage|p2a: Diancie|133\/241 brn|[from] brn
|turn|4
|
|switch|p2a: Magnezone|Magnezone|241\/281
|switch|p1a: Landorus-Therian|Landorus-Therian, M|320\/320
|-ability|p1a: Landorus-Therian|Intimidate|[of] p2a: Magnezone
|-unboost|p2a: Magnezone|atk|1
|
|turn|5
|
|switch|p2a: Landorus-Therian|Landorus-Therian, M|320\/320
|-ability|p2a: Landorus-Therian|Intimidate|[of] p1a: Landorus-Therian
|-unboost|p1a: Landorus-Therian|atk|1
|move|p1a: Landorus-Therian|Knock Off|p2a: Landorus-Therian
|-damage|p2a: Landorus-Therian|227\/320
|-enditem|p2a: Landorus-Therian|Choice Scarf|[from] move: Knock Off|[of] p1a: Landorus-Therian
|
|turn|6
|
|switch|p1a: Ferrothorn|Ferrothorn, F|265\/352
|move|p2a: Landorus-Therian|U-turn|p1a: Ferrothorn
|-damage|p1a: Ferrothorn|212\/352
|-damage|p2a: Landorus-Therian|187\/320|[from] ability: Iron Barbs|[of] p1a: Ferrothorn
|
|switch|p2a: Magnezone|Magnezone|241\/281
|
|-heal|p1a: Ferrothorn|234\/352|[from] item: Leftovers
|turn|7
|
|move|p1a: Ferrothorn|Protect|p1a: Ferrothorn
|-singleturn|p1a: Ferrothorn|Protect
|move|p2a: Magnezone|Hidden Power|p1a: Ferrothorn
|-activate|p1a: Ferrothorn|Protect
|
|-heal|p1a: Ferrothorn|256\/352|[from] item: Leftovers
|turn|8
|
|move|p2a: Magnezone|Hidden Power|p1a: Ferrothorn
|-supereffective|p1a: Ferrothorn
|-damage|p1a: Ferrothorn|0 fnt
|faint|p1a: Ferrothorn
|
|
|switch|p1a: Manaphy|Manaphy|341\/341
|turn|9
|
|switch|p2a: Dragonite|Dragonite, F|324\/324
|move|p1a: Manaphy|Tail Glow|p1a: Manaphy
|-boost|p1a: Manaphy|spa|3
|
|turn|10
|
|move|p1a: Manaphy|Ice Beam|p2a: Dragonite
|-supereffective|p2a: Dragonite
|-damage|p2a: Dragonite|0 fnt
|faint|p2a: Dragonite
|
|
|switch|p2a: Manaphy|Manaphy|341\/341
|turn|11
|
|move|p2a: Manaphy|Tail Glow|p2a: Manaphy
|-boost|p2a: Manaphy|spa|3
|move|p1a: Manaphy|Energy Ball|p2a: Manaphy
|-supereffective|p2a: Manaphy
|-damage|p2a: Manaphy|0 fnt
|faint|p2a: Manaphy
|
|
|switch|p2a: Diancie|Diancie-Mega|133\/241 brn
|turn|12
|c|âbizarman|gg
|c|âAdri989898|gg
|
|move|p2a: Diancie|Moonblast|p1a: Manaphy
|-damage|p1a: Manaphy|151\/341
|-unboost|p1a: Manaphy|spa|1
|move|p1a: Manaphy|Surf|p2a: Diancie
|-supereffective|p2a: Diancie
|-damage|p2a: Diancie|0 fnt
|faint|p2a: Diancie
|
|-heal|p1a: Manaphy|172\/341|[from] item: Leftovers
|
|switch|p2a: Magnezone|Magnezone|241\/281
|turn|13
|
|move|p1a: Manaphy|Surf|p2a: Magnezone
|-damage|p2a: Magnezone|0 fnt
|faint|p2a: Magnezone
|
|-heal|p1a: Manaphy|193\/341|[from] item: Leftovers
|
|switch|p2a: Scizor|Scizor, M|344\/344
|turn|14
|
|move|p1a: Manaphy|Surf|p2a: Scizor
|-damage|p2a: Scizor|43\/344
|move|p2a: Scizor|U-turn|p1a: Manaphy
|-crit|p1a: Manaphy
|-damage|p1a: Manaphy|36\/341
|
|switch|p2a: Landorus-Therian|Landorus-Therian, M|187\/320
|-ability|p2a: Landorus-Therian|Intimidate|[of] p1a: Manaphy
|-unboost|p1a: Manaphy|atk|1
|
|-heal|p1a: Manaphy|57\/341|[from] item: Leftovers
|turn|15
|
|move|p1a: Manaphy|Surf|p2a: Landorus-Therian
|-supereffective|p2a: Landorus-Therian
|-damage|p2a: Landorus-Therian|0 fnt
|faint|p2a: Landorus-Therian
|
|-heal|p1a: Manaphy|78\/341|[from] item: Leftovers
|
|switch|p2a: Scizor|Scizor, M|43\/344
|turn|16
|
|move|p2a: Scizor|Bullet Punch|p1a: Manaphy
|-resisted|p1a: Manaphy
|-damage|p1a: Manaphy|30\/341
|move|p1a: Manaphy|Surf|p2a: Scizor
|-damage|p2a: Scizor|0 fnt
|faint|p2a: Scizor
|
|win|Adri989898
|raw|Ladder updating...
|raw|Adri989898's rating: 1660 &rarr; <strong>1673<\/strong><br \/>(+13 for winning)
|raw|bizarman's rating: 1531 &rarr; <strong>1518<\/strong><br \/>(-13 for losing)
|leave|bizarman