|join|Adri989898
|join|Kolu
|player|p1|Adri989898|99
|player|p2|Kolu|290
|gametype|singles
|gen|6
|tier|OU
|rated
|clearpoke
|poke|p1|Metagross, shiny
|poke|p1|Zapdos
|poke|p1|Manaphy
|poke|p1|Heatran, F
|poke|p1|Rotom-Wash
|poke|p1|Landorus-Therian, M
|poke|p2|Infernape, F
|poke|p2|Gliscor, F
|poke|p2|Gothitelle, M
|poke|p2|Dragonite, M
|poke|p2|Talonflame, F
|poke|p2|Staraptor, F
|rule|Swagger Clause: Swagger is banned
|rule|Baton Pass Clause: Limit one PokÃ©mon knowing Baton Pass
|rule|Sleep Clause Mod: Limit one foe put to sleep
|rule|Species Clause: Limit one of each PokÃ©mon
|rule|OHKO Clause: OHKO moves are banned
|rule|Moody Clause: Moody is banned
|rule|Evasion Moves Clause: Evasion moves are banned
|rule|Endless Battle Clause: Forcing endless battles is banned
|rule|HP Percentage Mod: HP is shown in percentages
|teampreview
|c|âAdri989898|flyspam counter team
|
|start
|switch|p1a: Landorus-Therian|Landorus-Therian, M|320\/320
|switch|p2a: Infernape|Infernape, F|294\/294
|-ability|p1a: Landorus-Therian|Intimidate|[of] p2a: Infernape
|-unboost|p2a: Infernape|atk|1
|turn|1
|
|move|p1a: Landorus-Therian|U-turn|p2a: Infernape
|-resisted|p2a: Infernape
|-damage|p2a: Infernape|267\/294
|
|switch|p1a: Rotom-Wash|Rotom-Wash|304\/304
|move|p2a: Infernape|Stealth Rock|p1a: Rotom-Wash
|-sidestart|p1: Adri989898|move: Stealth Rock
|
|turn|2
|
|move|p2a: Infernape|Fire Blast|p1a: Rotom-Wash
|-resisted|p1a: Rotom-Wash
|-damage|p1a: Rotom-Wash|218\/304
|move|p1a: Rotom-Wash|Hydro Pump|p2a: Infernape
|-supereffective|p2a: Infernape
|-damage|p2a: Infernape|0 fnt
|faint|p2a: Infernape
|
|-heal|p1a: Rotom-Wash|237\/304|[from] item: Leftovers
|
|switch|p2a: Dragonite|Dragonite, M|385\/385
|turn|3
|
|move|p1a: Rotom-Wash|Will-O-Wisp|p2a: Dragonite
|-status|p2a: Dragonite|brn
|move|p2a: Dragonite|Outrage|p1a: Rotom-Wash
|-damage|p1a: Rotom-Wash|104\/304
|
|-heal|p1a: Rotom-Wash|123\/304|[from] item: Leftovers
|-damage|p2a: Dragonite|337\/385 brn|[from] brn
|turn|4
|
|move|p1a: Rotom-Wash|Volt Switch|p2a: Dragonite
|-damage|p2a: Dragonite|246\/385 brn
|
|switch|p1a: Heatran|Heatran, F|386\/386
|-damage|p1a: Heatran|338\/386|[from] Stealth Rock
|move|p2a: Dragonite|Outrage|p1a: Heatran
|-resisted|p1a: Heatran
|-damage|p1a: Heatran|251\/386
|
|-heal|p1a: Heatran|275\/386|[from] item: Leftovers
|-damage|p2a: Dragonite|198\/385 brn|[from] brn
|turn|5
|raw|<div class="broadcast-blue"><b>Seasonal has just gotten a balance update!<\/b><\/div>
|
|switch|p1a: Metagross|Metagross, shiny|302\/302
|-damage|p1a: Metagross|284\/302|[from] Stealth Rock
|move|p2a: Dragonite|Outrage|p1a: Metagross
|-resisted|p1a: Metagross
|-damage|p1a: Metagross|208\/302
|
|-end|p2a: Dragonite|rampage
|-start|p2a: Dragonite|confusion
|-damage|p2a: Dragonite|150\/385 brn|[from] brn
|turn|6
|
|detailschange|p1a: Metagross|Metagross-Mega, shiny
|-mega|p1a: Metagross|Metagross|Metagrossite
|move|p1a: Metagross|Ice Punch|p2a: Dragonite
|-supereffective|p2a: Dragonite
|-damage|p2a: Dragonite|0 fnt
|faint|p2a: Dragonite
|
|
|switch|p2a: Talonflame|Talonflame, F|297\/297
|turn|7
|
|switch|p1a: Heatran|Heatran, F|275\/386
|-damage|p1a: Heatran|227\/386|[from] Stealth Rock
|move|p2a: Talonflame|U-turn|p1a: Heatran
|-resisted|p1a: Heatran
|-damage|p1a: Heatran|204\/386
|
|switch|p2a: Gothitelle|Gothitelle, M|301\/301
|
|-heal|p1a: Heatran|228\/386|[from] item: Leftovers
|turn|8
|
|move|p2a: Gothitelle|Trick|p1a: Heatran
|-activate|p2a: Gothitelle|move: Trick|[of] p1a: Heatran
|-item|p1a: Heatran|Choice Scarf|[from] move: Trick
|-item|p2a: Gothitelle|Leftovers|[from] move: Trick
|move|p1a: Heatran|Roar|p2a: Gothitelle
|drag|p2a: Talonflame|Talonflame, F|297\/297
|
|turn|9
|
|switch|p1a: Rotom-Wash|Rotom-Wash|123\/304
|-damage|p1a: Rotom-Wash|85\/304|[from] Stealth Rock
|move|p2a: Talonflame|U-turn|p1a: Rotom-Wash
|-damage|p1a: Rotom-Wash|22\/304
|
|switch|p2a: Staraptor|Staraptor, F|329\/329
|
|-heal|p1a: Rotom-Wash|41\/304|[from] item: Leftovers
|turn|10
|
|move|p2a: Staraptor|U-turn|p1a: Rotom-Wash
|-damage|p1a: Rotom-Wash|0 fnt
|faint|p1a: Rotom-Wash
|
|switch|p2a: Gothitelle|Gothitelle, M|301\/301
|
|
|switch|p1a: Zapdos|Zapdos|384\/384
|-damage|p1a: Zapdos|288\/384|[from] Stealth Rock
|-ability|p1a: Zapdos|Pressure
|turn|11
|
|move|p2a: Gothitelle|Calm Mind|p2a: Gothitelle
|-boost|p2a: Gothitelle|spa|1
|-boost|p2a: Gothitelle|spd|1
|move|p1a: Zapdos|Defog|p2a: Gothitelle
|-unboost|p2a: Gothitelle|evasion|1
|-sideend|p1: Adri989898|Stealth Rock|[from] move: Defog|[of] p1a: Zapdos
|
|-heal|p1a: Zapdos|312\/384|[from] item: Leftovers
|turn|12
|
|move|p2a: Gothitelle|Calm Mind|p2a: Gothitelle
|-boost|p2a: Gothitelle|spa|1
|-boost|p2a: Gothitelle|spd|1
|move|p1a: Zapdos|Thunderbolt|p2a: Gothitelle
|-damage|p2a: Gothitelle|247\/301
|
|-heal|p2a: Gothitelle|265\/301|[from] item: Leftovers
|-heal|p1a: Zapdos|336\/384|[from] item: Leftovers
|turn|13
|
|move|p2a: Gothitelle|Dark Pulse|p1a: Zapdos
|-damage|p1a: Zapdos|193\/384
|move|p1a: Zapdos|Thunderbolt|p2a: Gothitelle
|-damage|p2a: Gothitelle|205\/301
|
|-heal|p2a: Gothitelle|223\/301|[from] item: Leftovers
|-heal|p1a: Zapdos|217\/384|[from] item: Leftovers
|turn|14
|
|move|p2a: Gothitelle|Calm Mind|p2a: Gothitelle
|-boost|p2a: Gothitelle|spa|1
|-boost|p2a: Gothitelle|spd|1
|move|p1a: Zapdos|Thunderbolt|p2a: Gothitelle
|-damage|p2a: Gothitelle|172\/301
|
|-heal|p2a: Gothitelle|190\/301|[from] item: Leftovers
|-heal|p1a: Zapdos|241\/384|[from] item: Leftovers
|turn|15
|
|move|p2a: Gothitelle|Calm Mind|p2a: Gothitelle
|-boost|p2a: Gothitelle|spa|1
|-boost|p2a: Gothitelle|spd|1
|move|p1a: Zapdos|Thunderbolt|p2a: Gothitelle
|-damage|p2a: Gothitelle|147\/301
|
|-heal|p2a: Gothitelle|165\/301|[from] item: Leftovers
|-heal|p1a: Zapdos|265\/384|[from] item: Leftovers
|turn|16
|
|move|p2a: Gothitelle|Calm Mind|p2a: Gothitelle
|-boost|p2a: Gothitelle|spa|1
|-boost|p2a: Gothitelle|spd|1
|move|p1a: Zapdos|Thunderbolt|p2a: Gothitelle
|-damage|p2a: Gothitelle|134\/301
|
|-heal|p2a: Gothitelle|152\/301|[from] item: Leftovers
|-heal|p1a: Zapdos|289\/384|[from] item: Leftovers
|turn|17
|
|move|p2a: Gothitelle|Calm Mind|p2a: Gothitelle
|-boost|p2a: Gothitelle|spa|1
|-boost|p2a: Gothitelle|spd|1
|move|p1a: Zapdos|Thunderbolt|p2a: Gothitelle
|-damage|p2a: Gothitelle|121\/301
|
|-heal|p2a: Gothitelle|139\/301|[from] item: Leftovers
|-heal|p1a: Zapdos|313\/384|[from] item: Leftovers
|turn|18
|
|move|p2a: Gothitelle|Rest|p2a: Gothitelle
|-status|p2a: Gothitelle|slp
|-heal|p2a: Gothitelle|301\/301 slp|[silent]
|-status|p2a: Gothitelle|slp|[from] move: Rest
|move|p1a: Zapdos|Thunderbolt|p2a: Gothitelle
|-damage|p2a: Gothitelle|271\/301 slp
|
|-heal|p2a: Gothitelle|289\/301 slp|[from] item: Leftovers
|-heal|p1a: Zapdos|337\/384|[from] item: Leftovers
|turn|19
|
|cant|p2a: Gothitelle|slp
|move|p1a: Zapdos|Thunderbolt|p2a: Gothitelle
|-damage|p2a: Gothitelle|261\/301 slp
|
|-heal|p2a: Gothitelle|279\/301 slp|[from] item: Leftovers
|-heal|p1a: Zapdos|361\/384|[from] item: Leftovers
|turn|20
|
|cant|p2a: Gothitelle|slp
|move|p1a: Zapdos|Thunderbolt|p2a: Gothitelle
|-damage|p2a: Gothitelle|252\/301 slp
|
|-heal|p2a: Gothitelle|270\/301 slp|[from] item: Leftovers
|-heal|p1a: Zapdos|384\/384|[from] item: Leftovers
|turn|21
|
|-curestatus|p2a: Gothitelle|slp
|move|p2a: Gothitelle|Dark Pulse|p1a: Zapdos
|-damage|p1a: Zapdos|110\/384
|move|p1a: Zapdos|Thunderbolt|p2a: Gothitelle
|-damage|p2a: Gothitelle|239\/301
|
|-heal|p2a: Gothitelle|257\/301|[from] item: Leftovers
|-heal|p1a: Zapdos|134\/384|[from] item: Leftovers
|turn|22
|
|move|p2a: Gothitelle|Dark Pulse|p1a: Zapdos
|-damage|p1a: Zapdos|0 fnt
|faint|p1a: Zapdos
|
|-heal|p2a: Gothitelle|275\/301|[from] item: Leftovers
|
|switch|p1a: Landorus-Therian|Landorus-Therian, M|320\/320
|-ability|p1a: Landorus-Therian|Intimidate|[of] p2a: Gothitelle
|-unboost|p2a: Gothitelle|atk|1
|turn|23
|
|move|p1a: Landorus-Therian|Knock Off|p2a: Gothitelle
|-supereffective|p2a: Gothitelle
|-damage|p2a: Gothitelle|23\/301
|-enditem|p2a: Gothitelle|Leftovers|[from] move: Knock Off|[of] p1a: Landorus-Therian
|move|p2a: Gothitelle|Dark Pulse|p1a: Landorus-Therian
|-damage|p1a: Landorus-Therian|18\/320
|
|turn|24
|
|move|p1a: Landorus-Therian|Knock Off|p2a: Gothitelle
|-supereffective|p2a: Gothitelle
|-damage|p2a: Gothitelle|0 fnt
|faint|p2a: Gothitelle
|
|
|switch|p2a: Staraptor|Staraptor, F|329\/329
|turn|25
|
|move|p2a: Staraptor|Close Combat|p1a: Landorus-Therian
|-resisted|p1a: Landorus-Therian
|-damage|p1a: Landorus-Therian|0 fnt
|-unboost|p2a: Staraptor|def|1
|-unboost|p2a: Staraptor|spd|1
|faint|p1a: Landorus-Therian
|
|
|switch|p1a: Metagross|Metagross-Mega, shiny|208\/302
|turn|26
|
|switch|p2a: Gliscor|Gliscor, F|337\/337
|move|p1a: Metagross|Ice Punch|p2a: Gliscor
|-supereffective|p2a: Gliscor
|-damage|p2a: Gliscor|0 fnt
|faint|p2a: Gliscor
|
|
|switch|p2a: Talonflame|Talonflame, F|297\/297
|turn|27
|
|move|p2a: Talonflame|Brave Bird|p1a: Metagross
|-resisted|p1a: Metagross
|-damage|p1a: Metagross|110\/302
|-damage|p2a: Talonflame|265\/297|[from] recoil|[of] p1a: Metagross
|move|p1a: Metagross|Ice Punch|p2a: Talonflame
|-damage|p2a: Talonflame|90\/297
|-status|p2a: Talonflame|frz
|
|turn|28
|
|switch|p2a: Staraptor|Staraptor, F|329\/329
|move|p1a: Metagross|Meteor Mash|p2a: Staraptor
|-crit|p2a: Staraptor
|-damage|p2a: Staraptor|0 fnt
|faint|p2a: Staraptor
|
|
|switch|p2a: Talonflame|Talonflame, F|90\/297 frz
|turn|29
|
|move|p1a: Metagross|Bullet Punch|p2a: Talonflame
|-resisted|p2a: Talonflame
|-damage|p2a: Talonflame|25\/297 frz
|-curestatus|p2a: Talonflame|frz
|move|p2a: Talonflame|Flare Blitz|p1a: Metagross
|-supereffective|p1a: Metagross
|-damage|p1a: Metagross|0 fnt
|-damage|p2a: Talonflame|0 fnt|[from] recoil|[of] p1a: Metagross
|faint|p1a: Metagross
|faint|p2a: Talonflame
|
|win|Adri989898
|raw|Ladder updating...
|raw|Adri989898's rating: 1584 &rarr; <strong>1602<\/strong><br \/>(+18 for winning)
|raw|Kolu's rating: 1545 &rarr; <strong>1527<\/strong><br \/>(-18 for losing)
|c|âAdri989898|gg
|c|âKolu|didnt work so well eh
|leave|Kolu