|join|Adri989898
|join|raindancer1
|player|p1|Adri989898|99
|player|p2|raindancer1|1
|gametype|singles
|gen|6
|tier|OU
|rated
|clearpoke
|poke|p1|Gallade, M
|poke|p1|Zapdos
|poke|p1|Scizor, M
|poke|p1|Heatran, M
|poke|p1|Landorus-Therian, M
|poke|p1|Manaphy
|poke|p2|Latias, F
|poke|p2|Weavile, F
|poke|p2|Manaphy
|poke|p2|Kyurem-Black
|poke|p2|Tentacruel, F
|poke|p2|Politoed, M
|rule|Swagger Clause: Swagger is banned
|rule|Baton Pass Clause: Limit one PokÃ©mon knowing Baton Pass
|rule|Sleep Clause Mod: Limit one foe put to sleep
|rule|Species Clause: Limit one of each PokÃ©mon
|rule|OHKO Clause: OHKO moves are banned
|rule|Moody Clause: Moody is banned
|rule|Evasion Moves Clause: Evasion moves are banned
|rule|Endless Battle Clause: Forcing endless battles is banned
|rule|HP Percentage Mod: HP is shown in percentages
|teampreview
|
|start
|switch|p1a: Gallade|Gallade, M|278\/278
|switch|p2a: Weavile|Weavile, F|250\/250
|turn|1
|
|detailschange|p1a: Gallade|Gallade-Mega, M
|-mega|p1a: Gallade|Gallade|Galladite
|move|p2a: Weavile|Fake Out|p1a: Gallade
|-damage|p1a: Gallade|231\/278
|move|p1a: Gallade|Drain Punch|p2a: Weavile
|-supereffective|p2a: Weavile
|-enditem|p2a: Weavile|Focus Sash
|-damage|p2a: Weavile|1\/250
|-heal|p1a: Gallade|278\/278|[from] drain|[of] p2a: Weavile
|
|turn|2
|
|switch|p1a: Scizor|Scizor, M|343\/343
|move|p2a: Weavile|Ice Punch|p1a: Scizor
|-resisted|p1a: Scizor
|-damage|p1a: Scizor|283\/343
|
|turn|3
|
|move|p2a: Weavile|Knock Off|p1a: Scizor
|-damage|p1a: Scizor|111\/343
|-enditem|p1a: Scizor|Choice Band|[from] move: Knock Off|[of] p2a: Weavile
|move|p1a: Scizor|U-turn|p2a: Weavile
|-supereffective|p2a: Weavile
|-damage|p2a: Weavile|0 fnt
|faint|p2a: Weavile
|
|switch|p1a: Gallade|Gallade-Mega, M|278\/278
|
|
|switch|p2a: Latias|Latias, F|302\/302
|turn|4
|
|detailschange|p2a: Latias|Latias-Mega, F
|-mega|p2a: Latias|Latias|Latiasite
|move|p1a: Gallade|Knock Off|p2a: Latias
|-supereffective|p2a: Latias
|-damage|p2a: Latias|138\/302
|move|p2a: Latias|Dragon Pulse|p1a: Gallade
|-crit|p1a: Gallade
|-damage|p1a: Gallade|80\/278
|
|turn|5
|
|switch|p1a: Heatran|Heatran, M|386\/386
|move|p2a: Latias|Dragon Pulse|p1a: Heatran
|-resisted|p1a: Heatran
|-damage|p1a: Heatran|332\/386
|
|-heal|p1a: Heatran|356\/386|[from] item: Leftovers
|turn|6
|
|switch|p2a: Tentacruel|Tentacruel, F|362\/362
|move|p1a: Heatran|Stealth Rock|p2a: Tentacruel
|-sidestart|p2: raindancer1|move: Stealth Rock
|
|-heal|p1a: Heatran|380\/386|[from] item: Leftovers
|turn|7
|
|move|p2a: Tentacruel|Scald|p1a: Heatran
|-supereffective|p1a: Heatran
|-damage|p1a: Heatran|264\/386
|move|p1a: Heatran|Roar|p2a: Tentacruel
|drag|p2a: Kyurem-Black|Kyurem-Black|392\/392
|-damage|p2a: Kyurem-Black|294\/392|[from] Stealth Rock
|-ability|p2a: Kyurem-Black|Teravolt
|
|-heal|p1a: Heatran|288\/386|[from] item: Leftovers
|turn|8
|
|move|p2a: Kyurem-Black|Fusion Bolt|p1a: Heatran
|-damage|p1a: Heatran|141\/386
|move|p1a: Heatran|Lava Plume|p2a: Kyurem-Black
|-damage|p2a: Kyurem-Black|173\/392
|-status|p2a: Kyurem-Black|brn
|
|-heal|p1a: Heatran|165\/386|[from] item: Leftovers
|-damage|p2a: Kyurem-Black|124\/392 brn|[from] brn
|turn|9
|
|switch|p2a: Politoed|Politoed, M|322\/322
|-damage|p2a: Politoed|282\/322|[from] Stealth Rock
|-weather|RainDance
|move|p1a: Heatran|Lava Plume|p2a: Politoed
|-resisted|p2a: Politoed
|-damage|p2a: Politoed|259\/322
|-status|p2a: Politoed|brn
|
|-weather|RainDance|[upkeep]
|-heal|p1a: Heatran|189\/386|[from] item: Leftovers
|-damage|p2a: Politoed|219\/322 brn|[from] brn
|turn|10
|
|move|p2a: Politoed|Scald|p1a: Heatran
|-crit|p1a: Heatran
|-supereffective|p1a: Heatran
|-damage|p1a: Heatran|0 fnt
|faint|p1a: Heatran
|
|-weather|RainDance|[upkeep]
|-damage|p2a: Politoed|179\/322 brn|[from] brn
|
|switch|p1a: Manaphy|Manaphy|341\/341
|turn|11
|
|switch|p2a: Tentacruel|Tentacruel, F|362\/362
|-damage|p2a: Tentacruel|317\/362|[from] Stealth Rock
|move|p1a: Manaphy|Tail Glow|p1a: Manaphy
|-boost|p1a: Manaphy|spa|3
|
|-weather|RainDance|[upkeep]
|turn|12
|
|move|p1a: Manaphy|Tail Glow|p1a: Manaphy
|-boost|p1a: Manaphy|spa|3
|move|p2a: Tentacruel|Acid Spray|p1a: Manaphy
|-damage|p1a: Manaphy|302\/341
|-unboost|p1a: Manaphy|spd|2
|
|-weather|RainDance|[upkeep]
|-heal|p1a: Manaphy|323\/341|[from] item: Leftovers
|turn|13
|
|move|p1a: Manaphy|Energy Ball|p2a: Tentacruel
|-damage|p2a: Tentacruel|115\/362
|move|p2a: Tentacruel|Rapid Spin|p1a: Manaphy
|-damage|p1a: Manaphy|310\/341
|-sideend|p2: raindancer1|Stealth Rock|[from] move: Rapid Spin|[of] p2a: Tentacruel
|
|-weather|RainDance|[upkeep]
|-heal|p1a: Manaphy|331\/341|[from] item: Leftovers
|turn|14
|
|move|p1a: Manaphy|Energy Ball|p2a: Tentacruel
|-damage|p2a: Tentacruel|0 fnt
|faint|p2a: Tentacruel
|
|-weather|RainDance|[upkeep]
|-heal|p1a: Manaphy|341\/341|[from] item: Leftovers
|
|switch|p2a: Manaphy|Manaphy|400\/400
|turn|15
|c|âraindancer1|gg
|
|move|p1a: Manaphy|Energy Ball|p2a: Manaphy
|-supereffective|p2a: Manaphy
|-damage|p2a: Manaphy|0 fnt
|faint|p2a: Manaphy
|
|-weather|RainDance|[upkeep]
|c|âraindancer1|i should have gone for that second acid spray
|c|âAdri989898|gg
|
|switch|p2a: Latias|Latias-Mega, F|138\/302
|turn|16
|
|move|p2a: Latias|Dragon Pulse|p1a: Manaphy
|-damage|p1a: Manaphy|35\/341
|move|p1a: Manaphy|Ice Beam|p2a: Latias
|-supereffective|p2a: Latias
|-damage|p2a: Latias|0 fnt
|faint|p2a: Latias
|
|-weather|none
|-heal|p1a: Manaphy|56\/341|[from] item: Leftovers
|
|switch|p2a: Kyurem-Black|Kyurem-Black|124\/392 brn
|-ability|p2a: Kyurem-Black|Teravolt
|turn|17
|
|move|p2a: Kyurem-Black|Ice Beam|p1a: Manaphy
|-resisted|p1a: Manaphy
|-damage|p1a: Manaphy|0 fnt
|faint|p1a: Manaphy
|
|-damage|p2a: Kyurem-Black|75\/392 brn|[from] brn
|
|switch|p1a: Scizor|Scizor, M|111\/343
|turn|18
|
|switch|p2a: Politoed|Politoed, M|179\/322 brn
|-weather|RainDance
|move|p1a: Scizor|Bullet Punch|p2a: Politoed
|-resisted|p2a: Politoed
|-damage|p2a: Politoed|130\/322 brn
|
|-weather|RainDance|[upkeep]
|-damage|p2a: Politoed|90\/322 brn|[from] brn
|turn|19
|
|switch|p1a: Gallade|Gallade-Mega, M|80\/278
|move|p2a: Politoed|Scald|p1a: Gallade
|-damage|p1a: Gallade|0 fnt
|faint|p1a: Gallade
|
|-weather|RainDance|[upkeep]
|-damage|p2a: Politoed|50\/322 brn|[from] brn
|
|switch|p1a: Landorus-Therian|Landorus-Therian, M|319\/319
|-ability|p1a: Landorus-Therian|Intimidate|[of] p2a: Politoed
|-unboost|p2a: Politoed|atk|1
|turn|20
|-message|raindancer1 forfeited.
|leave|raindancer1
|
|win|Adri989898
|raw|Ladder updating...
|player|p2
|raw|Adri989898's rating: 1508 &rarr; <strong>1529<\/strong><br \/>(+21 for winning)
|raw|raindancer1's rating: 1515 &rarr; <strong>1495<\/strong><br \/>(-20 for losing)