|join|Iceblaze
|join|Adri989898
|player|p1|Iceblaze|25
|player|p2|Adri989898|99
|gametype|singles
|gen|6
|tier|OU
|clearpoke
|poke|p1|Manectric, M
|poke|p1|Keldeo
|poke|p1|Landorus-Therian, M
|poke|p1|Amoonguss, M
|poke|p1|Latias, F
|poke|p1|Talonflame, M
|poke|p2|Metagross, shiny
|poke|p2|Zapdos
|poke|p2|Manaphy
|poke|p2|Heatran, M
|poke|p2|Ferrothorn, M
|poke|p2|Landorus-Therian, M
|rule|Swagger Clause: Swagger is banned
|rule|Baton Pass Clause: Limit one PokÃ©mon knowing Baton Pass
|rule|Sleep Clause Mod: Limit one foe put to sleep
|rule|Species Clause: Limit one of each PokÃ©mon
|rule|OHKO Clause: OHKO moves are banned
|rule|Moody Clause: Moody is banned
|rule|Evasion Moves Clause: Evasion moves are banned
|rule|Endless Battle Clause: Forcing endless battles is banned
|rule|HP Percentage Mod: HP is shown in percentages
|teampreview
|
|start
|switch|p1a: Amoonguss|Amoonguss, M|432\/432
|switch|p2a: Landorus-Therian|Landorus-Therian, M|320\/320
|-ability|p2a: Landorus-Therian|Intimidate|[of] p1a: Amoonguss
|-unboost|p1a: Amoonguss|atk|1
|turn|1
|
|move|p2a: Landorus-Therian|U-turn|p1a: Amoonguss
|-damage|p1a: Amoonguss|317\/432
|join|Lyrk
|
|switch|p2a: Ferrothorn|Ferrothorn, M|352\/352
|move|p1a: Amoonguss|Spore|p2a: Ferrothorn
|-fail|p2a: Ferrothorn
|
|-heal|p1a: Amoonguss|344\/432|[from] item: Black Sludge
|turn|2
|
|switch|p1a: Manectric|Manectric, M|281\/281
|move|p2a: Ferrothorn|Leech Seed|p1a: Manectric
|-start|p1a: Manectric|move: Leech Seed
|
|-damage|p1a: Manectric|246\/281|[from] Leech Seed|[of] p2a: Ferrothorn
|turn|3
|c|âIceblaze|ah oui c'est vrai c'est le scarf
|
|detailschange|p1a: Manectric|Manectric-Mega, M
|-mega|p1a: Manectric|Manectric|Manectite
|-ability|p1a: Manectric|Intimidate|[of] p2a: Ferrothorn
|-unboost|p2a: Ferrothorn|atk|1
|move|p2a: Ferrothorn|Protect|p2a: Ferrothorn
|-singleturn|p2a: Ferrothorn|Protect
|move|p1a: Manectric|Volt Switch|p2a: Ferrothorn
|-activate|p2a: Ferrothorn|Protect
|
|-damage|p1a: Manectric|211\/281|[from] Leech Seed|[of] p2a: Ferrothorn
|turn|4
|
|switch|p2a: Heatran|Heatran, M|386\/386
|move|p1a: Manectric|Flamethrower|p2a: Heatran
|-start|p2a: Heatran|ability: Flash Fire
|
|-damage|p1a: Manectric|176\/281|[from] Leech Seed|[of] p2a: Heatran
|turn|5
|join|Gazaret
|
|move|p1a: Manectric|Volt Switch|p2a: Heatran
|-damage|p2a: Heatran|293\/386
|c|âIceblaze|hum
|c|âIceblaze|Ã§a fait un moment que j'ai pas jouÃ©
|
|switch|p1a: Landorus-Therian|Landorus-Therian, M|382\/382
|-ability|p1a: Landorus-Therian|Intimidate|[of] p2a: Heatran
|-unboost|p2a: Heatran|atk|1
|move|p2a: Heatran|Lava Plume|p1a: Landorus-Therian
|-damage|p1a: Landorus-Therian|159\/382
|-status|p1a: Landorus-Therian|brn
|
|-heal|p1a: Landorus-Therian|182\/382 brn|[from] item: Leftovers
|-heal|p2a: Heatran|317\/386|[from] item: Leftovers
|-damage|p1a: Landorus-Therian|135\/382 brn|[from] brn
|turn|6
|c| Gazaret|je jouerais p-e aprÃ¨s
|c|âIceblaze|t'as une luck de malade aujourd'hui
|
|switch|p2a: Ferrothorn|Ferrothorn, M|352\/352
|move|p1a: Landorus-Therian|Stealth Rock|p2a: Ferrothorn
|-sidestart|p2: Adri989898|move: Stealth Rock
|
|-heal|p1a: Landorus-Therian|158\/382 brn|[from] item: Leftovers
|-damage|p1a: Landorus-Therian|111\/382 brn|[from] brn
|turn|7
|c|âAdri989898|oui,apparemment
|c| Gazaret|(btw Adri, le cora MGross + Mana est super, j'ai aussi une team dessus)
|c|âAdri989898|oui,il est vraiment gÃ©nial
|
|switch|p1a: Talonflame|Talonflame, M|297\/297
|move|p2a: Ferrothorn|Stealth Rock|p1a: Talonflame
|-sidestart|p1: Iceblaze|move: Stealth Rock
|
|turn|8
|
|switch|p2a: Heatran|Heatran, M|317\/386
|-damage|p2a: Heatran|269\/386|[from] Stealth Rock
|move|p1a: Talonflame|U-turn|p2a: Heatran
|-resisted|p2a: Heatran
|-damage|p2a: Heatran|253\/386
|
|switch|p1a: Keldeo|Keldeo|323\/323
|-damage|p1a: Keldeo|303\/323|[from] Stealth Rock
|
|-heal|p2a: Heatran|277\/386|[from] item: Leftovers
|turn|9
|c| Gazaret|Ã§a me fait penser d'ailleurs, faut que je fasse mon match avec Vinc %)
|join|Shinyrio
|c|âIceblaze|adri a win vs lyr
|
|switch|p2a: Ferrothorn|Ferrothorn, M|352\/352
|-damage|p2a: Ferrothorn|330\/352|[from] Stealth Rock
|move|p1a: Keldeo|Scald|p2a: Ferrothorn
|-resisted|p2a: Ferrothorn
|-damage|p2a: Ferrothorn|237\/352
|-status|p2a: Ferrothorn|brn
|
|-heal|p2a: Ferrothorn|259\/352 brn|[from] item: Leftovers
|-damage|p2a: Ferrothorn|215\/352 brn|[from] brn
|turn|10
|c|âIceblaze|sur deux miss de hurricane
|
|switch|p1a: Latias|Latias, F|319\/319
|-damage|p1a: Latias|280\/319|[from] Stealth Rock
|switch|p2a: Metagross|Metagross, shiny|302\/302
|-damage|p2a: Metagross|284\/302|[from] Stealth Rock
|
|turn|11
|c|âIceblaze|faudra que je change un truc
|c|âIceblaze|ah flute
|
|detailschange|p2a: Metagross|Metagross-Mega, shiny
|-mega|p2a: Metagross|Metagross|Metagrossite
|move|p1a: Latias|Defog|p2a: Metagross
|-unboost|p2a: Metagross|evasion|1
|-sideend|p2: Adri989898|Stealth Rock|[from] move: Defog|[of] p2a: Metagross
|-sideend|p1: Iceblaze|Stealth Rock|[from] move: Defog|[of] p1a: Latias
|move|p2a: Metagross|Meteor Mash|p1a: Latias
|-damage|p1a: Latias|28\/319
|
|turn|12
|
|switch|p1a: Manectric|Manectric-Mega, M|176\/281
|-ability|p1a: Manectric|Intimidate|[of] p2a: Metagross
|-unboost|p2a: Metagross|atk|1
|move|p2a: Metagross|Hammer Arm|p1a: Manectric
|-damage|p1a: Manectric|41\/281
|-unboost|p2a: Metagross|spe|1
|
|turn|13
|c|âIceblaze|cancel qui ne marche pas
|
|move|p2a: Metagross|Bullet Punch|p1a: Manectric
|-crit|p1a: Manectric
|-resisted|p1a: Manectric
|-damage|p1a: Manectric|0 fnt
|faint|p1a: Manectric
|
|c|âAdri989898|j'ai eu la mÃªme chose contre Lyrk
|c|âIceblaze|je suis dans la merde
|c|âAdri989898|un peu,oui
|
|switch|p1a: Talonflame|Talonflame, M|297\/297
|turn|14
|c|âAdri989898|^^'
|c|âIceblaze|manec est mort je peux plus vraiment jouer
|
|switch|p2a: Heatran|Heatran, M|277\/386
|move|p1a: Talonflame|Flare Blitz|p2a: Heatran
|-start|p2a: Heatran|ability: Flash Fire
|
|-heal|p2a: Heatran|301\/386|[from] item: Leftovers
|turn|15
|
|move|p1a: Talonflame|U-turn|p2a: Heatran
|-resisted|p2a: Heatran
|-damage|p2a: Heatran|284\/386
|c|âIceblaze|je fais vraiment n'imp
|c| Gazaret|tu peux toujours utiliser Talon ou Keldeo comme win condition
|
|switch|p1a: Keldeo|Keldeo|303\/323
|move|p2a: Heatran|Toxic|p1a: Keldeo
|-status|p1a: Keldeo|tox
|
|-heal|p2a: Heatran|308\/386|[from] item: Leftovers
|-damage|p1a: Keldeo|283\/323 tox|[from] psn
|turn|16
|
|switch|p2a: Ferrothorn|Ferrothorn, M|215\/352 brn
|move|p1a: Keldeo|Secret Sword|p2a: Ferrothorn
|-supereffective|p2a: Ferrothorn
|-damage|p2a: Ferrothorn|0 fnt
|faint|p2a: Ferrothorn
|
|-damage|p1a: Keldeo|243\/323 tox|[from] psn
|
|switch|p2a: Landorus-Therian|Landorus-Therian, M|320\/320
|-ability|p2a: Landorus-Therian|Intimidate|[of] p1a: Keldeo
|-unboost|p1a: Keldeo|atk|1
|turn|17
|leave|Shinyrio
|
|switch|p1a: Latias|Latias, F|28\/319
|move|p2a: Landorus-Therian|U-turn|p1a: Latias
|-supereffective|p1a: Latias
|-damage|p1a: Latias|0 fnt
|faint|p1a: Latias
|
|switch|p2a: Metagross|Metagross-Mega, shiny|284\/302
|
|
|switch|p1a: Keldeo|Keldeo|243\/323 tox
|turn|18
|
|move|p2a: Metagross|Thunder Punch|p1a: Keldeo
|-supereffective|p1a: Keldeo
|-damage|p1a: Keldeo|0 fnt
|faint|p1a: Keldeo
|
|c|âIceblaze|ah merde
|c|âIceblaze|j'avais oubliÃ© qu'il Ã©tait plus rapide
|
|switch|p1a: Amoonguss|Amoonguss, M|432\/432
|turn|19
|
|move|p2a: Metagross|Meteor Mash|p1a: Amoonguss
|-crit|p1a: Amoonguss
|-damage|p1a: Amoonguss|0 fnt
|-boost|p2a: Metagross|atk|1
|faint|p1a: Amoonguss
|
|c|âAdri989898|ce haxx
|c|âIceblaze|bon ben gg
|
|switch|p1a: Landorus-Therian|Landorus-Therian, M|111\/382 brn
|-ability|p1a: Landorus-Therian|Intimidate|[of] p2a: Metagross
|-unboost|p2a: Metagross|atk|1
|turn|20
|join|Shinyrio
|c| Gazaret|pourquoi t'as pas envoyÃ© Talon? %)
|
|move|p2a: Metagross|Bullet Punch|p1a: Landorus-Therian
|-damage|p1a: Landorus-Therian|29\/382 brn
|move|p1a: Landorus-Therian|Earthquake|p2a: Metagross
|-supereffective|p2a: Metagross
|-damage|p2a: Metagross|176\/302
|
|-heal|p1a: Landorus-Therian|52\/382 brn|[from] item: Leftovers
|-damage|p1a: Landorus-Therian|5\/382 brn|[from] brn
|turn|21
|c|âAdri989898|j'ai vraiment du bol
|
|move|p2a: Metagross|Meteor Mash|p1a: Landorus-Therian
|-damage|p1a: Landorus-Therian|0 fnt
|faint|p1a: Landorus-Therian
|
|
|switch|p1a: Talonflame|Talonflame, M|297\/297
|turn|22
|
|move|p1a: Talonflame|Brave Bird|p2a: Metagross
|-resisted|p2a: Metagross
|-damage|p2a: Metagross|104\/302
|-damage|p1a: Talonflame|273\/297|[from] recoil|[of] p2a: Metagross
|move|p2a: Metagross|Thunder Punch|p1a: Talonflame
|-supereffective|p1a: Talonflame
|-damage|p1a: Talonflame|0 fnt
|faint|p1a: Talonflame
|
|win|Adri989898
|c|âIceblaze|mÃªme pas tran
|c|âAdri989898|gg
|c|âIceblaze|gg
|c|âIceblaze|rematch
|leave|Shinyrio
|c|âIceblaze|je veux ma revanche
|c|âAdri989898|si tu veux
|c|âAdri989898|^^
|c| Gazaret|renvoyez le lien
|leave|Iceblaze
|leave|Gazaret
|player|p1