|join|Adri989898
|join|CapitalBen
|player|p1|Adri989898|99
|player|p2|CapitalBen|169
|gametype|singles
|gen|6
|tier|OU
|rated
|clearpoke
|poke|p1|Metagross, shiny
|poke|p1|Zapdos
|poke|p1|Manaphy
|poke|p1|Heatran, M
|poke|p1|Conkeldurr, M
|poke|p1|Landorus-Therian, M
|poke|p2|Lopunny, M
|poke|p2|Heracross, F
|poke|p2|Magnezone
|poke|p2|Raikou
|poke|p2|Landorus-Therian, M
|poke|p2|Sylveon, F
|rule|Swagger Clause: Swagger is banned
|rule|Baton Pass Clause: Limit one PokÃ©mon knowing Baton Pass
|rule|Sleep Clause Mod: Limit one foe put to sleep
|rule|Species Clause: Limit one of each PokÃ©mon
|rule|OHKO Clause: OHKO moves are banned
|rule|Moody Clause: Moody is banned
|rule|Evasion Moves Clause: Evasion moves are banned
|rule|Endless Battle Clause: Forcing endless battles is banned
|rule|HP Percentage Mod: HP is shown in percentages
|teampreview
|
|start
|switch|p1a: Conkeldurr|Conkeldurr, M|413\/413
|switch|p2a: Sylveon|Sylveon, F|332\/332
|turn|1
|
|move|p2a: Sylveon|Hidden Power|p1a: Conkeldurr
|-damage|p1a: Conkeldurr|319\/413
|move|p1a: Conkeldurr|Poison Jab|p2a: Sylveon
|-supereffective|p2a: Sylveon
|-damage|p2a: Sylveon|0 fnt
|faint|p2a: Sylveon
|
|
|switch|p2a: Landorus-Therian|Landorus-Therian, M|338\/338
|-ability|p2a: Landorus-Therian|Intimidate|[of] p1a: Conkeldurr
|-unboost|p1a: Conkeldurr|atk|1
|turn|2
|
|move|p2a: Landorus-Therian|Stealth Rock|p1a: Conkeldurr
|-sidestart|p1: Adri989898|move: Stealth Rock
|move|p1a: Conkeldurr|Ice Punch|p2a: Landorus-Therian
|-supereffective|p2a: Landorus-Therian
|-damage|p2a: Landorus-Therian|74\/338
|
|turn|3
|
|switch|p2a: Heracross|Heracross, F|302\/302
|switch|p1a: Zapdos|Zapdos|384\/384
|-damage|p1a: Zapdos|288\/384|[from] Stealth Rock
|-ability|p1a: Zapdos|Pressure
|
|-heal|p1a: Zapdos|312\/384|[from] item: Leftovers
|turn|4
|
|move|p2a: Heracross|Knock Off|p1a: Zapdos
|-crit|p1a: Zapdos
|-damage|p1a: Zapdos|168\/384
|-enditem|p1a: Zapdos|Leftovers|[from] move: Knock Off|[of] p2a: Heracross
|move|p1a: Zapdos|Heat Wave|p2a: Heracross
|-supereffective|p2a: Heracross
|-damage|p2a: Heracross|106\/302
|
|turn|5
|
|switch|p2a: Raikou|Raikou|328\/328
|-ability|p2a: Raikou|Pressure
|move|p1a: Zapdos|Roost|p1a: Zapdos
|-heal|p1a: Zapdos|360\/384
|
|turn|6
|
|move|p2a: Raikou|Volt Switch|p1a: Zapdos
|-damage|p1a: Zapdos|240\/384
|
|switch|p2a: Lopunny|Lopunny, M|272\/272
|move|p1a: Zapdos|Roost|p1a: Zapdos
|-heal|p1a: Zapdos|384\/384
|
|turn|7
|
|detailschange|p2a: Lopunny|Lopunny-Mega, M
|-mega|p2a: Lopunny|Lopunny|Lopunnite
|move|p2a: Lopunny|Frustration|p1a: Zapdos
|-damage|p1a: Zapdos|230\/384
|move|p1a: Zapdos|Defog|p2a: Lopunny
|-unboost|p2a: Lopunny|evasion|1
|-sideend|p1: Adri989898|Stealth Rock|[from] move: Defog|[of] p1a: Zapdos
|
|turn|8
|
|switch|p2a: Landorus-Therian|Landorus-Therian, M|74\/338
|-ability|p2a: Landorus-Therian|Intimidate|[of] p1a: Zapdos
|-unboost|p1a: Zapdos|atk|1
|move|p1a: Zapdos|Roost|p1a: Zapdos
|-heal|p1a: Zapdos|384\/384
|
|turn|9
|
|move|p1a: Zapdos|Heat Wave|p2a: Landorus-Therian
|-damage|p2a: Landorus-Therian|0 fnt
|faint|p2a: Landorus-Therian
|
|-message|CapitalBen forfeited.
|leave|CapitalBen
|
|win|Adri989898
|raw|Ladder updating...
|player|p2