|join|Adri989898
|join|Zucchero
|player|p1|Adri989898|99
|player|p2|Zucchero|199
|gametype|singles
|gen|6
|tier|OU
|rated
|clearpoke
|poke|p1|Gallade, M
|poke|p1|Zapdos
|poke|p1|Rotom-Wash
|poke|p1|Bisharp, M
|poke|p1|Landorus-Therian, M
|poke|p1|Manaphy
|poke|p2|Tyranitar, F
|poke|p2|Heatran, F
|poke|p2|Ferrothorn, F
|poke|p2|Slowbro, F
|poke|p2|Gliscor, M
|poke|p2|Clefable, M
|rule|Swagger Clause: Swagger is banned
|rule|Baton Pass Clause: Limit one PokÃ©mon knowing Baton Pass
|rule|Sleep Clause Mod: Limit one foe put to sleep
|rule|Species Clause: Limit one of each PokÃ©mon
|rule|OHKO Clause: OHKO moves are banned
|rule|Moody Clause: Moody is banned
|rule|Evasion Moves Clause: Evasion moves are banned
|rule|Endless Battle Clause: Forcing endless battles is banned
|rule|HP Percentage Mod: HP is shown in percentages
|teampreview
|
|start
|switch|p1a: Rotom-Wash|Rotom-Wash|304\/304
|switch|p2a: GUANTANAMERA|Ferrothorn, F|351\/351
|turn|1
|
|move|p1a: Rotom-Wash|Will-O-Wisp|p2a: GUANTANAMERA
|-status|p2a: GUANTANAMERA|brn
|move|p2a: GUANTANAMERA|Spikes|p1a: Rotom-Wash
|-sidestart|p1: Adri989898|Spikes
|
|-damage|p2a: GUANTANAMERA|308\/351 brn|[from] brn
|turn|2
|
|move|p1a: Rotom-Wash|Volt Switch|p2a: GUANTANAMERA
|-crit|p2a: GUANTANAMERA
|-resisted|p2a: GUANTANAMERA
|-damage|p2a: GUANTANAMERA|249\/351 brn
|
|switch|p1a: Zapdos|Zapdos|383\/383
|-ability|p1a: Zapdos|Pressure
|move|p2a: GUANTANAMERA|Leech Seed|p1a: Zapdos
|-start|p1a: Zapdos|move: Leech Seed
|
|-damage|p1a: Zapdos|336\/383|[from] Leech Seed|[of] p2a: GUANTANAMERA
|-heal|p2a: GUANTANAMERA|296\/351 brn|[silent]
|-damage|p2a: GUANTANAMERA|253\/351 brn|[from] brn
|turn|3
|
|switch|p1a: Gallade|Gallade, M|278\/278
|-damage|p1a: Gallade|244\/278|[from] Spikes
|switch|p2a: VEDO NERO|Tyranitar, F|341\/341
|-weather|Sandstorm
|
|-weather|Sandstorm|[upkeep]
|-damage|p1a: Gallade|227\/278|[from] sandstorm
|turn|4
|
|switch|p2a: DIAMANTE|Slowbro, F|394\/394
|detailschange|p1a: Gallade|Gallade-Mega, M
|-mega|p1a: Gallade|Gallade|Galladite
|move|p1a: Gallade|Knock Off|p2a: DIAMANTE
|-supereffective|p2a: DIAMANTE
|-damage|p2a: DIAMANTE|218\/394
|-enditem|p2a: DIAMANTE|Leftovers|[from] move: Knock Off|[of] p1a: Gallade
|
|-weather|Sandstorm|[upkeep]
|-damage|p1a: Gallade|210\/278|[from] sandstorm
|-damage|p2a: DIAMANTE|194\/394|[from] sandstorm
|turn|5
|
|switch|p1a: Manaphy|Manaphy|341\/341
|-damage|p1a: Manaphy|299\/341|[from] Spikes
|move|p2a: DIAMANTE|Slack Off|p2a: DIAMANTE
|-heal|p2a: DIAMANTE|391\/394
|
|-weather|Sandstorm|[upkeep]
|-damage|p1a: Manaphy|278\/341|[from] sandstorm
|-damage|p2a: DIAMANTE|367\/394|[from] sandstorm
|-heal|p1a: Manaphy|299\/341|[from] item: Leftovers
|turn|6
|
|switch|p2a: GUANTANAMERA|Ferrothorn, F|253\/351 brn
|move|p1a: Manaphy|Tail Glow|p1a: Manaphy
|-boost|p1a: Manaphy|spa|3
|
|-weather|Sandstorm|[upkeep]
|-damage|p1a: Manaphy|278\/341|[from] sandstorm
|-heal|p1a: Manaphy|299\/341|[from] item: Leftovers
|-damage|p2a: GUANTANAMERA|210\/351 brn|[from] brn
|turn|7
|
|move|p1a: Manaphy|Ice Beam|p2a: GUANTANAMERA
|-damage|p2a: GUANTANAMERA|20\/351 brn
|move|p2a: GUANTANAMERA|Leech Seed|p1a: Manaphy
|-start|p1a: Manaphy|move: Leech Seed
|
|-weather|none
|-heal|p1a: Manaphy|320\/341|[from] item: Leftovers
|-damage|p1a: Manaphy|278\/341|[from] Leech Seed|[of] p2a: GUANTANAMERA
|-heal|p2a: GUANTANAMERA|62\/351 brn|[silent]
|-damage|p2a: GUANTANAMERA|19\/351 brn|[from] brn
|turn|8
|
|move|p1a: Manaphy|Ice Beam|p2a: GUANTANAMERA
|-damage|p2a: GUANTANAMERA|0 fnt
|faint|p2a: GUANTANAMERA
|
|-heal|p1a: Manaphy|299\/341|[from] item: Leftovers
|
|switch|p2a: VEDO NERO|Tyranitar, F|341\/341
|-weather|Sandstorm
|turn|9
|
|move|p2a: VEDO NERO|Stone Edge|p1a: Manaphy|[miss]
|-miss|p2a: VEDO NERO|p1a: Manaphy
|move|p1a: Manaphy|Surf|p2a: VEDO NERO
|-supereffective|p2a: VEDO NERO
|-damage|p2a: VEDO NERO|0 fnt
|faint|p2a: VEDO NERO
|
|-weather|Sandstorm|[upkeep]
|-damage|p1a: Manaphy|278\/341|[from] sandstorm
|-heal|p1a: Manaphy|299\/341|[from] item: Leftovers
|
|switch|p2a: DIAMANTE|Slowbro, F|394\/394
|turn|10
|
|move|p1a: Manaphy|Energy Ball|p2a: DIAMANTE
|-supereffective|p2a: DIAMANTE
|-damage|p2a: DIAMANTE|0 fnt
|faint|p2a: DIAMANTE
|
|-weather|Sandstorm|[upkeep]
|-damage|p1a: Manaphy|278\/341|[from] sandstorm
|-heal|p1a: Manaphy|299\/341|[from] item: Leftovers
|-message|Zucchero forfeited.
|leave|Zucchero
|
|win|Adri989898
|raw|Ladder updating...
|player|p2