|join|Adri989898
|join|blonde leonidas
|player|p1|Adri989898|99
|player|p2|blonde leonidas|92
|gametype|singles
|gen|6
|tier|OU (suspect test)
|rated
|clearpoke
|poke|p1|Gallade, M
|poke|p1|Zapdos
|poke|p1|Crawdaunt, M
|poke|p1|Heatran, F
|poke|p1|Landorus-Therian, M
|poke|p1|Manaphy
|poke|p2|Gliscor, M
|poke|p2|Tentacruel, F
|poke|p2|Sylveon, M
|poke|p2|Quagsire, M
|poke|p2|Scizor, M
|poke|p2|Gyarados, M
|rule|Swagger Clause: Swagger is banned
|rule|Baton Pass Clause: Limit one PokÃ©mon knowing Baton Pass
|rule|Sleep Clause Mod: Limit one foe put to sleep
|rule|Species Clause: Limit one of each PokÃ©mon
|rule|OHKO Clause: OHKO moves are banned
|rule|Moody Clause: Moody is banned
|rule|Evasion Moves Clause: Evasion moves are banned
|rule|Endless Battle Clause: Forcing endless battles is banned
|rule|HP Percentage Mod: HP is shown in percentages
|teampreview
|
|start
|switch|p1a: Crawdaunt|Crawdaunt, M|329\/329
|switch|p2a: Gyarados|Gyarados, M|332\/332
|-ability|p2a: Gyarados|Intimidate|[of] p1a: Crawdaunt
|-unboost|p1a: Crawdaunt|atk|1
|turn|1
|
|switch|p1a: Zapdos|Zapdos|383\/383
|-ability|p1a: Zapdos|Pressure
|move|p2a: Gyarados|Dragon Dance|p2a: Gyarados
|-boost|p2a: Gyarados|atk|1
|-boost|p2a: Gyarados|spe|1
|
|turn|2
|
|detailschange|p2a: Gyarados|Gyarados-Mega, M
|-mega|p2a: Gyarados|Gyarados|Gyaradosite
|-ability|p2a: Gyarados|Mold Breaker
|move|p2a: Gyarados|Crunch|p1a: Zapdos
|-damage|p1a: Zapdos|167\/383
|move|p1a: Zapdos|Thunderbolt|p2a: Gyarados
|-supereffective|p2a: Gyarados
|-damage|p2a: Gyarados|120\/332
|
|-heal|p1a: Zapdos|190\/383|[from] item: Leftovers
|turn|3
|
|switch|p1a: Crawdaunt|Crawdaunt, M|329\/329
|move|p2a: Gyarados|Waterfall|p1a: Crawdaunt
|-resisted|p1a: Crawdaunt
|-damage|p1a: Crawdaunt|173\/329
|
|turn|4
|
|switch|p2a: Quagsire|Quagsire, M|394\/394
|move|p1a: Crawdaunt|Aqua Jet|p2a: Quagsire
|-damage|p2a: Quagsire|280\/394
|-damage|p1a: Crawdaunt|119\/329|[from] item: Rocky Helmet|[of] p2a: Quagsire
|
|turn|5
|
|switch|p1a: Manaphy|Manaphy|341\/341
|move|p2a: Quagsire|Recover|p2a: Quagsire
|-heal|p2a: Quagsire|394\/394
|
|turn|6
|
|switch|p2a: Scizor|Scizor, M|344\/344
|move|p1a: Manaphy|Energy Ball|p2a: Scizor
|-resisted|p2a: Scizor
|-damage|p2a: Scizor|318\/344
|
|turn|7
|
|switch|p1a: Zapdos|Zapdos|190\/383
|-ability|p1a: Zapdos|Pressure
|move|p2a: Scizor|Knock Off|p1a: Zapdos
|-damage|p1a: Zapdos|25\/383
|-enditem|p1a: Zapdos|Leftovers|[from] move: Knock Off|[of] p2a: Scizor
|
|turn|8
|
|switch|p2a: Sylveon|Sylveon, M|394\/394
|move|p1a: Zapdos|Roost|p1a: Zapdos
|-heal|p1a: Zapdos|217\/383
|
|turn|9
|
|switch|p1a: Heatran|Heatran, F|386\/386
|switch|p2a: Gliscor|Gliscor, M|354\/354
|
|-status|p2a: Gliscor|tox|[from] item: Toxic Orb
|turn|10
|
|move|p2a: Gliscor|Earthquake|p1a: Heatran
|-supereffective|p1a: Heatran
|-damage|p1a: Heatran|0 fnt
|faint|p1a: Heatran
|
|
|switch|p1a: Manaphy|Manaphy|341\/341
|turn|11
|
|switch|p2a: Scizor|Scizor, M|318\/344
|move|p1a: Manaphy|Tail Glow|p1a: Manaphy
|-boost|p1a: Manaphy|spa|3
|
|turn|12
|
|move|p1a: Manaphy|Surf|p2a: Scizor
|-crit|p2a: Scizor
|-damage|p2a: Scizor|0 fnt
|faint|p2a: Scizor
|
|c|âblonde leonidas|critical is hard
|
|switch|p2a: Sylveon|Sylveon, M|394\/394
|turn|13
|
|move|p1a: Manaphy|Surf|p2a: Sylveon
|-damage|p2a: Sylveon|166\/394
|move|p2a: Sylveon|Hyper Voice|p1a: Manaphy
|-damage|p1a: Manaphy|164\/341
|
|-heal|p1a: Manaphy|185\/341|[from] item: Leftovers
|-heal|p2a: Sylveon|190\/394|[from] item: Leftovers
|turn|14
|c|âblonde leonidas|showdown won gor you
|c|âAdri989898|no, a max damage would also have killed
|
|move|p1a: Manaphy|Surf|p2a: Sylveon
|-damage|p2a: Sylveon|0 fnt
|faint|p2a: Sylveon
|
|-heal|p1a: Manaphy|206\/341|[from] item: Leftovers
|
|switch|p2a: Tentacruel|Tentacruel, F|364\/364
|turn|15
|
|move|p1a: Manaphy|Tail Glow|p1a: Manaphy
|-boost|p1a: Manaphy|spa|3
|move|p2a: Tentacruel|Scald|p1a: Manaphy
|-crit|p1a: Manaphy
|-resisted|p1a: Manaphy
|-damage|p1a: Manaphy|150\/341
|
|-heal|p1a: Manaphy|171\/341|[from] item: Leftovers
|turn|16
|
|move|p1a: Manaphy|Energy Ball|p2a: Tentacruel
|-damage|p2a: Tentacruel|134\/364
|move|p2a: Tentacruel|Scald|p1a: Manaphy
|-resisted|p1a: Manaphy
|-damage|p1a: Manaphy|135\/341
|
|-heal|p1a: Manaphy|156\/341|[from] item: Leftovers
|-heal|p2a: Tentacruel|156\/364|[from] item: Black Sludge
|turn|17
|
|move|p1a: Manaphy|Energy Ball|p2a: Tentacruel
|-damage|p2a: Tentacruel|0 fnt
|faint|p2a: Tentacruel
|
|-heal|p1a: Manaphy|177\/341|[from] item: Leftovers
|
|switch|p2a: Gyarados|Gyarados-Mega, M|120\/332
|-ability|p2a: Gyarados|Mold Breaker
|turn|18
|join|GUSSdx
|c|âAdri989898|+3 252 SpA Manaphy Surf vs. 248 HP \/ 8 SpD Scizor: 364-430 (106.1 - 125.3%) -- guaranteed OHKO
|c|âAdri989898|(364, 369, 373, 378, 382, 387, 391, 396, 399, 403, 408, 412, 417, 421, 426, 430)
|c|âAdri989898|the crib didn't matter
|c|âAdri989898|crit*
|
|move|p1a: Manaphy|Energy Ball|p2a: Gyarados
|-supereffective|p2a: Gyarados
|-damage|p2a: Gyarados|0 fnt
|faint|p2a: Gyarados
|
|-heal|p1a: Manaphy|198\/341|[from] item: Leftovers
|leave|GUSSdx
|c|âblonde leonidas|this monter must br ban
|c|âblonde leonidas|this move dosent exist
|
|switch|p2a: Gliscor|Gliscor, M|354\/354 tox
|turn|19
|-message|blonde leonidas forfeited.
|leave|blonde leonidas
|
|win|Adri989898
|raw|Ladder updating...
|player|p2
|raw|Ladder (probably) updated, but score could not be retrieved (timeout).
|raw|Ladder (probably) updated, but score could not be retrieved (Error: socket hang up).