|join|Adri989898
|join|jacktee
|player|p1|Adri989898|99
|player|p2|jacktee|266
|gametype|singles
|gen|6
|tier|OU (suspect test)
|rated
|clearpoke
|poke|p1|Gallade, M
|poke|p1|Zapdos
|poke|p1|Scizor, F
|poke|p1|Heatran, M
|poke|p1|Landorus-Therian, M
|poke|p1|Manaphy
|poke|p2|Charizard, F, shiny
|poke|p2|Venusaur, F, shiny
|poke|p2|Slowbro, M, shiny
|poke|p2|Heracross, M, shiny
|poke|p2|Skarmory, F, shiny
|poke|p2|Sylveon, M, shiny
|rule|Swagger Clause: Swagger is banned
|rule|Baton Pass Clause: Limit one PokÃ©mon knowing Baton Pass
|rule|Sleep Clause Mod: Limit one foe put to sleep
|rule|Species Clause: Limit one of each PokÃ©mon
|rule|OHKO Clause: OHKO moves are banned
|rule|Moody Clause: Moody is banned
|rule|Evasion Moves Clause: Evasion moves are banned
|rule|Endless Battle Clause: Forcing endless battles is banned
|rule|HP Percentage Mod: HP is shown in percentages
|teampreview
|
|start
|switch|p1a: Heatran|Heatran, M|386\/386
|switch|p2a: Skarmory|Skarmory, F, shiny|271\/271
|turn|1
|
|move|p1a: Heatran|Lava Plume|p2a: Skarmory
|-supereffective|p2a: Skarmory
|-activate|p2a: Skarmory|Sturdy
|-damage|p2a: Skarmory|1\/271
|-status|p2a: Skarmory|brn
|move|p2a: Skarmory|Stealth Rock|p1a: Heatran
|-sidestart|p1: Adri989898|move: Stealth Rock
|
|-damage|p2a: Skarmory|0 fnt|[from] brn
|faint|p2a: Skarmory
|
|switch|p2a: Slowbro|Slowbro, M, shiny|332\/332
|turn|2
|
|move|p1a: Heatran|Toxic|p2a: Slowbro
|-status|p2a: Slowbro|tox
|move|p2a: Slowbro|Psychic|p1a: Heatran
|-resisted|p1a: Heatran
|-damage|p1a: Heatran|338\/386
|
|-heal|p1a: Heatran|362\/386|[from] item: Leftovers
|-damage|p2a: Slowbro|312\/332 tox|[from] psn
|turn|3
|
|move|p1a: Heatran|Stealth Rock|p2a: Slowbro
|-sidestart|p2: jacktee|move: Stealth Rock
|move|p2a: Slowbro|Flamethrower|p1a: Heatran
|-start|p1a: Heatran|ability: Flash Fire
|
|-heal|p1a: Heatran|386\/386|[from] item: Leftovers
|-heal|p2a: Slowbro|332\/332 tox|[from] item: Leftovers
|-damage|p2a: Slowbro|292\/332 tox|[from] psn
|turn|4
|
|switch|p1a: Manaphy|Manaphy|341\/341
|-damage|p1a: Manaphy|299\/341|[from] Stealth Rock
|switch|p2a: Charizard|Charizard, F, shiny|297\/297
|-damage|p2a: Charizard|149\/297|[from] Stealth Rock
|
|-heal|p1a: Manaphy|320\/341|[from] item: Leftovers
|turn|5
|-message|jacktee forfeited.
|leave|jacktee
|
|win|Adri989898
|raw|Ladder updating...
|player|p2
|raw|Adri989898's rating: 1225 &rarr; <strong>1243<\/strong><br \/>(+18 for winning)
|raw|jacktee's rating: 1120 &rarr; <strong>1102<\/strong><br \/>(-18 for losing)