|join|Afirak
|join|Adri989898
|player|p1|Afirak|80
|player|p2|Adri989898|99
|gametype|singles
|gen|6
|tier|OU (suspect test)
|rated
|clearpoke
|poke|p1|Klefki, M
|poke|p1|Azumarill, M
|poke|p1|Charizard, M
|poke|p1|Togekiss, M
|poke|p1|Porygon2
|poke|p1|Excadrill, M
|poke|p2|Gallade, M
|poke|p2|Zapdos
|poke|p2|Crawdaunt, F
|poke|p2|Heatran, F
|poke|p2|Landorus-Therian, M
|poke|p2|Manaphy
|rule|Swagger Clause: Swagger is banned
|rule|Baton Pass Clause: Limit one PokÃ©mon knowing Baton Pass
|rule|Sleep Clause Mod: Limit one foe put to sleep
|rule|Species Clause: Limit one of each PokÃ©mon
|rule|OHKO Clause: OHKO moves are banned
|rule|Moody Clause: Moody is banned
|rule|Evasion Moves Clause: Evasion moves are banned
|rule|Endless Battle Clause: Forcing endless battles is banned
|rule|HP Percentage Mod: HP is shown in percentages
|teampreview
|
|start
|switch|p1a: Klefki|Klefki, M|318\/318
|switch|p2a: Zapdos|Zapdos|383\/383
|-ability|p2a: Zapdos|Pressure
|turn|1
|
|move|p1a: Klefki|Light Screen|p1a: Klefki
|-sidestart|p1: Afirak|move: Light Screen
|move|p2a: Zapdos|Heat Wave|p1a: Klefki
|-supereffective|p1a: Klefki
|-damage|p1a: Klefki|232\/318
|
|turn|2
|
|move|p1a: Klefki|Reflect|p1a: Klefki
|-sidestart|p1: Afirak|Reflect
|move|p2a: Zapdos|Defog|p1a: Klefki
|-unboost|p1a: Klefki|evasion|1
|-sideend|p1: Afirak|Reflect
|-sideend|p1: Afirak|Reflect|[from] move: Defog|[of] p1a: Klefki
|-sideend|p1: Afirak|move: Light Screen
|-sideend|p1: Afirak|Light Screen|[from] move: Defog|[of] p1a: Klefki
|
|turn|3
|
|switch|p1a: Togekiss|Togekiss, M|373\/373
|move|p2a: Zapdos|Heat Wave|p1a: Togekiss
|-damage|p1a: Togekiss|312\/373
|
|-heal|p1a: Togekiss|335\/373|[from] item: Leftovers
|turn|4
|
|move|p2a: Zapdos|Thunderbolt|p1a: Togekiss
|-supereffective|p1a: Togekiss
|-damage|p1a: Togekiss|161\/373
|move|p1a: Togekiss|Nasty Plot|p1a: Togekiss
|-boost|p1a: Togekiss|spa|2
|
|-heal|p1a: Togekiss|184\/373|[from] item: Leftovers
|turn|5
|
|switch|p1a: Excadrill|Excadrill, M|362\/362
|-ability|p1a: Excadrill|Mold Breaker
|move|p2a: Zapdos|Thunderbolt|p1a: Excadrill
|-immune|p1a: Excadrill|[msg]
|
|turn|6
|
|move|p1a: Excadrill|Rock Slide|p2a: Zapdos
|-supereffective|p2a: Zapdos
|-damage|p2a: Zapdos|221\/383
|move|p2a: Zapdos|Heat Wave|p1a: Excadrill
|-supereffective|p1a: Excadrill
|-damage|p1a: Excadrill|86\/362
|
|-heal|p1a: Excadrill|108\/362|[from] item: Leftovers
|-heal|p2a: Zapdos|244\/383|[from] item: Leftovers
|turn|7
|
|switch|p2a: Landorus-Therian|Landorus-Therian, M|319\/319
|-ability|p2a: Landorus-Therian|Intimidate|[of] p1a: Excadrill
|-unboost|p1a: Excadrill|atk|1
|move|p1a: Excadrill|Rock Slide|p2a: Landorus-Therian
|-damage|p2a: Landorus-Therian|254\/319
|
|-heal|p1a: Excadrill|130\/362|[from] item: Leftovers
|turn|8
|
|switch|p1a: Porygon2|Porygon2|374\/374
|-ability|p1a: Porygon2|Intimidate|[from] ability: Trace|[of] p2a: Landorus-Therian
|-ability|p1a: Porygon2|Intimidate|[of] p2a: Landorus-Therian
|-unboost|p2a: Landorus-Therian|atk|1
|move|p2a: Landorus-Therian|U-turn|p1a: Porygon2
|-damage|p1a: Porygon2|341\/374
|
|switch|p2a: Crawdaunt|Crawdaunt, F|329\/329
|
|turn|9
|
|move|p1a: Porygon2|Thunder Wave|p2a: Crawdaunt
|-status|p2a: Crawdaunt|par
|move|p2a: Crawdaunt|Knock Off|p1a: Porygon2
|-damage|p1a: Porygon2|169\/374
|-enditem|p1a: Porygon2|Eviolite|[from] move: Knock Off|[of] p2a: Crawdaunt
|
|turn|10
|
|move|p1a: Porygon2|Thunderbolt|p2a: Crawdaunt
|-supereffective|p2a: Crawdaunt
|-damage|p2a: Crawdaunt|109\/329 par
|cant|p2a: Crawdaunt|par
|
|turn|11
|
|switch|p2a: Heatran|Heatran, F|386\/386
|move|p1a: Porygon2|Thunderbolt|p2a: Heatran
|-damage|p2a: Heatran|331\/386
|
|-heal|p2a: Heatran|355\/386|[from] item: Leftovers
|turn|12
|
|switch|p1a: Azumarill|Azumarill, M|404\/404
|move|p2a: Heatran|Stealth Rock|p1a: Azumarill
|-sidestart|p1: Afirak|move: Stealth Rock
|
|-heal|p2a: Heatran|379\/386|[from] item: Leftovers
|turn|13
|
|switch|p2a: Crawdaunt|Crawdaunt, F|109\/329 par
|move|p1a: Azumarill|Belly Drum|p1a: Azumarill
|-damage|p1a: Azumarill|202\/404
|-setboost|p1a: Azumarill|atk|6|[from] move: Belly Drum
|-enditem|p1a: Azumarill|Sitrus Berry|[eat]
|-heal|p1a: Azumarill|303\/404|[from] item: Sitrus Berry
|
|turn|14
|
|move|p2a: Crawdaunt|Aqua Jet|p1a: Azumarill
|-resisted|p1a: Azumarill
|-damage|p1a: Azumarill|208\/404
|move|p1a: Azumarill|Play Rough|p2a: Crawdaunt
|-supereffective|p2a: Crawdaunt
|-damage|p2a: Crawdaunt|0 fnt
|faint|p2a: Crawdaunt
|
|
|switch|p2a: Manaphy|Manaphy|341\/341
|turn|15
|
|move|p2a: Manaphy|Energy Ball|p1a: Azumarill
|-supereffective|p1a: Azumarill
|-damage|p1a: Azumarill|0 fnt
|faint|p1a: Azumarill
|
|
|switch|p1a: Excadrill|Excadrill, M|130\/362
|-damage|p1a: Excadrill|119\/362|[from] Stealth Rock
|-ability|p1a: Excadrill|Mold Breaker
|turn|16
|
|move|p2a: Manaphy|Surf|p1a: Excadrill
|-supereffective|p1a: Excadrill
|-damage|p1a: Excadrill|0 fnt
|faint|p1a: Excadrill
|
|
|switch|p1a: Klefki|Klefki, M|232\/318
|-damage|p1a: Klefki|213\/318|[from] Stealth Rock
|turn|17
|
|switch|p2a: Zapdos|Zapdos|244\/383
|-ability|p2a: Zapdos|Pressure
|move|p1a: Klefki|Light Screen|p1a: Klefki
|-sidestart|p1: Afirak|move: Light Screen
|
|-heal|p2a: Zapdos|267\/383|[from] item: Leftovers
|turn|18
|
|switch|p1a: Charizard|Charizard, M|333\/333
|-damage|p1a: Charizard|167\/333|[from] Stealth Rock
|move|p2a: Zapdos|Defog|p1a: Charizard
|-unboost|p1a: Charizard|evasion|1
|-sideend|p1: Afirak|move: Light Screen
|-sideend|p1: Afirak|Light Screen|[from] move: Defog|[of] p1a: Charizard
|-sideend|p1: Afirak|Stealth Rock|[from] move: Defog|[of] p1a: Charizard
|
|-heal|p2a: Zapdos|290\/383|[from] item: Leftovers
|turn|19
|
|switch|p2a: Landorus-Therian|Landorus-Therian, M|254\/319
|-ability|p2a: Landorus-Therian|Intimidate|[of] p1a: Charizard
|-unboost|p1a: Charizard|atk|1
|detailschange|p1a: Charizard|Charizard-Mega-X, M
|-mega|p1a: Charizard|Charizard|Charizardite X
|move|p1a: Charizard|Dragon Claw|p2a: Landorus-Therian
|-damage|p2a: Landorus-Therian|110\/319
|
|turn|20
|
|switch|p1a: Togekiss|Togekiss, M|184\/373
|move|p2a: Landorus-Therian|Stone Edge|p1a: Togekiss|[miss]
|-miss|p2a: Landorus-Therian|p1a: Togekiss
|
|-heal|p1a: Togekiss|207\/373|[from] item: Leftovers
|turn|21
|
|switch|p2a: Zapdos|Zapdos|290\/383
|-ability|p2a: Zapdos|Pressure
|switch|p1a: Porygon2|Porygon2|169\/374
|-ability|p1a: Porygon2|Pressure|[from] ability: Trace|[of] p2a: Zapdos
|-ability|p1a: Porygon2|Pressure
|
|-heal|p2a: Zapdos|313\/383|[from] item: Leftovers
|turn|22
|
|switch|p2a: Heatran|Heatran, F|379\/386
|move|p1a: Porygon2|Ice Beam|p2a: Heatran
|-resisted|p2a: Heatran
|-damage|p2a: Heatran|367\/386
|
|-heal|p2a: Heatran|386\/386|[from] item: Leftovers
|turn|23
|
|move|p2a: Heatran|Stealth Rock|p1a: Porygon2
|-sidestart|p1: Afirak|move: Stealth Rock
|move|p1a: Porygon2|Thunder Wave|p2a: Heatran
|-status|p2a: Heatran|par
|
|turn|24
|
|move|p1a: Porygon2|Recover|p1a: Porygon2
|-heal|p1a: Porygon2|356\/374
|move|p2a: Heatran|Toxic|p1a: Porygon2
|-status|p1a: Porygon2|tox
|
|-damage|p1a: Porygon2|333\/374 tox|[from] psn
|turn|25
|
|switch|p1a: Charizard|Charizard-Mega-X, M|167\/333
|-damage|p1a: Charizard|84\/333|[from] Stealth Rock
|cant|p2a: Heatran|par
|
|turn|26
|
|move|p1a: Charizard|Roost|p1a: Charizard
|-heal|p1a: Charizard|251\/333
|move|p2a: Heatran|Roar|p1a: Charizard
|drag|p1a: Klefki|Klefki, M|213\/318
|-damage|p1a: Klefki|194\/318|[from] Stealth Rock
|
|turn|27
|-message|Afirak forfeited.
|leave|Afirak
|
|win|Adri989898
|raw|Ladder updating...
|player|p1