|join|jrrob1602
|join|Adri989898
|player|p1|jrrob1602|266
|player|p2|Adri989898|99
|gametype|singles
|gen|6
|tier|OU (suspect test)
|rated
|clearpoke
|poke|p1|Talonflame, M
|poke|p1|Azumarill, M
|poke|p1|Landorus-Therian, M
|poke|p1|Rotom-Wash
|poke|p1|Slowbro, F
|poke|p1|Latios, M
|poke|p2|Gallade, M
|poke|p2|Zapdos
|poke|p2|Scizor, M
|poke|p2|Heatran, M
|poke|p2|Landorus-Therian, M
|poke|p2|Manaphy
|rule|Swagger Clause: Swagger is banned
|rule|Baton Pass Clause: Limit one PokÃ©mon knowing Baton Pass
|rule|Sleep Clause Mod: Limit one foe put to sleep
|rule|Species Clause: Limit one of each PokÃ©mon
|rule|OHKO Clause: OHKO moves are banned
|rule|Moody Clause: Moody is banned
|rule|Evasion Moves Clause: Evasion moves are banned
|rule|Endless Battle Clause: Forcing endless battles is banned
|rule|HP Percentage Mod: HP is shown in percentages
|teampreview
|
|start
|switch|p1a: Rotom-Wash|Rotom-Wash|304\/304
|switch|p2a: Manaphy|Manaphy|341\/341
|turn|1
|
|move|p2a: Manaphy|Tail Glow|p2a: Manaphy
|-boost|p2a: Manaphy|spa|3
|move|p1a: Rotom-Wash|Volt Switch|p2a: Manaphy
|-supereffective|p2a: Manaphy
|-damage|p2a: Manaphy|171\/341
|
|switch|p1a: Talonflame|Talonflame, M|297\/297
|
|-heal|p2a: Manaphy|192\/341|[from] item: Leftovers
|turn|2
|
|switch|p2a: Heatran|Heatran, M|386\/386
|move|p1a: Talonflame|Brave Bird|p2a: Heatran
|-resisted|p2a: Heatran
|-damage|p2a: Heatran|261\/386
|-damage|p1a: Talonflame|256\/297|[from] recoil|[of] p2a: Heatran
|
|-heal|p2a: Heatran|285\/386|[from] item: Leftovers
|turn|3
|
|switch|p1a: Rotom-Wash|Rotom-Wash|304\/304
|move|p2a: Heatran|Stealth Rock|p1a: Rotom-Wash
|-sidestart|p1: jrrob1602|move: Stealth Rock
|
|-heal|p2a: Heatran|309\/386|[from] item: Leftovers
|turn|4
|
|move|p2a: Heatran|Toxic|p1a: Rotom-Wash
|-status|p1a: Rotom-Wash|tox
|move|p1a: Rotom-Wash|Hydro Pump|p2a: Heatran
|-supereffective|p2a: Heatran
|-damage|p2a: Heatran|129\/386
|
|-heal|p2a: Heatran|153\/386|[from] item: Leftovers
|-damage|p1a: Rotom-Wash|285\/304 tox|[from] psn
|turn|5
|
|switch|p2a: Manaphy|Manaphy|192\/341
|move|p1a: Rotom-Wash|Hydro Pump|p2a: Manaphy|[miss]
|-miss|p1a: Rotom-Wash|p2a: Manaphy
|
|-heal|p2a: Manaphy|213\/341|[from] item: Leftovers
|-heal|p1a: Rotom-Wash|304\/304 tox|[from] item: Leftovers
|-damage|p1a: Rotom-Wash|266\/304 tox|[from] psn
|turn|6
|
|move|p2a: Manaphy|Energy Ball|p1a: Rotom-Wash
|-supereffective|p1a: Rotom-Wash
|-damage|p1a: Rotom-Wash|144\/304 tox
|move|p1a: Rotom-Wash|Volt Switch|p2a: Manaphy
|-supereffective|p2a: Manaphy
|-damage|p2a: Manaphy|49\/341
|
|switch|p1a: Landorus-Therian|Landorus-Therian, M|319\/319
|-damage|p1a: Landorus-Therian|280\/319|[from] Stealth Rock
|-ability|p1a: Landorus-Therian|Intimidate|[of] p2a: Manaphy
|-unboost|p2a: Manaphy|atk|1
|
|-heal|p2a: Manaphy|70\/341|[from] item: Leftovers
|turn|7
|
|move|p1a: Landorus-Therian|Stone Edge|p2a: Manaphy
|-damage|p2a: Manaphy|0 fnt
|faint|p2a: Manaphy
|
|
|switch|p2a: Gallade|Gallade, M|278\/278
|turn|8
|
|switch|p1a: Slowbro|Slowbro, F|394\/394
|-damage|p1a: Slowbro|345\/394|[from] Stealth Rock
|detailschange|p2a: Gallade|Gallade-Mega, M
|-mega|p2a: Gallade|Gallade|Galladite
|move|p2a: Gallade|Swords Dance|p2a: Gallade
|-boost|p2a: Gallade|atk|2
|
|turn|9
|
|detailschange|p1a: Slowbro|Slowbro-Mega, F
|-mega|p1a: Slowbro|Slowbro|Slowbronite
|move|p2a: Gallade|Knock Off|p1a: Slowbro
|-supereffective|p1a: Slowbro
|-damage|p1a: Slowbro|169\/394
|move|p1a: Slowbro|Scald|p2a: Gallade
|-damage|p2a: Gallade|173\/278
|
|turn|10
|
|move|p2a: Gallade|Knock Off|p1a: Slowbro
|-supereffective|p1a: Slowbro
|-damage|p1a: Slowbro|0 fnt
|faint|p1a: Slowbro
|
|
|switch|p1a: Landorus-Therian|Landorus-Therian, M|280\/319
|-damage|p1a: Landorus-Therian|241\/319|[from] Stealth Rock
|-ability|p1a: Landorus-Therian|Intimidate|[of] p2a: Gallade
|-unboost|p2a: Gallade|atk|1
|turn|11
|c|âAdri989898|dat power
|
|switch|p2a: Landorus-Therian|Landorus-Therian, M|319\/319
|-ability|p2a: Landorus-Therian|Intimidate|[of] p1a: Landorus-Therian
|-unboost|p1a: Landorus-Therian|atk|1
|move|p1a: Landorus-Therian|U-turn|p2a: Landorus-Therian
|-resisted|p2a: Landorus-Therian
|-damage|p2a: Landorus-Therian|285\/319
|
|switch|p1a: Latios|Latios, M|301\/301
|-damage|p1a: Latios|264\/301|[from] Stealth Rock
|
|turn|12
|
|move|p2a: Landorus-Therian|U-turn|p1a: Latios
|-supereffective|p1a: Latios
|-damage|p1a: Latios|44\/301
|
|switch|p2a: Scizor|Scizor, M|343\/343
|move|p1a: Latios|Defog|p2a: Scizor
|-unboost|p2a: Scizor|evasion|1
|-sideend|p1: jrrob1602|Stealth Rock|[from] move: Defog|[of] p1a: Latios
|
|turn|13
|
|move|p2a: Scizor|Bullet Punch|p1a: Latios
|-damage|p1a: Latios|0 fnt
|faint|p1a: Latios
|
|
|switch|p1a: Landorus-Therian|Landorus-Therian, M|241\/319
|-ability|p1a: Landorus-Therian|Intimidate|[of] p2a: Scizor
|-unboost|p2a: Scizor|atk|1
|turn|14
|
|move|p2a: Scizor|Bullet Punch|p1a: Landorus-Therian
|-damage|p1a: Landorus-Therian|106\/319
|move|p1a: Landorus-Therian|Stone Edge|p2a: Scizor
|-damage|p2a: Scizor|212\/343
|
|turn|15
|
|move|p2a: Scizor|Bullet Punch|p1a: Landorus-Therian
|-damage|p1a: Landorus-Therian|0 fnt
|faint|p1a: Landorus-Therian
|
|
|switch|p1a: Azumarill|Azumarill, M|404\/404
|turn|16
|
|move|p2a: Scizor|Bullet Punch|p1a: Azumarill
|-damage|p1a: Azumarill|257\/404
|move|p1a: Azumarill|Knock Off|p2a: Scizor
|-damage|p2a: Scizor|60\/343
|-enditem|p2a: Scizor|Choice Band|[from] move: Knock Off|[of] p1a: Azumarill
|
|turn|17
|
|move|p2a: Scizor|Bullet Punch|p1a: Azumarill
|-damage|p1a: Azumarill|158\/404
|move|p1a: Azumarill|Aqua Jet|p2a: Scizor
|-damage|p2a: Scizor|0 fnt
|faint|p2a: Scizor
|
|
|switch|p2a: Zapdos|Zapdos|383\/383
|-ability|p2a: Zapdos|Pressure
|turn|18
|
|switch|p1a: Rotom-Wash|Rotom-Wash|144\/304 tox
|move|p2a: Zapdos|Thunderbolt|p1a: Rotom-Wash
|-damage|p1a: Rotom-Wash|53\/304 tox
|
|-heal|p1a: Rotom-Wash|72\/304 tox|[from] item: Leftovers
|-damage|p1a: Rotom-Wash|53\/304 tox|[from] psn
|turn|19
|
|move|p2a: Zapdos|Thunderbolt|p1a: Rotom-Wash
|-crit|p1a: Rotom-Wash
|-damage|p1a: Rotom-Wash|0 fnt
|faint|p1a: Rotom-Wash
|
|
|switch|p1a: Talonflame|Talonflame, M|256\/297
|turn|20
|
|switch|p2a: Landorus-Therian|Landorus-Therian, M|285\/319
|-ability|p2a: Landorus-Therian|Intimidate|[of] p1a: Talonflame
|-unboost|p1a: Talonflame|atk|1
|move|p1a: Talonflame|Brave Bird|p2a: Landorus-Therian
|-damage|p2a: Landorus-Therian|87\/319
|-damage|p1a: Talonflame|191\/297|[from] recoil|[of] p2a: Landorus-Therian
|
|turn|21
|
|switch|p2a: Heatran|Heatran, M|153\/386
|move|p1a: Talonflame|Brave Bird|p2a: Heatran
|-resisted|p2a: Heatran
|-damage|p2a: Heatran|76\/386
|-damage|p1a: Talonflame|166\/297|[from] recoil|[of] p2a: Heatran
|
|-heal|p2a: Heatran|100\/386|[from] item: Leftovers
|turn|22
|
|move|p1a: Talonflame|Brave Bird|p2a: Heatran
|-resisted|p2a: Heatran
|-damage|p2a: Heatran|19\/386
|-damage|p1a: Talonflame|139\/297|[from] recoil|[of] p2a: Heatran
|move|p2a: Heatran|Stealth Rock|p1a: Talonflame
|-sidestart|p1: jrrob1602|move: Stealth Rock
|
|-heal|p2a: Heatran|43\/386|[from] item: Leftovers
|turn|23
|c|âAdri989898|gg
|
|move|p1a: Talonflame|Brave Bird|p2a: Heatran
|-resisted|p2a: Heatran
|-damage|p2a: Heatran|0 fnt
|-damage|p1a: Talonflame|125\/297|[from] recoil|[of] p2a: Heatran
|faint|p2a: Heatran
|
|
|switch|p2a: Landorus-Therian|Landorus-Therian, M|87\/319
|-ability|p2a: Landorus-Therian|Intimidate|[of] p1a: Talonflame
|-unboost|p1a: Talonflame|atk|1
|turn|24
|
|move|p1a: Talonflame|Brave Bird|p2a: Landorus-Therian
|-damage|p2a: Landorus-Therian|0 fnt
|-damage|p1a: Talonflame|96\/297|[from] recoil|[of] p2a: Landorus-Therian
|faint|p2a: Landorus-Therian
|
|
|switch|p2a: Zapdos|Zapdos|383\/383
|-ability|p2a: Zapdos|Pressure
|turn|25
|
|move|p1a: Talonflame|Brave Bird|p2a: Zapdos
|-resisted|p2a: Zapdos
|-damage|p2a: Zapdos|333\/383
|-damage|p1a: Talonflame|79\/297|[from] recoil|[of] p2a: Zapdos
|move|p2a: Zapdos|Thunderbolt|p1a: Talonflame
|-supereffective|p1a: Talonflame
|-damage|p1a: Talonflame|0 fnt
|faint|p1a: Talonflame
|
|-heal|p2a: Zapdos|356\/383|[from] item: Leftovers
|
|switch|p1a: Azumarill|Azumarill, M|158\/404
|-damage|p1a: Azumarill|108\/404|[from] Stealth Rock
|turn|26
|c|âjrrob1602|gg
|
|move|p1a: Azumarill|Aqua Jet|p2a: Zapdos
|-damage|p2a: Zapdos|290\/383
|move|p2a: Zapdos|Thunderbolt|p1a: Azumarill
|-supereffective|p1a: Azumarill
|-damage|p1a: Azumarill|0 fnt
|faint|p1a: Azumarill
|
|win|Adri989898
|raw|Ladder updating...
|raw|jrrob1602's rating: 1346 &rarr; <strong>1320<\/strong><br \/>(-26 for losing)
|raw|Adri989898's rating: 1243 &rarr; <strong>1275<\/strong><br \/>(+32 for winning)
|leave|jrrob1602
|player|p1