|join|qpzm257
|join|Adri989898
|player|p1|qpzm257|101
|player|p2|Adri989898|99
|gametype|singles
|gen|6
|tier|OU (suspect test)
|rated
|clearpoke
|poke|p1|Vaporeon, F
|poke|p1|Dragonite, F
|poke|p1|Manectric, F
|poke|p1|Alakazam, M
|poke|p1|Excadrill, F
|poke|p1|Skarmory, F
|poke|p2|Gallade, M
|poke|p2|Zapdos
|poke|p2|Celebi
|poke|p2|Heatran, M
|poke|p2|Landorus-Therian, M
|poke|p2|Manaphy
|rule|Swagger Clause: Swagger is banned
|rule|Baton Pass Clause: Limit one PokÃ©mon knowing Baton Pass
|rule|Sleep Clause Mod: Limit one foe put to sleep
|rule|Species Clause: Limit one of each PokÃ©mon
|rule|OHKO Clause: OHKO moves are banned
|rule|Moody Clause: Moody is banned
|rule|Evasion Moves Clause: Evasion moves are banned
|rule|Endless Battle Clause: Forcing endless battles is banned
|rule|HP Percentage Mod: HP is shown in percentages
|teampreview
|
|start
|switch|p1a: Manectric|Manectric, F|282\/282
|switch|p2a: Zapdos|Zapdos|383\/383
|-ability|p2a: Zapdos|Pressure
|turn|1
|
|switch|p2a: Heatran|Heatran, M|386\/386
|detailschange|p1a: Manectric|Manectric-Mega, F
|-mega|p1a: Manectric|Manectric|Manectite
|-ability|p1a: Manectric|Intimidate|[of] p2a: Heatran
|-unboost|p2a: Heatran|atk|1
|move|p1a: Manectric|Thunderbolt|p2a: Heatran
|-damage|p2a: Heatran|280\/386
|
|-heal|p2a: Heatran|304\/386|[from] item: Leftovers
|turn|2
|
|move|p1a: Manectric|Volt Switch|p2a: Heatran
|-damage|p2a: Heatran|217\/386
|
|switch|p1a: Vaporeon|Vaporeon, F|464\/464
|move|p2a: Heatran|Stealth Rock|p1a: Vaporeon
|-sidestart|p1: qpzm257|move: Stealth Rock
|
|-heal|p2a: Heatran|241\/386|[from] item: Leftovers
|turn|3
|
|move|p2a: Heatran|Toxic|p1a: Vaporeon
|-status|p1a: Vaporeon|tox
|move|p1a: Vaporeon|Scald|p2a: Heatran
|-supereffective|p2a: Heatran
|-damage|p2a: Heatran|109\/386
|
|-heal|p2a: Heatran|133\/386|[from] item: Leftovers
|-damage|p1a: Vaporeon|435\/464 tox|[from] psn
|turn|4
|
|switch|p2a: Celebi|Celebi|396\/396
|move|p1a: Vaporeon|Heal Bell|p1a: Vaporeon
|-cureteam|p1a: Vaporeon|[from] move: HealBell
|
|-heal|p1a: Vaporeon|464\/464|[from] item: Leftovers
|turn|5
|
|switch|p1a: Skarmory|Skarmory, F|334\/334
|-damage|p1a: Skarmory|293\/334|[from] Stealth Rock
|move|p2a: Celebi|U-turn|p1a: Skarmory
|-resisted|p1a: Skarmory
|-damage|p1a: Skarmory|286\/334
|-damage|p2a: Celebi|330\/396|[from] item: Rocky Helmet|[of] p1a: Skarmory
|
|switch|p2a: Zapdos|Zapdos|383\/383
|-ability|p2a: Zapdos|Pressure
|
|turn|6
|
|switch|p1a: Vaporeon|Vaporeon, F|464\/464
|-damage|p1a: Vaporeon|406\/464|[from] Stealth Rock
|move|p2a: Zapdos|Heat Wave|p1a: Vaporeon
|-resisted|p1a: Vaporeon
|-damage|p1a: Vaporeon|372\/464
|
|-heal|p1a: Vaporeon|401\/464|[from] item: Leftovers
|turn|7
|
|move|p1a: Vaporeon|Protect|p1a: Vaporeon
|-singleturn|p1a: Vaporeon|Protect
|move|p2a: Zapdos|Thunderbolt|p1a: Vaporeon
|-activate|p1a: Vaporeon|Protect
|
|-heal|p1a: Vaporeon|430\/464|[from] item: Leftovers
|turn|8
|
|switch|p2a: Landorus-Therian|Landorus-Therian, M|319\/319
|-ability|p2a: Landorus-Therian|Intimidate|[of] p1a: Vaporeon
|-unboost|p1a: Vaporeon|atk|1
|move|p1a: Vaporeon|Wish|p1a: Vaporeon
|
|-heal|p1a: Vaporeon|459\/464|[from] item: Leftovers
|turn|9
|
|move|p2a: Landorus-Therian|U-turn|p1a: Vaporeon
|-damage|p1a: Vaporeon|323\/464
|
|switch|p2a: Celebi|Celebi|330\/396
|move|p1a: Vaporeon|Scald|p2a: Celebi
|-resisted|p2a: Celebi
|-damage|p2a: Celebi|294\/396
|
|-heal|p1a: Vaporeon|464\/464|[from] move: Wish|[wisher] Vaporeon
|-heal|p2a: Celebi|318\/396|[from] item: Leftovers
|turn|10
|
|switch|p2a: Zapdos|Zapdos|383\/383
|-ability|p2a: Zapdos|Pressure
|switch|p1a: Skarmory|Skarmory, F|286\/334
|-damage|p1a: Skarmory|245\/334|[from] Stealth Rock
|
|turn|11
|
|switch|p1a: Excadrill|Excadrill, F|373\/373
|-damage|p1a: Excadrill|362\/373|[from] Stealth Rock
|-ability|p1a: Excadrill|Mold Breaker
|move|p2a: Zapdos|Thunderbolt|p1a: Excadrill
|-immune|p1a: Excadrill|[msg]
|
|turn|12
|
|move|p1a: Excadrill|Rapid Spin|p2a: Zapdos
|-damage|p2a: Zapdos|361\/383
|-sideend|p1: qpzm257|Stealth Rock|[from] move: Rapid Spin|[of] p1a: Excadrill
|move|p2a: Zapdos|Heat Wave|p1a: Excadrill
|-supereffective|p1a: Excadrill
|-damage|p1a: Excadrill|176\/373
|
|-heal|p2a: Zapdos|383\/383|[from] item: Leftovers
|turn|13
|
|switch|p1a: Vaporeon|Vaporeon, F|464\/464
|move|p2a: Zapdos|Heat Wave|p1a: Vaporeon
|-miss|p2a: Zapdos|p1a: Vaporeon
|
|turn|14
|
|switch|p2a: Celebi|Celebi|318\/396
|move|p1a: Vaporeon|Wish|p1a: Vaporeon
|
|-heal|p2a: Celebi|342\/396|[from] item: Leftovers
|turn|15
|
|move|p2a: Celebi|U-turn|p1a: Vaporeon
|-damage|p1a: Vaporeon|384\/464
|
|switch|p2a: Manaphy|Manaphy|341\/341
|move|p1a: Vaporeon|Scald|p2a: Manaphy
|-crit|p2a: Manaphy
|-resisted|p2a: Manaphy
|-damage|p2a: Manaphy|266\/341
|
|-heal|p1a: Vaporeon|464\/464|[from] move: Wish|[wisher] Vaporeon
|-heal|p2a: Manaphy|287\/341|[from] item: Leftovers
|turn|16
|
|switch|p1a: Manectric|Manectric-Mega, F|282\/282
|-ability|p1a: Manectric|Intimidate|[of] p2a: Manaphy
|-unboost|p2a: Manaphy|atk|1
|move|p2a: Manaphy|Tail Glow|p2a: Manaphy
|-boost|p2a: Manaphy|spa|3
|
|-heal|p2a: Manaphy|308\/341|[from] item: Leftovers
|turn|17
|
|switch|p2a: Heatran|Heatran, M|133\/386
|move|p1a: Manectric|Thunderbolt|p2a: Heatran
|-damage|p2a: Heatran|7\/386
|
|-heal|p2a: Heatran|31\/386|[from] item: Leftovers
|turn|18
|
|switch|p2a: Celebi|Celebi|342\/396
|move|p1a: Manectric|Thunderbolt|p2a: Celebi
|-resisted|p2a: Celebi
|-damage|p2a: Celebi|280\/396
|
|-heal|p2a: Celebi|304\/396|[from] item: Leftovers
|turn|19
|
|move|p1a: Manectric|Hidden Power|p2a: Celebi
|-supereffective|p2a: Celebi
|-damage|p2a: Celebi|190\/396
|move|p2a: Celebi|Earth Power|p1a: Manectric
|-supereffective|p1a: Manectric
|-damage|p1a: Manectric|116\/282
|
|-heal|p2a: Celebi|214\/396|[from] item: Leftovers
|turn|20
|
|switch|p2a: Heatran|Heatran, M|31\/386
|move|p1a: Manectric|Overheat|p2a: Heatran
|-start|p2a: Heatran|ability: Flash Fire
|
|-heal|p2a: Heatran|55\/386|[from] item: Leftovers
|turn|21
|
|switch|p2a: Landorus-Therian|Landorus-Therian, M|319\/319
|-ability|p2a: Landorus-Therian|Intimidate|[of] p1a: Manectric
|-unboost|p1a: Manectric|atk|1
|move|p1a: Manectric|Thunderbolt|p2a: Landorus-Therian
|-immune|p2a: Landorus-Therian|[msg]
|
|turn|22
|
|switch|p1a: Skarmory|Skarmory, F|245\/334
|move|p2a: Landorus-Therian|U-turn|p1a: Skarmory
|-resisted|p1a: Skarmory
|-damage|p1a: Skarmory|233\/334
|-damage|p2a: Landorus-Therian|266\/319|[from] item: Rocky Helmet|[of] p1a: Skarmory
|
|switch|p2a: Heatran|Heatran, M|55\/386
|
|-heal|p2a: Heatran|79\/386|[from] item: Leftovers
|turn|23
|
|move|p2a: Heatran|Stealth Rock|p1a: Skarmory
|-sidestart|p1: qpzm257|move: Stealth Rock
|move|p1a: Skarmory|Stealth Rock|p2a: Heatran
|-sidestart|p2: Adri989898|move: Stealth Rock
|
|-heal|p2a: Heatran|103\/386|[from] item: Leftovers
|turn|24
|
|switch|p1a: Vaporeon|Vaporeon, F|464\/464
|-damage|p1a: Vaporeon|406\/464|[from] Stealth Rock
|move|p2a: Heatran|Roar|p1a: Vaporeon
|drag|p1a: Excadrill|Excadrill, F|176\/373
|-damage|p1a: Excadrill|165\/373|[from] Stealth Rock
|-ability|p1a: Excadrill|Mold Breaker
|
|-heal|p2a: Heatran|127\/386|[from] item: Leftovers
|turn|25
|
|move|p1a: Excadrill|Earthquake|p2a: Heatran
|-supereffective|p2a: Heatran
|-damage|p2a: Heatran|0 fnt
|faint|p2a: Heatran
|
|
|switch|p2a: Zapdos|Zapdos|383\/383
|-damage|p2a: Zapdos|288\/383|[from] Stealth Rock
|-ability|p2a: Zapdos|Pressure
|turn|26
|
|switch|p1a: Vaporeon|Vaporeon, F|406\/464
|-damage|p1a: Vaporeon|348\/464|[from] Stealth Rock
|move|p2a: Zapdos|Thunderbolt|p1a: Vaporeon
|-supereffective|p1a: Vaporeon
|-damage|p1a: Vaporeon|148\/464
|
|-heal|p2a: Zapdos|311\/383|[from] item: Leftovers
|-heal|p1a: Vaporeon|177\/464|[from] item: Leftovers
|turn|27
|
|move|p1a: Vaporeon|Protect|p1a: Vaporeon
|-singleturn|p1a: Vaporeon|Protect
|move|p2a: Zapdos|Thunderbolt|p1a: Vaporeon
|-activate|p1a: Vaporeon|Protect
|
|-heal|p2a: Zapdos|334\/383|[from] item: Leftovers
|-heal|p1a: Vaporeon|206\/464|[from] item: Leftovers
|turn|28
|
|move|p2a: Zapdos|Thunderbolt|p1a: Vaporeon
|-supereffective|p1a: Vaporeon
|-damage|p1a: Vaporeon|24\/464
|move|p1a: Vaporeon|Wish|p1a: Vaporeon
|
|-heal|p2a: Zapdos|357\/383|[from] item: Leftovers
|-heal|p1a: Vaporeon|53\/464|[from] item: Leftovers
|turn|29
|
|switch|p2a: Gallade|Gallade, M|278\/278
|-damage|p2a: Gallade|261\/278|[from] Stealth Rock
|move|p1a: Vaporeon|Protect|p1a: Vaporeon
|-fail|p1a: Vaporeon
|
|-heal|p1a: Vaporeon|285\/464|[from] move: Wish|[wisher] Vaporeon
|-heal|p1a: Vaporeon|314\/464|[from] item: Leftovers
|turn|30
|
|switch|p1a: Skarmory|Skarmory, F|233\/334
|-damage|p1a: Skarmory|192\/334|[from] Stealth Rock
|detailschange|p2a: Gallade|Gallade-Mega, M
|-mega|p2a: Gallade|Gallade|Galladite
|move|p2a: Gallade|Swords Dance|p2a: Gallade
|-boost|p2a: Gallade|atk|2
|
|turn|31
|
|move|p2a: Gallade|Drain Punch|p1a: Skarmory
|-damage|p1a: Skarmory|2\/334
|-heal|p2a: Gallade|278\/278|[from] drain|[of] p1a: Skarmory
|-damage|p2a: Gallade|232\/278|[from] item: Rocky Helmet|[of] p1a: Skarmory
|move|p1a: Skarmory|Whirlwind|p2a: Gallade
|drag|p2a: Landorus-Therian|Landorus-Therian, M|266\/319
|-damage|p2a: Landorus-Therian|227\/319|[from] Stealth Rock
|-ability|p2a: Landorus-Therian|Intimidate|[of] p1a: Skarmory
|-unboost|p1a: Skarmory|atk|1
|
|turn|32
|
|move|p2a: Landorus-Therian|U-turn|p1a: Skarmory
|-resisted|p1a: Skarmory
|-damage|p1a: Skarmory|0 fnt
|-damage|p2a: Landorus-Therian|174\/319|[from] item: Rocky Helmet|[of] p1a: Skarmory
|faint|p1a: Skarmory
|
|switch|p2a: Gallade|Gallade-Mega, M|232\/278
|-damage|p2a: Gallade|215\/278|[from] Stealth Rock
|
|
|switch|p1a: Alakazam|Alakazam, M|252\/252
|turn|33
|
|move|p1a: Alakazam|Shadow Ball|p2a: Gallade
|-supereffective|p2a: Gallade
|-damage|p2a: Gallade|27\/278
|move|p2a: Gallade|Drain Punch|p1a: Alakazam
|-resisted|p1a: Alakazam
|-damage|p1a: Alakazam|105\/252
|-heal|p2a: Gallade|101\/278|[from] drain|[of] p1a: Alakazam
|
|turn|34
|
|switch|p2a: Celebi|Celebi|214\/396
|-damage|p2a: Celebi|165\/396|[from] Stealth Rock
|move|p1a: Alakazam|Shadow Ball|p2a: Celebi
|-supereffective|p2a: Celebi
|-damage|p2a: Celebi|5\/396
|
|-heal|p2a: Celebi|29\/396|[from] item: Leftovers
|turn|35
|
|move|p1a: Alakazam|Shadow Ball|p2a: Celebi
|-supereffective|p2a: Celebi
|-damage|p2a: Celebi|0 fnt
|faint|p2a: Celebi
|
|
|switch|p2a: Landorus-Therian|Landorus-Therian, M|174\/319
|-damage|p2a: Landorus-Therian|135\/319|[from] Stealth Rock
|-ability|p2a: Landorus-Therian|Intimidate|[of] p1a: Alakazam
|-unboost|p1a: Alakazam|atk|1
|turn|36
|
|switch|p1a: Vaporeon|Vaporeon, F|314\/464
|-damage|p1a: Vaporeon|256\/464|[from] Stealth Rock
|move|p2a: Landorus-Therian|U-turn|p1a: Vaporeon
|-damage|p1a: Vaporeon|125\/464
|
|switch|p2a: Gallade|Gallade-Mega, M|101\/278
|-damage|p2a: Gallade|84\/278|[from] Stealth Rock
|
|-heal|p1a: Vaporeon|154\/464|[from] item: Leftovers
|turn|37
|
|move|p2a: Gallade|Drain Punch|p1a: Vaporeon
|-damage|p1a: Vaporeon|0 fnt
|-heal|p2a: Gallade|161\/278|[from] drain|[of] p1a: Vaporeon
|faint|p1a: Vaporeon
|
|
|switch|p1a: Alakazam|Alakazam, M|105\/252
|turn|38
|
|move|p1a: Alakazam|Shadow Ball|p2a: Gallade
|-supereffective|p2a: Gallade
|-damage|p2a: Gallade|0 fnt
|faint|p2a: Gallade
|
|
|switch|p2a: Landorus-Therian|Landorus-Therian, M|135\/319
|-damage|p2a: Landorus-Therian|96\/319|[from] Stealth Rock
|-ability|p2a: Landorus-Therian|Intimidate|[of] p1a: Alakazam
|-unboost|p1a: Alakazam|atk|1
|turn|39
|
|switch|p1a: Excadrill|Excadrill, F|165\/373
|-damage|p1a: Excadrill|154\/373|[from] Stealth Rock
|-ability|p1a: Excadrill|Mold Breaker
|move|p2a: Landorus-Therian|U-turn|p1a: Excadrill
|-resisted|p1a: Excadrill
|-damage|p1a: Excadrill|92\/373
|
|switch|p2a: Manaphy|Manaphy|308\/341
|-damage|p2a: Manaphy|266\/341|[from] Stealth Rock
|
|-heal|p2a: Manaphy|287\/341|[from] item: Leftovers
|turn|40
|
|move|p2a: Manaphy|Surf|p1a: Excadrill
|-supereffective|p1a: Excadrill
|-damage|p1a: Excadrill|0 fnt
|faint|p1a: Excadrill
|
|-heal|p2a: Manaphy|308\/341|[from] item: Leftovers
|
|switch|p1a: Alakazam|Alakazam, M|105\/252
|turn|41
|
|move|p1a: Alakazam|Energy Ball|p2a: Manaphy
|-supereffective|p2a: Manaphy
|-damage|p2a: Manaphy|94\/341
|move|p2a: Manaphy|Surf|p1a: Alakazam
|-damage|p1a: Alakazam|0 fnt
|faint|p1a: Alakazam
|
|-heal|p2a: Manaphy|115\/341|[from] item: Leftovers
|
|switch|p1a: Manectric|Manectric-Mega, F|116\/282
|-damage|p1a: Manectric|81\/282|[from] Stealth Rock
|-ability|p1a: Manectric|Intimidate|[of] p2a: Manaphy
|-unboost|p2a: Manaphy|atk|1
|turn|42
|
|switch|p2a: Zapdos|Zapdos|357\/383
|-damage|p2a: Zapdos|262\/383|[from] Stealth Rock
|-ability|p2a: Zapdos|Pressure
|move|p1a: Manectric|Thunderbolt|p2a: Zapdos
|-damage|p2a: Zapdos|76\/383
|
|-heal|p2a: Zapdos|99\/383|[from] item: Leftovers
|turn|43
|
|move|p1a: Manectric|Hidden Power|p2a: Zapdos
|-supereffective|p2a: Zapdos
|-damage|p2a: Zapdos|0 fnt
|faint|p2a: Zapdos
|
|
|switch|p2a: Landorus-Therian|Landorus-Therian, M|96\/319
|-damage|p2a: Landorus-Therian|57\/319|[from] Stealth Rock
|-ability|p2a: Landorus-Therian|Intimidate|[of] p1a: Manectric
|-unboost|p1a: Manectric|atk|1
|turn|44
|
|switch|p1a: Dragonite|Dragonite, F|323\/323
|-damage|p1a: Dragonite|243\/323|[from] Stealth Rock
|move|p2a: Landorus-Therian|Stone Edge|p1a: Dragonite
|-supereffective|p1a: Dragonite
|-damage|p1a: Dragonite|0 fnt
|faint|p1a: Dragonite
|
|c|âAdri989898|gg
|
|switch|p1a: Manectric|Manectric-Mega, F|81\/282
|-damage|p1a: Manectric|46\/282|[from] Stealth Rock
|-ability|p1a: Manectric|Intimidate|[of] p2a: Landorus-Therian
|-unboost|p2a: Landorus-Therian|atk|1
|turn|45
|
|switch|p2a: Manaphy|Manaphy|115\/341
|-damage|p2a: Manaphy|73\/341|[from] Stealth Rock
|move|p1a: Manectric|Hidden Power|p2a: Manaphy
|-resisted|p2a: Manaphy
|-damage|p2a: Manaphy|34\/341
|
|-heal|p2a: Manaphy|55\/341|[from] item: Leftovers
|turn|46
|
|move|p1a: Manectric|Thunderbolt|p2a: Manaphy
|-supereffective|p2a: Manaphy
|-damage|p2a: Manaphy|0 fnt
|faint|p2a: Manaphy
|
|c|âqpzm257|gg
|
|switch|p2a: Landorus-Therian|Landorus-Therian, M|57\/319
|-damage|p2a: Landorus-Therian|18\/319|[from] Stealth Rock
|-ability|p2a: Landorus-Therian|Intimidate|[of] p1a: Manectric
|-unboost|p1a: Manectric|atk|1
|turn|47
|
|move|p2a: Landorus-Therian|Earthquake|p1a: Manectric
|-supereffective|p1a: Manectric
|-damage|p1a: Manectric|0 fnt
|faint|p1a: Manectric
|
|win|Adri989898
|raw|Ladder updating...
|raw|qpzm257's rating: 1437 &rarr; <strong>1411<\/strong><br \/>(-26 for losing)
|raw|Adri989898's rating: 1335 &rarr; <strong>1361<\/strong><br \/>(+26 for winning)
|leave|qpzm257