|join|vuyo123
|join|Adri989898
|player|p1|vuyo123|170
|player|p2|Adri989898|99
|gametype|singles
|gen|6
|tier|OU (suspect test)
|rated
|clearpoke
|poke|p1|Lucario, F
|poke|p1|Zoroark, M
|poke|p1|Gliscor, F, shiny
|poke|p1|Rotom-Wash
|poke|p1|Porygon2, shiny
|poke|p1|Shedinja
|poke|p2|Metagross, shiny
|poke|p2|Zapdos
|poke|p2|Keldeo
|poke|p2|Heatran, M
|poke|p2|Rotom-Wash
|poke|p2|Landorus-Therian, M
|rule|Swagger Clause: Swagger is banned
|rule|Baton Pass Clause: Limit one PokÃ©mon knowing Baton Pass
|rule|Sleep Clause Mod: Limit one foe put to sleep
|rule|Species Clause: Limit one of each PokÃ©mon
|rule|OHKO Clause: OHKO moves are banned
|rule|Moody Clause: Moody is banned
|rule|Evasion Moves Clause: Evasion moves are banned
|rule|Endless Battle Clause: Forcing endless battles is banned
|rule|HP Percentage Mod: HP is shown in percentages
|teampreview
|
|start
|switch|p1a: Shedinja|Shedinja|261\/261
|switch|p2a: Rotom-Wash|Rotom-Wash|304\/304
|turn|1
|
|switch|p1a: Rotom-Wash|Rotom-Wash|304\/304
|move|p2a: Rotom-Wash|Will-O-Wisp|p1a: Rotom-Wash
|-status|p1a: Rotom-Wash|brn
|
|-damage|p1a: Rotom-Wash|266\/304 brn|[from] brn
|turn|2
|c|âvuyo123|its lag
|
|move|p1a: Rotom-Wash|Trick|p2a: Rotom-Wash
|-activate|p1a: Rotom-Wash|move: Trick|[of] p2a: Rotom-Wash
|-item|p2a: Rotom-Wash|Choice Scarf|[from] move: Trick
|-item|p1a: Rotom-Wash|Leftovers|[from] move: Trick
|move|p2a: Rotom-Wash|Volt Switch|p1a: Rotom-Wash
|-damage|p1a: Rotom-Wash|200\/304 brn
|
|switch|p2a: Heatran|Heatran, M|386\/386
|
|-heal|p1a: Rotom-Wash|219\/304 brn|[from] item: Leftovers
|-damage|p1a: Rotom-Wash|181\/304 brn|[from] brn
|turn|3
|
|move|p1a: Rotom-Wash|Hydro Pump|p2a: Heatran|[miss]
|-miss|p1a: Rotom-Wash|p2a: Heatran
|move|p2a: Heatran|Stealth Rock|p1a: Rotom-Wash
|-sidestart|p1: vuyo123|move: Stealth Rock
|
|-heal|p1a: Rotom-Wash|200\/304 brn|[from] item: Leftovers
|-damage|p1a: Rotom-Wash|162\/304 brn|[from] brn
|turn|4
|
|move|p1a: Rotom-Wash|Hydro Pump|p2a: Heatran
|-supereffective|p2a: Heatran
|-damage|p2a: Heatran|210\/386
|move|p2a: Heatran|Lava Plume|p1a: Rotom-Wash
|-resisted|p1a: Rotom-Wash
|-damage|p1a: Rotom-Wash|117\/304 brn
|
|-heal|p1a: Rotom-Wash|136\/304 brn|[from] item: Leftovers
|-heal|p2a: Heatran|234\/386|[from] item: Leftovers
|-damage|p1a: Rotom-Wash|98\/304 brn|[from] brn
|turn|5
|-message|vuyo123 forfeited.
|leave|vuyo123
|
|win|Adri989898
|raw|Ladder updating...
|raw|vuyo123's rating: 1000 &rarr; <strong>1000<\/strong><br \/>(+0 for losing)
|raw|Adri989898's rating: 1075 &rarr; <strong>1098<\/strong><br \/>(+23 for winning)