|J|Medulla
|J|sugarhigh
|player|p1|Medulla|266
|player|p2|sugarhigh|290
|gametype|singles
|gen|6
|tier|OU
|clearpoke
|poke|p1|Metagross
|poke|p1|Keldeo
|poke|p1|Rotom-Wash
|poke|p1|Garchomp, F
|poke|p1|Latios, M
|poke|p1|Wobbuffet, M
|poke|p2|Scizor, F
|poke|p2|Latios, M
|poke|p2|Raikou
|poke|p2|Landorus-Therian, M
|poke|p2|Klefki, M
|poke|p2|Breloom, M
|rule|Swagger Clause: Swagger is banned
|rule|Baton Pass Clause: Limit one PokÃ©mon knowing Baton Pass
|rule|Sleep Clause Mod: Limit one foe put to sleep
|rule|Species Clause: Limit one of each PokÃ©mon
|rule|OHKO Clause: OHKO moves are banned
|rule|Moody Clause: Moody is banned
|rule|Evasion Moves Clause: Evasion moves are banned
|rule|Endless Battle Clause: Forcing endless battles is banned
|rule|HP Percentage Mod: HP is shown in percentages
|teampreview
|c|âMedulla|gl
|J|the Jaiho
|J|synchroniciteen
|c|âsugarhigh|u2 m8
|c|âMedulla|you can turn the timer on if you want
|c|âMedulla|this one is gonna take a long time
|c|âMedulla|imo
|c|âsugarhigh|o
|L|the Jaiho
|c|âsugarhigh|ill shut off timer
|c|âsugarhigh|if it gets too close :o
|J|the Jaiho
|
|start
|switch|p1a: Rotom-Wash|Rotom-Wash|241\/241
|switch|p2a: Landorus-Therian|Landorus-Therian, M|319\/319
|-ability|p2a: Landorus-Therian|Intimidate|[of] p1a: Rotom-Wash
|-unboost|p1a: Rotom-Wash|atk|1
|turn|1
|
|move|p1a: Rotom-Wash|Trick|p2a: Landorus-Therian
|-activate|p1a: Rotom-Wash|move: Trick|[of] p2a: Landorus-Therian
|-item|p2a: Landorus-Therian|Choice Scarf|[from] move: Trick
|-item|p1a: Rotom-Wash|Earth Plate|[from] move: Trick
|move|p2a: Landorus-Therian|Stealth Rock|p1a: Rotom-Wash
|-sidestart|p1: Medulla|move: Stealth Rock
|
|turn|2
|
|switch|p2a: Breloom|Breloom, M|264\/264
|move|p1a: Rotom-Wash|Volt Switch|p2a: Breloom
|-resisted|p2a: Breloom
|-damage|p2a: Breloom|183\/264
|
|switch|p1a: Metagross|Metagross|301\/301
|-damage|p1a: Metagross|283\/301|[from] Stealth Rock
|
|-status|p2a: Breloom|tox|[from] item: Toxic Orb
|turn|3
|
|switch|p2a: Klefki|Klefki, M|318\/318
|detailschange|p1a: Metagross|Metagross-Mega
|-mega|p1a: Metagross|Metagross|Metagrossite
|move|p1a: Metagross|Zen Headbutt|p2a: Klefki|[miss]
|-miss|p1a: Metagross|p2a: Klefki
|
|turn|4
|
|switch|p1a: Wobbuffet|Wobbuffet, M|528\/528
|-damage|p1a: Wobbuffet|462\/528|[from] Stealth Rock
|move|p2a: Klefki|Spikes|p1a: Wobbuffet
|-sidestart|p1: Medulla|Spikes
|
|-heal|p1a: Wobbuffet|495\/528|[from] item: Leftovers
|turn|5
|
|move|p2a: Klefki|Spikes|p1a: Wobbuffet
|-sidestart|p1: Medulla|Spikes
|move|p1a: Wobbuffet|Encore|p2a: Klefki
|-start|p2a: Klefki|Encore
|
|-heal|p1a: Wobbuffet|528\/528|[from] item: Leftovers
|turn|6
|
|move|p2a: Klefki|Spikes|p1a: Wobbuffet
|-sidestart|p1: Medulla|Spikes
|move|p1a: Wobbuffet|Tickle|p2a: Klefki
|-unboost|p2a: Klefki|atk|1
|-unboost|p2a: Klefki|def|1
|
|turn|7
|
|move|p2a: Klefki|Spikes|p1a: Wobbuffet
|-fail|p1a: Wobbuffet
|move|p1a: Wobbuffet|Tickle|p2a: Klefki
|-unboost|p2a: Klefki|atk|1
|-unboost|p2a: Klefki|def|1
|
|turn|8
|
|move|p2a: Klefki|Spikes|p1a: Wobbuffet
|-fail|p1a: Wobbuffet
|move|p1a: Wobbuffet|Tickle|p2a: Klefki
|-unboost|p2a: Klefki|atk|1
|-unboost|p2a: Klefki|def|1
|
|-end|p2a: Klefki|Encore
|turn|9
|
|move|p2a: Klefki|Magnet Rise|p2a: Klefki
|-start|p2a: Klefki|Magnet Rise
|move|p1a: Wobbuffet|Encore|p2a: Klefki
|-start|p2a: Klefki|Encore
|
|turn|10
|
|move|p2a: Klefki|Magnet Rise|p2a: Klefki
|-fail|p2a: Klefki
|move|p1a: Wobbuffet|Tickle|p2a: Klefki
|-unboost|p2a: Klefki|atk|1
|-unboost|p2a: Klefki|def|1
|
|turn|11
|
|switch|p1a: Metagross|Metagross-Mega|283\/301
|-damage|p1a: Metagross|208\/301|[from] Spikes
|-damage|p1a: Metagross|190\/301|[from] Stealth Rock
|move|p2a: Klefki|Magnet Rise|p2a: Klefki
|-fail|p2a: Klefki
|
|turn|12
|J|Tesung
|
|move|p1a: Metagross|Pursuit|p2a: Klefki|[from]Pursuit
|-resisted|p2a: Klefki
|-damage|p2a: Klefki|114\/318
|switch|p2a: Landorus-Therian|Landorus-Therian, M|319\/319
|-ability|p2a: Landorus-Therian|Intimidate|[of] p1a: Metagross
|-unboost|p1a: Metagross|atk|1
|
|turn|13
|
|switch|p1a: Garchomp|Garchomp, F|357\/357
|-damage|p1a: Garchomp|268\/357|[from] Spikes
|-damage|p1a: Garchomp|246\/357|[from] Stealth Rock
|move|p2a: Landorus-Therian|Earthquake|p1a: Garchomp
|-damage|p1a: Garchomp|18\/357
|
|turn|14
|
|switch|p1a: Latios|Latios, M|301\/301
|-damage|p1a: Latios|264\/301|[from] Stealth Rock
|move|p2a: Landorus-Therian|Earthquake|p1a: Latios
|-immune|p1a: Latios|[msg]
|
|turn|15
|
|switch|p2a: Klefki|Klefki, M|114\/318
|-enditem|p2a: Klefki|Sitrus Berry|[eat]
|-heal|p2a: Klefki|193\/318|[from] item: Sitrus Berry
|move|p1a: Latios|Defog|p2a: Klefki
|-unboost|p2a: Klefki|evasion|1
|-sideend|p1: Medulla|Spikes|[from] move: Defog|[of] p1a: Latios
|-sideend|p1: Medulla|Stealth Rock|[from] move: Defog|[of] p1a: Latios
|
|turn|16
|J|abrad5
|
|switch|p1a: Wobbuffet|Wobbuffet, M|528\/528
|move|p2a: Klefki|Spikes|p1a: Wobbuffet
|-sidestart|p1: Medulla|Spikes
|
|turn|17
|
|move|p2a: Klefki|Spikes|p1a: Wobbuffet
|-sidestart|p1: Medulla|Spikes
|move|p1a: Wobbuffet|Encore|p2a: Klefki
|-start|p2a: Klefki|Encore
|
|turn|18
|
|switch|p1a: Latios|Latios, M|264\/301
|move|p2a: Klefki|Spikes|p1a: Latios
|-sidestart|p1: Medulla|Spikes
|
|turn|19
|
|switch|p1a: Rotom-Wash|Rotom-Wash|241\/241
|move|p2a: Klefki|Spikes|p1a: Rotom-Wash
|-fail|p1a: Rotom-Wash
|
|turn|20
|
|switch|p2a: Breloom|Breloom, M|183\/264 tox
|move|p1a: Rotom-Wash|Volt Switch|p2a: Breloom
|-crit|p2a: Breloom
|-resisted|p2a: Breloom
|-damage|p2a: Breloom|54\/264 tox
|
|switch|p1a: Latios|Latios, M|264\/301
|
|-heal|p2a: Breloom|87\/264 tox|[from] ability: Poison Heal
|turn|21
|
|move|p1a: Latios|Defog|p2a: Breloom
|-unboost|p2a: Breloom|evasion|1
|-sideend|p1: Medulla|Spikes|[from] move: Defog|[of] p1a: Latios
|move|p2a: Breloom|Facade|p1a: Latios
|-damage|p1a: Latios|32\/301
|
|-heal|p2a: Breloom|120\/264 tox|[from] ability: Poison Heal
|turn|22
|
|switch|p2a: Klefki|Klefki, M|193\/318
|move|p1a: Latios|Psyshock|p2a: Klefki
|-resisted|p2a: Klefki
|-damage|p2a: Klefki|86\/318
|-damage|p1a: Latios|2\/301|[from] item: Life Orb
|
|turn|23
|
|switch|p1a: Garchomp|Garchomp, F|18\/357
|move|p2a: Klefki|Spikes|p1a: Garchomp
|-sidestart|p1: Medulla|Spikes
|
|turn|24
|
|move|p1a: Garchomp|Stealth Rock|p2a: Klefki
|-sidestart|p2: sugarhigh|move: Stealth Rock
|move|p2a: Klefki|Dazzling Gleam|p1a: Garchomp
|-supereffective|p1a: Garchomp
|-damage|p1a: Garchomp|0 fnt
|faint|p1a: Garchomp
|
|
|switch|p1a: Rotom-Wash|Rotom-Wash|241\/241
|turn|25
|L|abrad5
|
|switch|p2a: Raikou|Raikou|329\/329
|-damage|p2a: Raikou|288\/329|[from] Stealth Rock
|-ability|p2a: Raikou|Pressure
|move|p1a: Rotom-Wash|Volt Switch|p2a: Raikou
|-resisted|p2a: Raikou
|-damage|p2a: Raikou|230\/329
|
|switch|p1a: Latios|Latios, M|2\/301
|
|turn|26
|
|switch|p1a: Rotom-Wash|Rotom-Wash|241\/241
|move|p2a: Raikou|Volt Switch|p1a: Rotom-Wash
|-damage|p1a: Rotom-Wash|138\/241
|
|switch|p2a: Breloom|Breloom, M|120\/264 tox
|-damage|p2a: Breloom|104\/264 tox|[from] Stealth Rock
|
|-heal|p2a: Breloom|137\/264 tox|[from] ability: Poison Heal
|turn|27
|
|move|p1a: Rotom-Wash|Trick|p2a: Breloom
|-activate|p1a: Rotom-Wash|move: Trick|[of] p2a: Breloom
|-item|p2a: Breloom|Earth Plate|[from] move: Trick
|-item|p1a: Rotom-Wash|Toxic Orb|[from] move: Trick
|move|p2a: Breloom|Seed Bomb|p1a: Rotom-Wash
|-supereffective|p1a: Rotom-Wash
|-damage|p1a: Rotom-Wash|0 fnt
|faint|p1a: Rotom-Wash
|
|-heal|p2a: Breloom|170\/264 tox|[from] ability: Poison Heal
|
|switch|p1a: Latios|Latios, M|2\/301
|turn|28
|
|switch|p2a: Klefki|Klefki, M|86\/318
|-damage|p2a: Klefki|67\/318|[from] Stealth Rock
|move|p1a: Latios|Draco Meteor|p2a: Klefki
|-immune|p2a: Klefki|[msg]
|
|turn|29
|
|move|p2a: Klefki|Spikes|p1a: Latios
|-sidestart|p1: Medulla|Spikes
|move|p1a: Latios|Defog|p2a: Klefki
|-unboost|p2a: Klefki|evasion|1
|-sideend|p2: sugarhigh|Stealth Rock|[from] move: Defog|[of] p2a: Klefki
|-sideend|p1: Medulla|Spikes|[from] move: Defog|[of] p1a: Latios
|
|turn|30
|
|move|p2a: Klefki|Spikes|p1a: Latios
|-sidestart|p1: Medulla|Spikes
|move|p1a: Latios|Psyshock|p2a: Klefki
|-resisted|p2a: Klefki
|-damage|p2a: Klefki|0 fnt
|-damage|p1a: Latios|0 fnt|[from] item: Life Orb
|faint|p2a: Klefki
|faint|p1a: Latios
|
|
|switch|p2a: Breloom|Breloom, M|170\/264 tox
|switch|p1a: Wobbuffet|Wobbuffet, M|528\/528
|-damage|p1a: Wobbuffet|462\/528|[from] Spikes
|turn|31
|
|move|p2a: Breloom|Facade|p1a: Wobbuffet
|-damage|p1a: Wobbuffet|292\/528
|move|p1a: Wobbuffet|Encore|p2a: Breloom
|-start|p2a: Breloom|Encore
|
|-heal|p1a: Wobbuffet|325\/528|[from] item: Leftovers
|-heal|p2a: Breloom|203\/264 tox|[from] ability: Poison Heal
|turn|32
|
|move|p2a: Breloom|Facade|p1a: Wobbuffet
|-damage|p1a: Wobbuffet|148\/528
|move|p1a: Wobbuffet|Counter|p2a: Breloom
|-damage|p2a: Breloom|0 fnt
|faint|p2a: Breloom
|
|-heal|p1a: Wobbuffet|181\/528|[from] item: Leftovers
|
|switch|p2a: Scizor|Scizor, F|281\/281
|turn|33
|
|detailschange|p2a: Scizor|Scizor-Mega, F
|-mega|p2a: Scizor|Scizor|Scizorite
|move|p2a: Scizor|Bug Bite|p1a: Wobbuffet
|-supereffective|p1a: Wobbuffet
|-damage|p1a: Wobbuffet|0 fnt
|faint|p1a: Wobbuffet
|
|
|switch|p1a: Keldeo|Keldeo|323\/323
|-damage|p1a: Keldeo|283\/323|[from] Spikes
|turn|34
|
|switch|p2a: Latios|Latios, M|301\/301
|move|p1a: Keldeo|Hydro Pump|p2a: Latios
|-resisted|p2a: Latios
|-damage|p2a: Latios|161\/301
|
|turn|35
|
|switch|p1a: Metagross|Metagross-Mega|190\/301
|-damage|p1a: Metagross|153\/301|[from] Spikes
|move|p2a: Latios|Calm Mind|p2a: Latios
|-boost|p2a: Latios|spa|1
|-boost|p2a: Latios|spd|1
|
|turn|36
|
|move|p1a: Metagross|Pursuit|p2a: Latios
|-supereffective|p2a: Latios
|-damage|p2a: Latios|0 fnt
|faint|p2a: Latios
|
|
|switch|p2a: Landorus-Therian|Landorus-Therian, M|319\/319
|-ability|p2a: Landorus-Therian|Intimidate|[of] p1a: Metagross
|-unboost|p1a: Metagross|atk|1
|turn|37
|
|switch|p1a: Keldeo|Keldeo|283\/323
|-damage|p1a: Keldeo|243\/323|[from] Spikes
|move|p2a: Landorus-Therian|Earthquake|p1a: Keldeo
|-damage|p1a: Keldeo|0 fnt
|faint|p1a: Keldeo
|
|
|switch|p1a: Metagross|Metagross-Mega|153\/301
|-damage|p1a: Metagross|116\/301|[from] Spikes
|turn|38
|c|âsugarhigh|gg
|
|move|p2a: Landorus-Therian|Earthquake|p1a: Metagross
|-supereffective|p1a: Metagross
|-damage|p1a: Metagross|0 fnt
|faint|p1a: Metagross
|
|win|sugarhigh
|c|âMedulla|gg
|L|synchroniciteen