|join|dicksorcery
|join|Medulla
|player|p1|dicksorcery|107
|player|p2|Medulla|169
|gametype|singles
|gen|6
|tier|OU
|rated
|clearpoke
|poke|p1|Conkeldurr, F
|poke|p1|Ferrothorn, M
|poke|p1|Landorus-Therian, M
|poke|p1|Tentacruel, F
|poke|p1|Thundurus, M
|poke|p1|Lopunny, F
|poke|p2|Metagross
|poke|p2|Smeargle, M
|poke|p2|Wobbuffet, M
|poke|p2|Garchomp, M
|poke|p2|Scizor, M
|poke|p2|Azelf
|rule|Swagger Clause: Swagger is banned
|rule|Baton Pass Clause: Limit one PokÃ©mon knowing Baton Pass
|rule|Sleep Clause Mod: Limit one foe put to sleep
|rule|Species Clause: Limit one of each PokÃ©mon
|rule|OHKO Clause: OHKO moves are banned
|rule|Moody Clause: Moody is banned
|rule|Evasion Moves Clause: Evasion moves are banned
|rule|Endless Battle Clause: Forcing endless battles is banned
|rule|HP Percentage Mod: HP is shown in percentages
|teampreview
|
|start
|switch|p1a: Lopunny|Lopunny, F|271\/271
|switch|p2a: Azelf|Azelf|353\/353
|turn|1
|
|switch|p2a: Wobbuffet|Wobbuffet, M|528\/528
|detailschange|p1a: Lopunny|Lopunny-Mega, F
|-mega|p1a: Lopunny|Lopunny|Lopunnite
|move|p1a: Lopunny|Fake Out|p2a: Wobbuffet
|-damage|p2a: Wobbuffet|455\/528
|
|-heal|p2a: Wobbuffet|488\/528|[from] item: Leftovers
|turn|2
|
|move|p1a: Lopunny|Heal Bell|p1a: Lopunny
|-cureteam|p1a: Lopunny|[from] move: HealBell
|move|p2a: Wobbuffet|Encore|p1a: Lopunny
|-start|p1a: Lopunny|Encore
|
|-heal|p2a: Wobbuffet|521\/528|[from] item: Leftovers
|turn|3
|
|switch|p2a: Azelf|Azelf|353\/353
|move|p1a: Lopunny|Heal Bell|p1a: Lopunny
|-cureteam|p1a: Lopunny|[from] move: HealBell
|
|turn|4
|
|switch|p1a: Conkeldurr|Conkeldurr, F|413\/413
|move|p2a: Azelf|Stealth Rock|p1a: Conkeldurr
|-sidestart|p1: dicksorcery|move: Stealth Rock
|
|turn|5
|
|move|p2a: Azelf|Reflect|p2a: Azelf
|-sidestart|p2: Medulla|Reflect
|move|p1a: Conkeldurr|Knock Off|p2a: Azelf
|-supereffective|p2a: Azelf
|-damage|p2a: Azelf|189\/353
|-enditem|p2a: Azelf|Light Clay|[from] move: Knock Off|[of] p1a: Conkeldurr
|
|turn|6
|
|switch|p1a: Ferrothorn|Ferrothorn, M|351\/351
|-damage|p1a: Ferrothorn|330\/351|[from] Stealth Rock
|move|p2a: Azelf|Light Screen|p2a: Azelf
|-sidestart|p2: Medulla|move: Light Screen
|
|turn|7
|
|move|p2a: Azelf|Taunt|p1a: Ferrothorn
|-start|p1a: Ferrothorn|move: Taunt
|cant|p1a: Ferrothorn|move: Taunt|Thunder Wave
|
|turn|8
|
|switch|p2a: Wobbuffet|Wobbuffet, M|521\/528
|switch|p1a: Landorus-Therian|Landorus-Therian, M|382\/382
|-damage|p1a: Landorus-Therian|335\/382|[from] Stealth Rock
|-ability|p1a: Landorus-Therian|Intimidate|[of] p2a: Wobbuffet
|-unboost|p2a: Wobbuffet|atk|1
|
|-heal|p1a: Landorus-Therian|358\/382|[from] item: Leftovers
|-heal|p2a: Wobbuffet|528\/528|[from] item: Leftovers
|turn|9
|
|move|p1a: Landorus-Therian|Stealth Rock|p2a: Wobbuffet
|-sidestart|p2: Medulla|move: Stealth Rock
|move|p2a: Wobbuffet|Encore|p1a: Landorus-Therian
|-start|p1a: Landorus-Therian|Encore
|
|-heal|p1a: Landorus-Therian|381\/382|[from] item: Leftovers
|turn|10
|
|switch|p2a: Smeargle|Smeargle, M|313\/313
|-damage|p2a: Smeargle|274\/313|[from] Stealth Rock
|move|p1a: Landorus-Therian|Stealth Rock|p2a: Smeargle
|-fail|p2a: Smeargle
|
|-heal|p1a: Landorus-Therian|382\/382|[from] item: Leftovers
|-sideend|p2: Medulla|move: Light Screen
|turn|11
|
|switch|p1a: Ferrothorn|Ferrothorn, M|330\/351
|-damage|p1a: Ferrothorn|309\/351|[from] Stealth Rock
|move|p2a: Smeargle|Shift Gear|p2a: Smeargle
|-boost|p2a: Smeargle|atk|1
|-boost|p2a: Smeargle|spe|2
|
|turn|12
|
|move|p2a: Smeargle|Taunt|p1a: Ferrothorn
|-start|p1a: Ferrothorn|move: Taunt
|cant|p1a: Ferrothorn|move: Taunt|Thunder Wave
|
|-sideend|p2: Medulla|Reflect
|turn|13
|
|move|p2a: Smeargle|Baton Pass|p2a: Smeargle
|
|switch|p2a: Metagross|Metagross|301\/301
|-damage|p2a: Metagross|283\/301|[from] Stealth Rock
|move|p1a: Ferrothorn|Gyro Ball|p2a: Metagross
|-resisted|p2a: Metagross
|-damage|p2a: Metagross|210\/301
|
|turn|14
|
|detailschange|p2a: Metagross|Metagross-Mega
|-mega|p2a: Metagross|Metagross|Metagrossite
|move|p2a: Metagross|Hammer Arm|p1a: Ferrothorn
|-supereffective|p1a: Ferrothorn
|-damage|p1a: Ferrothorn|21\/351
|-damage|p2a: Metagross|173\/301|[from] ability: Iron Barbs|[of] p1a: Ferrothorn
|-damage|p2a: Metagross|123\/301|[from] item: Rocky Helmet|[of] p1a: Ferrothorn
|-unboost|p2a: Metagross|spe|1
|move|p1a: Ferrothorn|Gyro Ball|p2a: Metagross
|-resisted|p2a: Metagross
|-damage|p2a: Metagross|69\/301
|
|-end|p1a: Ferrothorn|move: Taunt
|turn|15
|
|move|p2a: Metagross|Thunder Punch|p1a: Ferrothorn
|-resisted|p1a: Ferrothorn
|-damage|p1a: Ferrothorn|0 fnt
|-damage|p2a: Metagross|32\/301|[from] ability: Iron Barbs|[of] p1a: Ferrothorn
|-damage|p2a: Metagross|0 fnt|[from] item: Rocky Helmet|[of] p1a: Ferrothorn
|faint|p2a: Metagross
|faint|p1a: Ferrothorn
|
|
|switch|p1a: Conkeldurr|Conkeldurr, F|413\/413
|switch|p2a: Wobbuffet|Wobbuffet, M|528\/528
|-damage|p1a: Conkeldurr|388\/413|[from] Stealth Rock
|-damage|p2a: Wobbuffet|462\/528|[from] Stealth Rock
|turn|16
|
|move|p1a: Conkeldurr|Knock Off|p2a: Wobbuffet
|-crit|p2a: Wobbuffet
|-supereffective|p2a: Wobbuffet
|-damage|p2a: Wobbuffet|38\/528
|-enditem|p2a: Wobbuffet|Leftovers|[from] move: Knock Off|[of] p1a: Conkeldurr
|move|p2a: Wobbuffet|Counter|p1a: Conkeldurr
|-damage|p1a: Conkeldurr|0 fnt
|faint|p1a: Conkeldurr
|
|
|switch|p1a: Tentacruel|Tentacruel, F|301\/301
|-damage|p1a: Tentacruel|264\/301|[from] Stealth Rock
|turn|17
|
|move|p1a: Tentacruel|Rapid Spin|p2a: Wobbuffet
|-damage|p2a: Wobbuffet|29\/528
|-sideend|p1: dicksorcery|Stealth Rock|[from] move: Rapid Spin|[of] p1a: Tentacruel
|move|p2a: Wobbuffet|Encore|p1a: Tentacruel
|-start|p1a: Tentacruel|Encore
|
|turn|18
|
|switch|p2a: Smeargle|Smeargle, M|274\/313
|-damage|p2a: Smeargle|235\/313|[from] Stealth Rock
|move|p1a: Tentacruel|Rapid Spin|p2a: Smeargle
|-damage|p2a: Smeargle|218\/313
|
|turn|19
|
|switch|p1a: Landorus-Therian|Landorus-Therian, M|382\/382
|-ability|p1a: Landorus-Therian|Intimidate|[of] p2a: Smeargle
|-unboost|p2a: Smeargle|atk|1
|move|p2a: Smeargle|Shift Gear|p2a: Smeargle
|-boost|p2a: Smeargle|atk|1
|-boost|p2a: Smeargle|spe|2
|
|turn|20
|
|move|p2a: Smeargle|Spore|p1a: Landorus-Therian
|-status|p1a: Landorus-Therian|slp
|cant|p1a: Landorus-Therian|slp
|
|turn|21
|
|move|p2a: Smeargle|Shift Gear|p2a: Smeargle
|-boost|p2a: Smeargle|atk|1
|-boost|p2a: Smeargle|spe|2
|-curestatus|p1a: Landorus-Therian|slp
|move|p1a: Landorus-Therian|Knock Off|p2a: Smeargle
|-damage|p2a: Smeargle|0 fnt
|-enditem|p2a: Smeargle|Focus Sash|[from] move: Knock Off|[of] p1a: Landorus-Therian
|faint|p2a: Smeargle
|
|-message|Medulla forfeited.
|
|win|dicksorcery
|raw|Ladder updating...
|leave|Medulla
|player|p2
|raw|dicksorcery's rating: 1405 &rarr; <strong>1432<\/strong><br \/>(+27 for winning)
|raw|Medulla's rating: 1543 &rarr; <strong>1515<\/strong><br \/>(-28 for losing)
|c|âdicksorcery|tragic