|join|absolcelebi111
|join|iameternal
|player|p1|absolcelebi111|253
|player|p2|iameternal|52
|gametype|singles
|gen|6
|tier|UU
|rated
|rule|Sleep Clause Mod: Limit one foe put to sleep
|rule|Species Clause: Limit one of each PokÃ©mon
|rule|OHKO Clause: OHKO moves are banned
|rule|Moody Clause: Moody is banned
|rule|Evasion Moves Clause: Evasion moves are banned
|rule|Endless Battle Clause: Forcing endless battles is banned
|rule|HP Percentage Mod: HP is shown in percentages
|clearpoke
|poke|p1|Absol, F
|poke|p1|Infernape, M
|poke|p1|Raikou
|poke|p1|Flygon, F
|poke|p1|Zangoose, M
|poke|p1|Vaporeon, M
|poke|p2|Diancie
|poke|p2|Umbreon, F
|poke|p2|Alakazam, M
|poke|p2|Haxorus, M
|poke|p2|Amoonguss, M
|poke|p2|Darmanitan, F
|rule|Swagger Clause: Swagger is banned
|rule|Baton Pass Clause: Limit one PokÃ©mon knowing Baton Pass
|teampreview
|
|start
|switch|p1a: Oculus|Flygon, F|301\/301
|switch|p2a: Haxorus|Haxorus, M|293\/293
|-ability|p2a: Haxorus|Mold Breaker
|turn|1
|
|switch|p2a: Umbreon|Umbreon, F|394\/394
|move|p1a: Oculus|Outrage|p2a: Umbreon
|-damage|p2a: Umbreon|228\/394
|
|-heal|p2a: Umbreon|252\/394|[from] item: Leftovers
|turn|2
|
|move|p2a: Umbreon|Protect|p2a: Umbreon
|-singleturn|p2a: Umbreon|Protect
|move|p1a: Oculus|Outrage|p2a: Umbreon
|-activate|p2a: Umbreon|Protect
|
|-end|p1a: Oculus|rampage
|-start|p1a: Oculus|confusion
|-heal|p2a: Umbreon|276\/394|[from] item: Leftovers
|turn|3
|
|switch|p1a: Solaris|Infernape, M|293\/293
|move|p2a: Umbreon|Toxic|p1a: Solaris
|-status|p1a: Solaris|tox
|
|-heal|p2a: Umbreon|300\/394|[from] item: Leftovers
|-damage|p1a: Solaris|275\/293 tox|[from] psn
|turn|4
|
|move|p2a: Umbreon|Protect|p2a: Umbreon
|-singleturn|p2a: Umbreon|Protect
|move|p1a: Solaris|Close Combat|p2a: Umbreon
|-activate|p2a: Umbreon|Protect
|
|-heal|p2a: Umbreon|324\/394|[from] item: Leftovers
|-damage|p1a: Solaris|239\/293 tox|[from] psn
|turn|5
|
|switch|p2a: Amoonguss|Amoonguss, M|432\/432
|move|p1a: Solaris|Close Combat|p2a: Amoonguss
|-resisted|p2a: Amoonguss
|-damage|p2a: Amoonguss|260\/432
|-unboost|p1a: Solaris|def|1
|-unboost|p1a: Solaris|spd|1
|-damage|p1a: Solaris|210\/293 tox|[from] item: Life Orb
|
|-heal|p2a: Amoonguss|287\/432|[from] item: Black Sludge
|-damage|p1a: Solaris|156\/293 tox|[from] psn
|turn|6
|
|switch|p2a: Darmanitan|Darmanitan, F|413\/413
|move|p1a: Solaris|Flare Blitz|p2a: Darmanitan
|-resisted|p2a: Darmanitan
|-damage|p2a: Darmanitan|209\/413
|-damage|p1a: Solaris|89\/293 tox|[from] recoil|[of] p2a: Darmanitan
|-damage|p1a: Solaris|60\/293 tox|[from] item: Life Orb
|
|-damage|p1a: Solaris|0 fnt|[from] psn
|faint|p1a: Solaris
|
|switch|p1a: Oculus|Flygon, F|301\/301
|turn|7
|
|switch|p2a: Umbreon|Umbreon, F|324\/394
|move|p1a: Oculus|Earthquake|p2a: Umbreon
|-damage|p2a: Umbreon|191\/394
|
|-heal|p2a: Umbreon|215\/394|[from] item: Leftovers
|turn|8
|
|switch|p1a: Reaper|Absol, F|271\/271
|move|p2a: Umbreon|Wish|p2a: Umbreon
|
|-heal|p2a: Umbreon|239\/394|[from] item: Leftovers
|turn|9
|
|switch|p2a: Diancie|Diancie|241\/241
|move|p1a: Reaper|Play Rough|p2a: Diancie
|-damage|p2a: Diancie|131\/241
|-damage|p1a: Reaper|244\/271|[from] item: Life Orb
|
|-heal|p2a: Diancie|241\/241|[from] move: Wish|[wisher] Umbreon
|turn|10
|
|switch|p1a: Luxeria|Vaporeon, M|401\/401
|detailschange|p2a: Diancie|Diancie-Mega
|-mega|p2a: Diancie|Diancie|Diancite
|move|p2a: Diancie|Moonblast|p1a: Luxeria
|-damage|p1a: Luxeria|185\/401
|
|-heal|p1a: Luxeria|210\/401|[from] item: Leftovers
|turn|11
|
|move|p1a: Luxeria|Protect|p1a: Luxeria
|-singleturn|p1a: Luxeria|Protect
|move|p2a: Diancie|Moonblast|p1a: Luxeria
|-activate|p1a: Luxeria|Protect
|
|-heal|p1a: Luxeria|235\/401|[from] item: Leftovers
|turn|12
|
|move|p2a: Diancie|Moonblast|p1a: Luxeria
|-damage|p1a: Luxeria|18\/401
|move|p1a: Luxeria|Scald|p2a: Diancie
|-supereffective|p2a: Diancie
|-damage|p2a: Diancie|35\/241
|
|-heal|p1a: Luxeria|43\/401|[from] item: Leftovers
|turn|13
|
|move|p2a: Diancie|Moonblast|p1a: Luxeria
|-damage|p1a: Luxeria|0 fnt
|faint|p1a: Luxeria
|
|
|switch|p1a: Acceleratec|Raikou|322\/322
|-ability|p1a: Acceleratec|Pressure
|turn|14
|
|switch|p2a: Amoonguss|Amoonguss, M|431\/432
|move|p1a: Acceleratec|Volt Switch|p2a: Amoonguss
|-resisted|p2a: Amoonguss
|-damage|p2a: Amoonguss|353\/432
|
|switch|p1a: Reaper|Absol, F|244\/271
|
|-heal|p2a: Amoonguss|380\/432|[from] item: Black Sludge
|turn|15
|
|move|p1a: Reaper|Psycho Cut|p2a: Amoonguss
|-crit|p2a: Amoonguss
|-supereffective|p2a: Amoonguss
|-damage|p2a: Amoonguss|0 fnt
|-damage|p1a: Reaper|217\/271|[from] item: Life Orb
|faint|p2a: Amoonguss
|
|
|switch|p2a: Alakazam|Alakazam, M|251\/251
|turn|16
|
|switch|p1a: Acceleratec|Raikou|322\/322
|-ability|p1a: Acceleratec|Pressure
|move|p2a: Alakazam|Focus Blast|p1a: Acceleratec
|-damage|p1a: Acceleratec|181\/322
|
|turn|17
|
|move|p1a: Acceleratec|Thunderbolt|p2a: Alakazam
|-damage|p2a: Alakazam|79\/251
|move|p2a: Alakazam|Psyshock|p1a: Acceleratec
|-damage|p1a: Acceleratec|0 fnt
|faint|p1a: Acceleratec
|
|
|switch|p1a: Oculus|Flygon, F|301\/301
|turn|18
|
|switch|p2a: Umbreon|Umbreon, F|239\/394
|move|p1a: Oculus|U-turn|p2a: Umbreon
|-supereffective|p2a: Umbreon
|-damage|p2a: Umbreon|109\/394
|
|switch|p1a: Slices|Zangoose, M|287\/287
|
|-heal|p2a: Umbreon|133\/394|[from] item: Leftovers
|turn|19
|
|move|p1a: Slices|Close Combat|p2a: Umbreon
|-supereffective|p2a: Umbreon
|-damage|p2a: Umbreon|0 fnt
|-unboost|p1a: Slices|def|1
|-unboost|p1a: Slices|spd|1
|faint|p2a: Umbreon
|
|
|switch|p2a: Diancie|Diancie-Mega|35\/241
|turn|20
|
|move|p2a: Diancie|Moonblast|p1a: Slices
|-damage|p1a: Slices|0 fnt
|faint|p1a: Slices
|
|
|switch|p1a: Oculus|Flygon, F|301\/301
|turn|21
|
|switch|p2a: Darmanitan|Darmanitan, F|209\/413
|move|p1a: Oculus|Earthquake|p2a: Darmanitan
|-supereffective|p2a: Darmanitan
|-damage|p2a: Darmanitan|0 fnt
|faint|p2a: Darmanitan
|
|
|switch|p2a: Haxorus|Haxorus, M|293\/293
|-ability|p2a: Haxorus|Mold Breaker
|turn|22
|
|move|p1a: Oculus|Earthquake|p2a: Haxorus
|-crit|p2a: Haxorus
|-damage|p2a: Haxorus|34\/293
|move|p2a: Haxorus|Outrage|p1a: Oculus
|-supereffective|p1a: Oculus
|-damage|p1a: Oculus|0 fnt
|faint|p1a: Oculus
|
|-message|absolcelebi111 forfeited.
|
|win|iameternal
|raw|Ladder updating...
|leave|absolcelebi111
|player|p1
|raw|absolcelebi111's rating: 1230 &rarr; <strong>1211<\/strong><br \/>(-19 for losing)
|raw|iameternal's rating: 1324 &rarr; <strong>1339<\/strong><br \/>(+15 for winning)