|join|IAmEternal
|join|MikaelFernandes
|player|p1|IAmEternal|52
|player|p2|MikaelFernandes|282
|gametype|singles
|gen|6
|tier|UU
|rated
|rule|Sleep Clause Mod: Limit one foe put to sleep
|rule|Species Clause: Limit one of each PokÃ©mon
|rule|OHKO Clause: OHKO moves are banned
|rule|Moody Clause: Moody is banned
|rule|Evasion Moves Clause: Evasion moves are banned
|rule|Endless Battle Clause: Forcing endless battles is banned
|rule|HP Percentage Mod: HP is shown in percentages
|clearpoke
|poke|p1|Diancie
|poke|p1|Umbreon, F
|poke|p1|Alakazam, M
|poke|p1|Haxorus, F
|poke|p1|Amoonguss, M
|poke|p1|Darmanitan, F
|poke|p2|Sharpedo, M
|poke|p2|Forretress, F
|poke|p2|Rotom-Heat, shiny
|poke|p2|Hydreigon, M
|poke|p2|Nidoqueen, F
|poke|p2|Toxicroak, M
|rule|Swagger Clause: Swagger is banned
|rule|Baton Pass Clause: Limit one PokÃ©mon knowing Baton Pass
|teampreview
|
|start
|switch|p1a: Diancie|Diancie|241\/241
|switch|p2a: Forretress|Forretress, F|354\/354
|turn|1
|
|switch|p1a: Haxorus|Haxorus, F|293\/293
|-ability|p1a: Haxorus|Mold Breaker
|move|p2a: Forretress|Spikes|p1a: Haxorus
|-sidestart|p1: IAmEternal|Spikes
|
|turn|2
|c|âMikaelFernandes|gl and hf
|c|âIAmEternal|you too
|
|move|p1a: Haxorus|Dragon Dance|p1a: Haxorus
|-boost|p1a: Haxorus|atk|1
|-boost|p1a: Haxorus|spe|1
|move|p2a: Forretress|Gyro Ball|p1a: Haxorus
|-damage|p1a: Haxorus|140\/293
|
|turn|3
|
|move|p1a: Haxorus|Earthquake|p2a: Forretress
|-damage|p2a: Forretress|228\/354
|move|p2a: Forretress|Gyro Ball|p1a: Haxorus
|-damage|p1a: Haxorus|0 fnt
|faint|p1a: Haxorus
|
|-heal|p2a: Forretress|250\/354|[from] item: Leftovers
|
|switch|p1a: Darmanitan|Darmanitan, F|413\/413
|-damage|p1a: Darmanitan|362\/413|[from] Spikes
|turn|4
|
|switch|p2a: Rotom-Heat|Rotom-Heat, shiny|304\/304
|move|p1a: Darmanitan|Rock Slide|p2a: Rotom-Heat
|-supereffective|p2a: Rotom-Heat
|-damage|p2a: Rotom-Heat|42\/304
|
|-heal|p2a: Rotom-Heat|61\/304|[from] item: Leftovers
|turn|5
|
|switch|p2a: Forretress|Forretress, F|250\/354
|move|p1a: Darmanitan|Rock Slide|p2a: Forretress
|-damage|p2a: Forretress|130\/354
|
|-heal|p2a: Forretress|152\/354|[from] item: Leftovers
|turn|6
|
|move|p1a: Darmanitan|Rock Slide|p2a: Forretress
|-damage|p2a: Forretress|15\/354
|move|p2a: Forretress|Spikes|p1a: Darmanitan
|-sidestart|p1: IAmEternal|Spikes
|
|-heal|p2a: Forretress|37\/354|[from] item: Leftovers
|turn|7
|
|move|p1a: Darmanitan|Rock Slide|p2a: Forretress
|-damage|p2a: Forretress|0 fnt
|faint|p2a: Forretress
|
|
|switch|p2a: Nidoqueen|Nidoqueen, F|353\/353
|turn|8
|
|switch|p1a: Amoonguss|Amoonguss, M|432\/432
|-damage|p1a: Amoonguss|360\/432|[from] Spikes
|move|p2a: Nidoqueen|Stealth Rock|p1a: Amoonguss
|-sidestart|p1: IAmEternal|move: Stealth Rock
|
|-heal|p1a: Amoonguss|387\/432|[from] item: Black Sludge
|turn|9
|
|switch|p2a: Rotom-Heat|Rotom-Heat, shiny|61\/304
|move|p1a: Amoonguss|Spore|p2a: Rotom-Heat
|-status|p2a: Rotom-Heat|slp
|
|-heal|p2a: Rotom-Heat|80\/304 slp|[from] item: Leftovers
|-heal|p1a: Amoonguss|414\/432|[from] item: Black Sludge
|turn|10
|
|switch|p2a: Hydreigon|Hydreigon, M|325\/325
|switch|p1a: Diancie|Diancie|241\/241
|-damage|p1a: Diancie|201\/241|[from] Spikes
|-damage|p1a: Diancie|171\/241|[from] Stealth Rock
|
|turn|11
|
|detailschange|p1a: Diancie|Diancie-Mega
|-mega|p1a: Diancie|Diancie|Diancite
|move|p2a: Hydreigon|U-turn|p1a: Diancie
|-resisted|p1a: Diancie
|-damage|p1a: Diancie|143\/241
|c|âMikaelFernandes|wait,isn't this thing BL???
|c|âIAmEternal|nope
|c|âIAmEternal|haha
|
|switch|p2a: Rotom-Heat|Rotom-Heat, shiny|80\/304 slp
|move|p1a: Diancie|Rock Polish|p1a: Diancie
|-boost|p1a: Diancie|spe|2
|
|-heal|p2a: Rotom-Heat|99\/304 slp|[from] item: Leftovers
|turn|12
|c|âIAmEternal|it's getting
|c|âIAmEternal|tested
|c|âMikaelFernandes|thats crazy
|
|move|p1a: Diancie|Diamond Storm|p2a: Rotom-Heat
|-supereffective|p2a: Rotom-Heat
|-damage|p2a: Rotom-Heat|0 fnt
|faint|p2a: Rotom-Heat
|
|c|âIAmEternal|kind of lol
|c|âIAmEternal|so use it while you can lol
|
|switch|p2a: Sharpedo|Sharpedo, M|281\/281
|turn|13
|
|move|p2a: Sharpedo|Protect|p2a: Sharpedo
|-singleturn|p2a: Sharpedo|Protect
|move|p1a: Diancie|Rock Polish|p1a: Diancie
|-boost|p1a: Diancie|spe|2
|
|-boost|p2a: Sharpedo|spe|1|[from] ability: Speed Boost
|turn|14
|
|switch|p2a: Nidoqueen|Nidoqueen, F|353\/353
|move|p1a: Diancie|Moonblast|p2a: Nidoqueen
|-resisted|p2a: Nidoqueen
|-damage|p2a: Nidoqueen|230\/353
|
|turn|15
|
|move|p1a: Diancie|Earth Power|p2a: Nidoqueen
|-supereffective|p2a: Nidoqueen
|-damage|p2a: Nidoqueen|0 fnt
|faint|p2a: Nidoqueen
|
|-message|MikaelFernandes forfeited.
|leave|MikaelFernandes
|
|win|IAmEternal
|raw|Ladder updating...
|player|p2
|raw|IAmEternal's rating: 1217 &rarr; <strong>1248<\/strong><br \/>(+31 for winning)
|raw|MikaelFernandes's rating: 1310 &rarr; <strong>1285<\/strong><br \/>(-25 for losing)