|join|James Jimmy
|join|IAmEternal
|player|p1|James Jimmy|162
|player|p2|IAmEternal|52
|gametype|singles
|gen|6
|tier|UU
|rated
|rule|Sleep Clause Mod: Limit one foe put to sleep
|rule|Species Clause: Limit one of each PokÃ©mon
|rule|OHKO Clause: OHKO moves are banned
|rule|Moody Clause: Moody is banned
|rule|Evasion Moves Clause: Evasion moves are banned
|rule|Endless Battle Clause: Forcing endless battles is banned
|rule|HP Percentage Mod: HP is shown in percentages
|clearpoke
|poke|p1|Sharpedo, M
|poke|p1|Chandelure, M
|poke|p1|Mienshao, F
|poke|p1|Starmie
|poke|p1|Hydreigon, F
|poke|p1|Jirachi
|poke|p2|Diancie
|poke|p2|Umbreon, M
|poke|p2|Alakazam, M
|poke|p2|Haxorus, M
|poke|p2|Amoonguss, F
|poke|p2|Darmanitan, F
|rule|Swagger Clause: Swagger is banned
|rule|Baton Pass Clause: Limit one PokÃ©mon knowing Baton Pass
|teampreview
|
|start
|switch|p1a: Mienshao|Mienshao, F|271\/271
|switch|p2a: Amoonguss|Amoonguss, F|432\/432
|turn|1
|
|move|p1a: Mienshao|U-turn|p2a: Amoonguss
|-damage|p2a: Amoonguss|329\/432
|
|switch|p1a: Starmie|Starmie|324\/324
|move|p2a: Amoonguss|Spore|p1a: Starmie
|-status|p1a: Starmie|slp
|
|-heal|p2a: Amoonguss|356\/432|[from] item: Black Sludge
|turn|2
|
|switch|p1a: Mienshao|Mienshao, F|271\/271
|move|p2a: Amoonguss|Giga Drain|p1a: Mienshao
|-damage|p1a: Mienshao|109\/271
|-heal|p2a: Amoonguss|432\/432|[from] drain|[of] p1a: Mienshao
|
|turn|3
|
|move|p1a: Mienshao|U-turn|p2a: Amoonguss
|-damage|p2a: Amoonguss|324\/432
|
|switch|p1a: Chandelure|Chandelure, M|285\/285
|move|p2a: Amoonguss|Sludge Bomb|p1a: Chandelure
|-resisted|p1a: Chandelure
|-damage|p1a: Chandelure|212\/285
|-status|p1a: Chandelure|psn
|
|-heal|p1a: Chandelure|229\/285 psn|[from] item: Leftovers
|-heal|p2a: Amoonguss|351\/432|[from] item: Black Sludge
|-damage|p1a: Chandelure|194\/285 psn|[from] psn
|turn|4
|
|move|p1a: Chandelure|Shadow Ball|p2a: Amoonguss
|-damage|p2a: Amoonguss|143\/432
|move|p2a: Amoonguss|Sludge Bomb|p1a: Chandelure
|-resisted|p1a: Chandelure
|-damage|p1a: Chandelure|121\/285 psn
|
|-heal|p1a: Chandelure|138\/285 psn|[from] item: Leftovers
|-heal|p2a: Amoonguss|170\/432|[from] item: Black Sludge
|-damage|p1a: Chandelure|103\/285 psn|[from] psn
|turn|5
|
|switch|p2a: Umbreon|Umbreon, M|394\/394
|move|p1a: Chandelure|Fire Blast|p2a: Umbreon
|-damage|p2a: Umbreon|250\/394
|-status|p2a: Umbreon|brn
|
|-heal|p1a: Chandelure|120\/285 psn|[from] item: Leftovers
|-heal|p2a: Umbreon|274\/394 brn|[from] item: Leftovers
|-damage|p1a: Chandelure|85\/285 psn|[from] psn
|-damage|p2a: Umbreon|225\/394 brn|[from] brn
|turn|6
|
|move|p1a: Chandelure|Fire Blast|p2a: Umbreon
|-damage|p2a: Umbreon|90\/394 brn
|move|p2a: Umbreon|Wish|p2a: Umbreon
|
|-heal|p1a: Chandelure|102\/285 psn|[from] item: Leftovers
|-heal|p2a: Umbreon|114\/394 brn|[from] item: Leftovers
|-damage|p1a: Chandelure|67\/285 psn|[from] psn
|-damage|p2a: Umbreon|65\/394 brn|[from] brn
|turn|7
|
|switch|p1a: Hydreigon|Hydreigon, F|325\/325
|switch|p2a: Diancie|Diancie|241\/241
|
|turn|8
|
|switch|p1a: Jirachi|Jirachi|341\/341
|detailschange|p2a: Diancie|Diancie-Mega
|-mega|p2a: Diancie|Diancie|Diancite
|move|p2a: Diancie|Earth Power|p1a: Jirachi
|-supereffective|p1a: Jirachi
|-damage|p1a: Jirachi|83\/341
|-unboost|p1a: Jirachi|spd|1
|
|-heal|p1a: Jirachi|104\/341|[from] item: Leftovers
|turn|9
|
|switch|p2a: Darmanitan|Darmanitan, F|413\/413
|move|p1a: Jirachi|Iron Head|p2a: Darmanitan
|-resisted|p2a: Darmanitan
|-damage|p2a: Darmanitan|325\/413
|
|-heal|p1a: Jirachi|125\/341|[from] item: Leftovers
|turn|10
|
|switch|p1a: Chandelure|Chandelure, M|67\/285 psn
|move|p2a: Darmanitan|U-turn|p1a: Chandelure
|-resisted|p1a: Chandelure
|-damage|p1a: Chandelure|29\/285 psn
|join|iLeon
|
|switch|p2a: Diancie|Diancie-Mega|241\/241
|
|-heal|p1a: Chandelure|46\/285 psn|[from] item: Leftovers
|-damage|p1a: Chandelure|11\/285 psn|[from] psn
|turn|11
|
|move|p2a: Diancie|Rock Polish|p2a: Diancie
|-boost|p2a: Diancie|spe|2
|move|p1a: Chandelure|Shadow Ball|p2a: Diancie
|-damage|p2a: Diancie|99\/241
|
|-heal|p1a: Chandelure|28\/285 psn|[from] item: Leftovers
|-damage|p1a: Chandelure|0 fnt|[from] psn
|faint|p1a: Chandelure
|
|switch|p1a: Mienshao|Mienshao, F|109\/271
|turn|12
|
|move|p2a: Diancie|Moonblast|p1a: Mienshao
|-supereffective|p1a: Mienshao
|-damage|p1a: Mienshao|0 fnt
|faint|p1a: Mienshao
|
|
|switch|p1a: Sharpedo|Sharpedo, M|281\/281
|turn|13
|
|move|p1a: Sharpedo|Protect|p1a: Sharpedo
|-singleturn|p1a: Sharpedo|Protect
|move|p2a: Diancie|Rock Polish|p2a: Diancie
|-boost|p2a: Diancie|spe|2
|
|-boost|p1a: Sharpedo|spe|1|[from] ability: Speed Boost
|turn|14
|
|detailschange|p1a: Sharpedo|Sharpedo-Mega, M
|-mega|p1a: Sharpedo|Sharpedo|Sharpedonite
|move|p2a: Diancie|Moonblast|p1a: Sharpedo
|-supereffective|p1a: Sharpedo
|-damage|p1a: Sharpedo|0 fnt
|faint|p1a: Sharpedo
|
|join|Bilalv235
|
|switch|p1a: Starmie|Starmie|324\/324
|turn|15
|c|âJames Jimmy|gg
|c| iLeon|that was such a retarded move, eternal
|c|âIAmEternal|?
|c|âIAmEternal|how so
|c| iLeon|why'd u risk him attacking
|c|âIAmEternal|nah
|c|âIAmEternal|sharpedos
|c|âIAmEternal|always
|c|âIAmEternal|protect
|c|âIAmEternal|for the guaranteed speed boost
|c|âIAmEternal|i knew he needed to outspeed me
|c| iLeon|he still wouldnt outspeed u
|c| iLeon|js
|leave|Bilalv235
|
|move|p2a: Diancie|Moonblast|p1a: Starmie
|-damage|p1a: Starmie|56\/324
|move|p1a: Starmie|Scald|p2a: Diancie
|-supereffective|p2a: Diancie
|-damage|p2a: Diancie|0 fnt
|faint|p2a: Diancie
|
|-heal|p1a: Starmie|76\/324|[from] item: Leftovers
|c|âIAmEternal|he would
|c|âIAmEternal|I'm not timid
|c| iLeon|u were at +2
|
|switch|p2a: Alakazam|Alakazam, M|251\/251
|turn|16
|c| iLeon|he wouldve been at +1
|c| iLeon|lol
|c|âIAmEternal|even so i needed to put that turn to use
|
|move|p2a: Alakazam|Shadow Ball|p1a: Starmie
|-supereffective|p1a: Starmie
|-damage|p1a: Starmie|0 fnt
|faint|p1a: Starmie
|
|c| iLeon|lol u dont understand i gues
|
|switch|p1a: Hydreigon|Hydreigon, F|325\/325
|turn|17
|
|move|p2a: Alakazam|Thunder Wave|p1a: Hydreigon
|-status|p1a: Hydreigon|par
|move|p1a: Hydreigon|Dark Pulse|p2a: Alakazam
|-supereffective|p2a: Alakazam
|-enditem|p2a: Alakazam|Focus Sash
|-damage|p2a: Alakazam|1\/251
|-damage|p1a: Hydreigon|293\/325 par|[from] item: Life Orb
|
|turn|18
|c| iLeon|the concept of risk-reward
|
|move|p2a: Alakazam|Focus Blast|p1a: Hydreigon|[miss]
|-miss|p2a: Alakazam|p1a: Hydreigon
|move|p1a: Hydreigon|Dark Pulse|p2a: Alakazam
|-supereffective|p2a: Alakazam
|-damage|p2a: Alakazam|0 fnt
|-damage|p1a: Hydreigon|261\/325 par|[from] item: Life Orb
|faint|p2a: Alakazam
|
|
|switch|p2a: Darmanitan|Darmanitan, F|325\/413
|turn|19
|
|move|p2a: Darmanitan|Superpower|p1a: Hydreigon
|-supereffective|p1a: Hydreigon
|-damage|p1a: Hydreigon|0 fnt
|-unboost|p2a: Darmanitan|atk|1
|-unboost|p2a: Darmanitan|def|1
|faint|p1a: Hydreigon
|
|c|âIAmEternal|sure smartass
|
|switch|p1a: Jirachi|Jirachi|125\/341
|turn|20
|
|switch|p2a: Umbreon|Umbreon, M|65\/394 brn
|move|p1a: Jirachi|Body Slam|p2a: Umbreon
|-damage|p2a: Umbreon|0 fnt
|faint|p2a: Umbreon
|
|-heal|p1a: Jirachi|146\/341|[from] item: Leftovers
|
|switch|p2a: Haxorus|Haxorus, M|293\/293
|-ability|p2a: Haxorus|Mold Breaker
|turn|21
|
|move|p1a: Jirachi|Body Slam|p2a: Haxorus
|-damage|p2a: Haxorus|197\/293
|move|p2a: Haxorus|Earthquake|p1a: Jirachi
|-supereffective|p1a: Jirachi
|-damage|p1a: Jirachi|0 fnt
|faint|p1a: Jirachi
|
|win|IAmEternal
|raw|Ladder updating...
|raw|James Jimmy's rating: 1259 &rarr; <strong>1237<\/strong><br \/>(-22 for losing)
|raw|IAmEternal's rating: 1307 &rarr; <strong>1324<\/strong><br \/>(+17 for winning)
|c|âIAmEternal|gg
|leave|James Jimmy