|join|Futher Mucker
|join|IAmEternal
|player|p1|Futher Mucker|192
|player|p2|IAmEternal|52
|gametype|singles
|gen|6
|tier|UU
|rated
|rule|Sleep Clause Mod: Limit one foe put to sleep
|rule|Species Clause: Limit one of each PokÃ©mon
|rule|OHKO Clause: OHKO moves are banned
|rule|Moody Clause: Moody is banned
|rule|Evasion Moves Clause: Evasion moves are banned
|rule|Endless Battle Clause: Forcing endless battles is banned
|rule|HP Percentage Mod: HP is shown in percentages
|clearpoke
|poke|p1|Entei, shiny
|poke|p1|Jirachi
|poke|p1|Crobat, F
|poke|p1|Hydreigon, M
|poke|p1|Sharpedo, F
|poke|p1|Raikou, shiny
|poke|p2|Medicham, F
|poke|p2|Entei, shiny
|poke|p2|Hydreigon, M
|poke|p2|Crobat, F
|poke|p2|Suicune
|poke|p2|Raikou
|rule|Swagger Clause: Swagger is banned
|rule|Baton Pass Clause: Limit one PokÃ©mon knowing Baton Pass
|teampreview
|c|âFuther Mucker|lol glhf breh
|c|âFuther Mucker|very similar teams
|
|start
|switch|p1a: Hydreigon|Hydreigon, M|325\/325
|switch|p2a: Entei|Entei, shiny|371\/371
|-ability|p2a: Entei|Pressure
|turn|1
|
|move|p1a: Hydreigon|U-turn|p2a: Entei
|-resisted|p2a: Entei
|-damage|p2a: Entei|341\/371
|
|switch|p1a: Mufasa|Entei, shiny|371\/371
|-ability|p1a: Mufasa|Pressure
|move|p2a: Entei|Stone Edge|p1a: Mufasa
|-supereffective|p1a: Mufasa
|-damage|p1a: Mufasa|0 fnt
|faint|p1a: Mufasa
|
|c|âFuther Mucker|welp i got predicted
|c|âIAmEternal|well
|
|switch|p1a: Sharpedo|Sharpedo, F|281\/281
|turn|2
|c|âIAmEternal|kind of yeah
|
|switch|p2a: Suicune|Suicune|404\/404
|-ability|p2a: Suicune|Pressure
|switch|p1a: Raiden|Raikou, shiny|321\/321
|-ability|p1a: Raiden|Pressure
|
|turn|3
|
|move|p1a: Raiden|Volt Switch|p2a: Suicune
|-supereffective|p2a: Suicune
|-damage|p2a: Suicune|206\/404
|
|switch|p1a: Hydreigon|Hydreigon, M|325\/325
|move|p2a: Suicune|Scald|p1a: Hydreigon
|-resisted|p1a: Hydreigon
|-damage|p1a: Hydreigon|274\/325
|
|-heal|p2a: Suicune|231\/404|[from] item: Leftovers
|turn|4
|
|move|p1a: Hydreigon|U-turn|p2a: Suicune
|-damage|p2a: Suicune|194\/404
|
|switch|p1a: Raiden|Raikou, shiny|321\/321
|-ability|p1a: Raiden|Pressure
|move|p2a: Suicune|Ice Beam|p1a: Raiden
|-damage|p1a: Raiden|259\/321
|
|-heal|p1a: Raiden|279\/321|[from] item: Leftovers
|-heal|p2a: Suicune|219\/404|[from] item: Leftovers
|turn|5
|
|switch|p2a: Raikou|Raikou|321\/321
|-ability|p2a: Raikou|Pressure
|move|p1a: Raiden|Volt Switch|p2a: Raikou
|-resisted|p2a: Raikou
|-damage|p2a: Raikou|259\/321
|
|switch|p1a: Jirachi|Jirachi|403\/403
|
|turn|6
|
|move|p2a: Raikou|Thunderbolt|p1a: Jirachi
|-damage|p1a: Jirachi|246\/403
|move|p1a: Jirachi|Stealth Rock|p2a: Raikou
|-sidestart|p2: IAmEternal|move: Stealth Rock
|
|-heal|p1a: Jirachi|271\/403|[from] item: Leftovers
|turn|7
|
|move|p2a: Raikou|Thunderbolt|p1a: Jirachi
|-damage|p1a: Jirachi|105\/403
|move|p1a: Jirachi|U-turn|p2a: Raikou
|-damage|p2a: Raikou|188\/321
|
|switch|p1a: Raiden|Raikou, shiny|279\/321
|-ability|p1a: Raiden|Pressure
|
|-heal|p1a: Raiden|299\/321|[from] item: Leftovers
|turn|8
|
|move|p1a: Raiden|Calm Mind|p1a: Raiden
|-boost|p1a: Raiden|spa|1
|-boost|p1a: Raiden|spd|1
|move|p2a: Raikou|Thunderbolt|p1a: Raiden
|-resisted|p1a: Raiden
|-damage|p1a: Raiden|232\/321
|
|-heal|p1a: Raiden|252\/321|[from] item: Leftovers
|turn|9
|
|switch|p2a: Crobat|Crobat, F|311\/311
|-damage|p2a: Crobat|234\/311|[from] Stealth Rock
|move|p1a: Raiden|Calm Mind|p1a: Raiden
|-boost|p1a: Raiden|spa|1
|-boost|p1a: Raiden|spd|1
|
|-heal|p2a: Crobat|253\/311|[from] item: Black Sludge
|-heal|p1a: Raiden|272\/321|[from] item: Leftovers
|turn|10
|
|move|p2a: Crobat|Tailwind|p2a: Crobat
|-sidestart|p2: IAmEternal|move: Tailwind
|move|p1a: Raiden|Calm Mind|p1a: Raiden
|-boost|p1a: Raiden|spa|1
|-boost|p1a: Raiden|spd|1
|
|-heal|p2a: Crobat|272\/311|[from] item: Black Sludge
|-heal|p1a: Raiden|292\/321|[from] item: Leftovers
|turn|11
|
|move|p2a: Crobat|Defog|p1a: Raiden
|-unboost|p1a: Raiden|evasion|1
|-sideend|p2: IAmEternal|Stealth Rock|[from] move: Defog|[of] p2a: Crobat
|move|p1a: Raiden|Calm Mind|p1a: Raiden
|-boost|p1a: Raiden|spa|1
|-boost|p1a: Raiden|spd|1
|
|-heal|p2a: Crobat|291\/311|[from] item: Black Sludge
|-heal|p1a: Raiden|312\/321|[from] item: Leftovers
|turn|12
|
|move|p2a: Crobat|U-turn|p1a: Raiden
|-damage|p1a: Raiden|223\/321
|
|switch|p2a: Medicham|Medicham, F|261\/261
|move|p1a: Raiden|Volt Switch|p2a: Medicham
|-damage|p2a: Medicham|0 fnt
|faint|p2a: Medicham
|c|âFuther Mucker|was expecting entei
|
|switch|p1a: Hydreigon|Hydreigon, M|274\/325
|
|c|âIAmEternal|i was debating haha
|c|âFuther Mucker|well its a good thing you diddnt
|
|switch|p2a: Hydreigon|Hydreigon, M|325\/325
|turn|13
|
|switch|p1a: Jirachi|Jirachi|105\/403
|move|p2a: Hydreigon|Dark Pulse|p1a: Jirachi
|-supereffective|p1a: Jirachi
|-damage|p1a: Jirachi|0 fnt
|-damage|p2a: Hydreigon|293\/325|[from] item: Life Orb
|faint|p1a: Jirachi
|
|-sideend|p2: IAmEternal|move: Tailwind
|
|switch|p1a: Sharpedo|Sharpedo, F|281\/281
|turn|14
|
|switch|p2a: Suicune|Suicune|219\/404
|-ability|p2a: Suicune|Pressure
|move|p1a: Sharpedo|Protect|p1a: Sharpedo
|-fail|p1a: Sharpedo
|
|-heal|p2a: Suicune|244\/404|[from] item: Leftovers
|-boost|p1a: Sharpedo|spe|1|[from] ability: Speed Boost
|turn|15
|
|switch|p1a: Raiden|Raikou, shiny|223\/321
|-ability|p1a: Raiden|Pressure
|move|p2a: Suicune|Scald|p1a: Raiden
|-damage|p1a: Raiden|136\/321
|-status|p1a: Raiden|brn
|
|-heal|p1a: Raiden|156\/321 brn|[from] item: Leftovers
|-heal|p2a: Suicune|269\/404|[from] item: Leftovers
|-damage|p1a: Raiden|116\/321 brn|[from] brn
|turn|16
|
|move|p1a: Raiden|Thunderbolt|p2a: Suicune
|-supereffective|p2a: Suicune
|-damage|p2a: Suicune|15\/404
|move|p2a: Suicune|Ice Beam|p1a: Raiden
|-damage|p1a: Raiden|48\/321 brn
|
|-heal|p1a: Raiden|68\/321 brn|[from] item: Leftovers
|-heal|p2a: Suicune|40\/404|[from] item: Leftovers
|-damage|p1a: Raiden|28\/321 brn|[from] brn
|turn|17
|
|move|p1a: Raiden|Volt Switch|p2a: Suicune
|-crit|p2a: Suicune
|-supereffective|p2a: Suicune
|-damage|p2a: Suicune|0 fnt
|faint|p2a: Suicune
|c|âFuther Mucker|lol dat crit tho
|c|âIAmEternal|haha yeah
|
|switch|p1a: Sharpedo|Sharpedo, F|281\/281
|
|
|switch|p2a: Crobat|Crobat, F|291\/311
|turn|18
|
|switch|p1a: Raiden|Raikou, shiny|28\/321 brn
|-ability|p1a: Raiden|Pressure
|move|p2a: Crobat|Tailwind|p2a: Crobat
|-sidestart|p2: IAmEternal|move: Tailwind
|
|-heal|p2a: Crobat|310\/311|[from] item: Black Sludge
|-heal|p1a: Raiden|48\/321 brn|[from] item: Leftovers
|-damage|p1a: Raiden|8\/321 brn|[from] brn
|turn|19
|
|move|p2a: Crobat|U-turn|p1a: Raiden
|-damage|p1a: Raiden|0 fnt
|faint|p1a: Raiden
|
|switch|p2a: Hydreigon|Hydreigon, M|293\/325
|
|
|switch|p1a: Sharpedo|Sharpedo, F|281\/281
|turn|20
|
|move|p1a: Sharpedo|Protect|p1a: Sharpedo
|-singleturn|p1a: Sharpedo|Protect
|move|p2a: Hydreigon|Draco Meteor|p1a: Sharpedo
|-activate|p1a: Sharpedo|Protect
|
|-boost|p1a: Sharpedo|spe|1|[from] ability: Speed Boost
|turn|21
|
|switch|p1a: Crobat|Crobat, F|331\/331
|move|p2a: Hydreigon|Draco Meteor|p1a: Crobat|[miss]
|-miss|p2a: Hydreigon|p1a: Crobat
|
|-sideend|p2: IAmEternal|move: Tailwind
|turn|22
|c|âFuther Mucker|im sry bro
|
|switch|p2a: Crobat|Crobat, F|310\/311
|move|p1a: Crobat|U-turn|p2a: Crobat
|-crit|p2a: Crobat
|-resisted|p2a: Crobat
|-damage|p2a: Crobat|284\/311
|
|switch|p1a: Sharpedo|Sharpedo, F|281\/281
|
|-heal|p2a: Crobat|303\/311|[from] item: Black Sludge
|turn|23
|
|move|p1a: Sharpedo|Protect|p1a: Sharpedo
|-singleturn|p1a: Sharpedo|Protect
|move|p2a: Crobat|Tailwind|p2a: Crobat
|-sidestart|p2: IAmEternal|move: Tailwind
|
|-heal|p2a: Crobat|311\/311|[from] item: Black Sludge
|-boost|p1a: Sharpedo|spe|1|[from] ability: Speed Boost
|turn|24
|
|move|p2a: Crobat|Brave Bird|p1a: Sharpedo
|-damage|p1a: Sharpedo|0 fnt
|-damage|p2a: Crobat|218\/311|[from] recoil|[of] p1a: Sharpedo
|faint|p1a: Sharpedo
|
|-heal|p2a: Crobat|237\/311|[from] item: Black Sludge
|c|âFuther Mucker|damnit im dumb gg breh
|c|âIAmEternal|gg
|
|switch|p1a: Crobat|Crobat, F|331\/331
|turn|25
|
|move|p2a: Crobat|U-turn|p1a: Crobat
|-resisted|p1a: Crobat
|-damage|p1a: Crobat|312\/331
|
|switch|p2a: Raikou|Raikou|188\/321
|-ability|p2a: Raikou|Pressure
|move|p1a: Crobat|Brave Bird|p2a: Raikou
|-crit|p2a: Raikou
|-resisted|p2a: Raikou
|-damage|p2a: Raikou|41\/321
|-damage|p1a: Crobat|263\/331|[from] recoil|[of] p2a: Raikou
|
|-heal|p1a: Crobat|283\/331|[from] item: Black Sludge
|turn|26
|
|switch|p1a: Hydreigon|Hydreigon, M|274\/325
|move|p2a: Raikou|Volt Switch|p1a: Hydreigon
|-resisted|p1a: Hydreigon
|-damage|p1a: Hydreigon|184\/325
|
|switch|p2a: Entei|Entei, shiny|341\/371
|-ability|p2a: Entei|Pressure
|
|-sideend|p2: IAmEternal|move: Tailwind
|turn|27
|c|âFuther Mucker|is mega-medicham uu?
|
|move|p2a: Entei|Extreme Speed|p1a: Hydreigon
|-damage|p1a: Hydreigon|9\/325
|move|p1a: Hydreigon|Dark Pulse|p2a: Entei
|-damage|p2a: Entei|161\/371
|
|turn|28
|c|âIAmEternal|its being tested lol
|c|âIAmEternal|but you didnt
|c|âIAmEternal|get to see it
|c|âIAmEternal|haha
|c|âFuther Mucker|oh okay lol
|
|move|p2a: Entei|Extreme Speed|p1a: Hydreigon
|-damage|p1a: Hydreigon|0 fnt
|faint|p1a: Hydreigon
|
|c|âFuther Mucker|yea thats what i was wondering
|
|switch|p1a: Crobat|Crobat, F|283\/331
|turn|29
|
|move|p2a: Entei|Extreme Speed|p1a: Crobat
|-crit|p1a: Crobat
|-damage|p1a: Crobat|9\/331
|move|p1a: Crobat|Brave Bird|p2a: Entei
|-damage|p2a: Entei|0 fnt
|-damage|p1a: Crobat|0 fnt|[from] recoil|[of] p2a: Entei
|faint|p2a: Entei
|faint|p1a: Crobat
|
|win|IAmEternal
|raw|Ladder updating...
|raw|Futher Mucker's rating: 1434 &rarr; <strong>1413<\/strong><br \/>(-21 for losing)
|raw|IAmEternal's rating: 1422 &rarr; <strong>1443<\/strong><br \/>(+21 for winning)
|c|âIAmEternal|gg
|c|âFuther Mucker|gg
|leave|Futher Mucker
|player|p1