|join|Julie3
|join|IAmEternal
|player|p1|Julie3|170
|player|p2|IAmEternal|52
|gametype|singles
|gen|6
|tier|UU
|rated
|rule|Sleep Clause Mod: Limit one foe put to sleep
|rule|Species Clause: Limit one of each PokÃ©mon
|rule|OHKO Clause: OHKO moves are banned
|rule|Moody Clause: Moody is banned
|rule|Evasion Moves Clause: Evasion moves are banned
|rule|Endless Battle Clause: Forcing endless battles is banned
|rule|HP Percentage Mod: HP is shown in percentages
|clearpoke
|poke|p1|Lucario, M
|poke|p1|Chandelure, F
|poke|p1|Shaymin
|poke|p1|Kingdra, M
|poke|p1|Pidgeot, F
|poke|p1|Azelf
|poke|p2|Medicham, F
|poke|p2|Entei, shiny
|poke|p2|Hydreigon, F
|poke|p2|Crobat, M
|poke|p2|Suicune
|poke|p2|Raikou
|rule|Swagger Clause: Swagger is banned
|rule|Baton Pass Clause: Limit one PokÃ©mon knowing Baton Pass
|teampreview
|
|start
|switch|p1a: Azelf|Azelf|291\/291
|switch|p2a: Crobat|Crobat, M|311\/311
|turn|1
|
|move|p1a: Azelf|Psychic|p2a: Crobat
|-supereffective|p2a: Crobat
|-damage|p2a: Crobat|0 fnt
|faint|p2a: Crobat
|
|
|switch|p2a: Hydreigon|Hydreigon, F|325\/325
|turn|2
|
|switch|p1a: Shaymin|Shaymin|341\/341
|move|p2a: Hydreigon|Draco Meteor|p1a: Shaymin
|-damage|p1a: Shaymin|36\/341
|-unboost|p2a: Hydreigon|spa|2
|-damage|p2a: Hydreigon|293\/325|[from] item: Life Orb
|
|-heal|p1a: Shaymin|57\/341|[from] item: Leftovers
|turn|3
|
|move|p1a: Shaymin|Seed Flare|p2a: Hydreigon|[miss]
|-miss|p1a: Shaymin|p2a: Hydreigon
|move|p2a: Hydreigon|Dark Pulse|p1a: Shaymin
|-damage|p1a: Shaymin|0 fnt
|-damage|p2a: Hydreigon|261\/325|[from] item: Life Orb
|faint|p1a: Shaymin
|
|
|switch|p1a: Pidgeot|Pidgeot, F|307\/307
|turn|4
|
|switch|p2a: Raikou|Raikou|321\/321
|-ability|p2a: Raikou|Pressure
|detailschange|p1a: Pidgeot|Pidgeot-Mega, F
|-mega|p1a: Pidgeot|Pidgeot|Pidgeotite
|move|p1a: Pidgeot|Hurricane|p2a: Raikou
|-resisted|p2a: Raikou
|-damage|p2a: Raikou|214\/321
|-start|p2a: Raikou|confusion
|
|turn|5
|
|move|p1a: Pidgeot|Hurricane|p2a: Raikou
|-resisted|p2a: Raikou
|-damage|p2a: Raikou|115\/321
|-activate|p2a: Raikou|confusion
|-damage|p2a: Raikou|81\/321|[from] confusion
|
|turn|6
|
|move|p1a: Pidgeot|Hurricane|p2a: Raikou
|-crit|p2a: Raikou
|-resisted|p2a: Raikou
|-damage|p2a: Raikou|0 fnt
|faint|p2a: Raikou
|
|
|switch|p2a: Suicune|Suicune|404\/404
|-ability|p2a: Suicune|Pressure
|turn|7
|
|move|p1a: Pidgeot|Hurricane|p2a: Suicune
|-damage|p2a: Suicune|221\/404
|move|p2a: Suicune|Calm Mind|p2a: Suicune
|-boost|p2a: Suicune|spa|1
|-boost|p2a: Suicune|spd|1
|
|-heal|p2a: Suicune|246\/404|[from] item: Leftovers
|turn|8
|
|switch|p1a: Kingdra|Kingdra, M|291\/291
|move|p2a: Suicune|Ice Beam|p1a: Kingdra
|-damage|p1a: Kingdra|191\/291
|
|-heal|p2a: Suicune|271\/404|[from] item: Leftovers
|turn|9
|
|move|p1a: Kingdra|Dragon Dance|p1a: Kingdra
|-boost|p1a: Kingdra|atk|1
|-boost|p1a: Kingdra|spe|1
|move|p2a: Suicune|Ice Beam|p1a: Kingdra
|-crit|p1a: Kingdra
|-damage|p1a: Kingdra|33\/291
|
|-heal|p2a: Suicune|296\/404|[from] item: Leftovers
|turn|10
|
|move|p1a: Kingdra|Rest|p1a: Kingdra
|-status|p1a: Kingdra|slp
|-heal|p1a: Kingdra|291\/291 slp|[silent]
|-status|p1a: Kingdra|slp|[from] move: Rest
|-enditem|p1a: Kingdra|Lum Berry|[eat]
|-curestatus|p1a: Kingdra|slp
|move|p2a: Suicune|Ice Beam|p1a: Kingdra
|-damage|p1a: Kingdra|197\/291
|
|-heal|p2a: Suicune|321\/404|[from] item: Leftovers
|turn|11
|
|move|p1a: Kingdra|Outrage|p2a: Suicune
|-damage|p2a: Suicune|129\/404
|move|p2a: Suicune|Ice Beam|p1a: Kingdra
|-damage|p1a: Kingdra|89\/291
|
|-heal|p2a: Suicune|154\/404|[from] item: Leftovers
|turn|12
|
|move|p1a: Kingdra|Outrage|p2a: Suicune
|-damage|p2a: Suicune|0 fnt
|faint|p2a: Suicune
|
|-end|p1a: Kingdra|rampage
|-start|p1a: Kingdra|confusion
|
|switch|p2a: Entei|Entei, shiny|371\/371
|-ability|p2a: Entei|Pressure
|turn|13
|
|-activate|p1a: Kingdra|confusion
|move|p1a: Kingdra|Outrage|p2a: Entei
|-damage|p2a: Entei|20\/371
|move|p2a: Entei|Stone Edge|p1a: Kingdra
|-damage|p1a: Kingdra|0 fnt
|faint|p1a: Kingdra
|
|
|switch|p1a: Lucario|Lucario, M|281\/281
|turn|14
|
|move|p1a: Lucario|Extreme Speed|p2a: Entei
|-crit|p2a: Entei
|-damage|p2a: Entei|0 fnt
|-damage|p1a: Lucario|253\/281|[from] item: Life Orb
|faint|p2a: Entei
|
|
|switch|p2a: Medicham|Medicham, F|261\/261
|turn|15
|
|detailschange|p2a: Medicham|Medicham-Mega, F
|-mega|p2a: Medicham|Medicham|Medichamite
|move|p1a: Lucario|Extreme Speed|p2a: Medicham
|-damage|p2a: Medicham|122\/261
|-damage|p1a: Lucario|225\/281|[from] item: Life Orb
|move|p2a: Medicham|Psycho Cut|p1a: Lucario
|-damage|p1a: Lucario|0 fnt
|faint|p1a: Lucario
|
|
|switch|p1a: Pidgeot|Pidgeot-Mega, F|307\/307
|turn|16
|
|move|p1a: Pidgeot|Hurricane|p2a: Medicham
|-supereffective|p2a: Medicham
|-damage|p2a: Medicham|0 fnt
|faint|p2a: Medicham
|
|
|switch|p2a: Hydreigon|Hydreigon, F|261\/325
|turn|17
|
|move|p1a: Pidgeot|Hyper Beam|p2a: Hydreigon
|-crit|p2a: Hydreigon
|-damage|p2a: Hydreigon|0 fnt
|faint|p2a: Hydreigon
|
|win|Julie3
|raw|Ladder updating...
|raw|Julie3's rating: 1474 &rarr; <strong>1488<\/strong><br \/>(+14 for winning)
|raw|IAmEternal's rating: 1383 &rarr; <strong>1368<\/strong><br \/>(-15 for losing)
|c|âIAmEternal|haha
|c|âJulie3|gg
|c|âIAmEternal|hyper beam
|c|âIAmEternal|i like your
|c|âIAmEternal|style
|c|âIAmEternal|gg yeah
|c|âJulie3|thanks ^^
|leave|Julie3