|join|iameternal
|join|Earthes
|player|p1|iameternal|52
|player|p2|Earthes|248
|gametype|singles
|gen|6
|tier|UU
|rated
|rule|Sleep Clause Mod: Limit one foe put to sleep
|rule|Species Clause: Limit one of each PokÃ©mon
|rule|OHKO Clause: OHKO moves are banned
|rule|Moody Clause: Moody is banned
|rule|Evasion Moves Clause: Evasion moves are banned
|rule|Endless Battle Clause: Forcing endless battles is banned
|rule|HP Percentage Mod: HP is shown in percentages
|clearpoke
|poke|p1|Diancie
|poke|p1|Umbreon, M
|poke|p1|Alakazam, F
|poke|p1|Haxorus, F
|poke|p1|Amoonguss, F
|poke|p1|Darmanitan, M
|poke|p2|Sharpedo, M
|poke|p2|Florges, F
|poke|p2|Donphan, M
|poke|p2|Toxicroak, M
|poke|p2|Noivern, F
|poke|p2|Darmanitan, M
|rule|Swagger Clause: Swagger is banned
|rule|Baton Pass Clause: Limit one PokÃ©mon knowing Baton Pass
|teampreview
|
|start
|switch|p1a: Diancie|Diancie|241\/241
|switch|p2a: Rick Addison|Darmanitan, M|351\/351
|turn|1
|
|detailschange|p1a: Diancie|Diancie-Mega
|-mega|p1a: Diancie|Diancie|Diancite
|move|p2a: Rick Addison|U-turn|p1a: Diancie
|-resisted|p1a: Diancie
|-damage|p1a: Diancie|194\/241
|
|switch|p2a: Sill Plain|Florges, F|360\/360
|move|p1a: Diancie|Diamond Storm|p2a: Sill Plain
|-damage|p2a: Sill Plain|129\/360
|-boost|p1a: Diancie|def|1
|
|-heal|p2a: Sill Plain|151\/360|[from] item: Leftovers
|turn|2
|
|move|p1a: Diancie|Diamond Storm|p2a: Sill Plain
|-damage|p2a: Sill Plain|0 fnt
|-boost|p1a: Diancie|def|1
|faint|p2a: Sill Plain
|
|
|switch|p2a: Dokuganryuu|Toxicroak, M|370\/370
|turn|3
|
|move|p1a: Diancie|Earth Power|p2a: Dokuganryuu
|-supereffective|p2a: Dokuganryuu
|-damage|p2a: Dokuganryuu|16\/370
|move|p2a: Dokuganryuu|Drain Punch|p1a: Diancie
|-damage|p1a: Diancie|130\/241
|-heal|p2a: Dokuganryuu|48\/370|[from] drain|[of] p1a: Diancie
|
|-heal|p2a: Dokuganryuu|71\/370|[from] item: Black Sludge
|turn|4
|
|switch|p2a: Shibata Katsuie|Donphan, M|383\/383
|move|p1a: Diancie|Moonblast|p2a: Shibata Katsuie
|-damage|p2a: Shibata Katsuie|34\/383
|
|turn|5
|
|move|p1a: Diancie|Moonblast|p2a: Shibata Katsuie
|-damage|p2a: Shibata Katsuie|0 fnt
|faint|p2a: Shibata Katsuie
|
|
|switch|p2a: Rance|Sharpedo, M|281\/281
|turn|6
|
|move|p2a: Rance|Protect|p2a: Rance
|-singleturn|p2a: Rance|Protect
|move|p1a: Diancie|Rock Polish|p1a: Diancie
|-boost|p1a: Diancie|spe|2
|
|-boost|p2a: Rance|spe|1|[from] ability: Speed Boost
|turn|7
|
|move|p2a: Rance|Protect|p2a: Rance
|-fail|p2a: Rance
|move|p1a: Diancie|Moonblast|p2a: Rance
|-supereffective|p2a: Rance
|-damage|p2a: Rance|0 fnt
|faint|p2a: Rance
|
|c|âEarthes|bg
|-message|Earthes forfeited.
|
|win|iameternal
|raw|Ladder updating...
|leave|Earthes
|player|p2
|raw|iameternal's rating: 1339 &rarr; <strong>1360<\/strong><br \/>(+21 for winning)
|raw|Earthes's rating: 1360 &rarr; <strong>1339<\/strong><br \/>(-21 for losing)