|join|Cervie
|join|IAmEternal
|player|p1|Cervie|70
|player|p2|IAmEternal|52
|gametype|singles
|gen|6
|tier|UU
|rated
|rule|Sleep Clause Mod: Limit one foe put to sleep
|rule|Species Clause: Limit one of each PokÃ©mon
|rule|OHKO Clause: OHKO moves are banned
|rule|Moody Clause: Moody is banned
|rule|Evasion Moves Clause: Evasion moves are banned
|rule|Endless Battle Clause: Forcing endless battles is banned
|rule|HP Percentage Mod: HP is shown in percentages
|clearpoke
|poke|p1|Mienshao, F, shiny
|poke|p1|Nidoking, M
|poke|p1|Honchkrow, M
|poke|p1|Rotom-Heat
|poke|p1|Empoleon, F
|poke|p1|Sceptile, M
|poke|p2|Medicham, M
|poke|p2|Entei, shiny
|poke|p2|Hydreigon, F
|poke|p2|Crobat, M
|poke|p2|Suicune
|poke|p2|Raikou
|rule|Swagger Clause: Swagger is banned
|rule|Baton Pass Clause: Limit one PokÃ©mon knowing Baton Pass
|teampreview
|
|start
|switch|p1a: Nidoking|Nidoking, M|303\/303
|switch|p2a: Crobat|Crobat, M|311\/311
|turn|1
|
|move|p2a: Crobat|Tailwind|p2a: Crobat
|-sidestart|p2: IAmEternal|move: Tailwind
|move|p1a: Nidoking|Ice Beam|p2a: Crobat
|-supereffective|p2a: Crobat
|-damage|p2a: Crobat|0 fnt
|faint|p2a: Crobat
|
|
|switch|p2a: Medicham|Medicham, M|261\/261
|turn|2
|
|switch|p1a: Rotom-Heat|Rotom-Heat|303\/303
|detailschange|p2a: Medicham|Medicham-Mega, M
|-mega|p2a: Medicham|Medicham|Medichamite
|move|p2a: Medicham|Substitute|p2a: Medicham
|-start|p2a: Medicham|Substitute
|-damage|p2a: Medicham|196\/261
|
|turn|3
|
|move|p2a: Medicham|High Jump Kick|p1a: Rotom-Heat
|-damage|p1a: Rotom-Heat|20\/303
|move|p1a: Rotom-Heat|Overheat|p2a: Medicham
|-end|p2a: Medicham|Substitute
|-unboost|p1a: Rotom-Heat|spa|2
|
|-heal|p1a: Rotom-Heat|38\/303|[from] item: Leftovers
|turn|4
|
|move|p2a: Medicham|Psycho Cut|p1a: Rotom-Heat
|-damage|p1a: Rotom-Heat|0 fnt
|faint|p1a: Rotom-Heat
|
|-sideend|p2: IAmEternal|move: Tailwind
|
|switch|p1a: Sceptile|Sceptile, M|281\/281
|turn|5
|
|switch|p2a: Raikou|Raikou|321\/321
|-ability|p2a: Raikou|Pressure
|detailschange|p1a: Sceptile|Sceptile-Mega, M
|-mega|p1a: Sceptile|Sceptile|Sceptilite
|move|p1a: Sceptile|Dragon Pulse|p2a: Raikou
|-damage|p2a: Raikou|170\/321
|
|turn|6
|
|switch|p1a: Empoleon|Empoleon, F|372\/372
|move|p2a: Raikou|Hidden Power|p1a: Empoleon
|-resisted|p1a: Empoleon
|-damage|p1a: Empoleon|356\/372
|
|-heal|p1a: Empoleon|372\/372|[from] item: Leftovers
|turn|7
|
|switch|p2a: Hydreigon|Hydreigon, F|325\/325
|move|p1a: Empoleon|Toxic|p2a: Hydreigon
|-status|p2a: Hydreigon|tox
|
|-damage|p2a: Hydreigon|305\/325 tox|[from] psn
|turn|8
|
|move|p2a: Hydreigon|Dark Pulse|p1a: Empoleon
|-damage|p1a: Empoleon|234\/372
|-damage|p2a: Hydreigon|273\/325 tox|[from] item: Life Orb
|move|p1a: Empoleon|Scald|p2a: Hydreigon
|-resisted|p2a: Hydreigon
|-damage|p2a: Hydreigon|222\/325 tox
|
|-heal|p1a: Empoleon|257\/372|[from] item: Leftovers
|-damage|p2a: Hydreigon|182\/325 tox|[from] psn
|turn|9
|
|switch|p2a: Raikou|Raikou|170\/321
|-ability|p2a: Raikou|Pressure
|move|p1a: Empoleon|Scald|p2a: Raikou
|-damage|p2a: Raikou|74\/321
|
|-heal|p1a: Empoleon|280\/372|[from] item: Leftovers
|turn|10
|
|switch|p1a: Nidoking|Nidoking, M|303\/303
|move|p2a: Raikou|Hidden Power|p1a: Nidoking
|-supereffective|p1a: Nidoking
|-damage|p1a: Nidoking|39\/303
|
|turn|11
|
|switch|p2a: Medicham|Medicham-Mega, M|196\/261
|switch|p1a: Empoleon|Empoleon, F|280\/372
|
|-heal|p1a: Empoleon|303\/372|[from] item: Leftovers
|turn|12
|
|move|p2a: Medicham|Substitute|p2a: Medicham
|-start|p2a: Medicham|Substitute
|-damage|p2a: Medicham|131\/261
|move|p1a: Empoleon|Roar|p2a: Medicham
|drag|p2a: Suicune|Suicune|404\/404
|-ability|p2a: Suicune|Pressure
|
|-heal|p1a: Empoleon|326\/372|[from] item: Leftovers
|turn|13
|
|switch|p2a: Hydreigon|Hydreigon, F|182\/325 tox
|move|p1a: Empoleon|Scald|p2a: Hydreigon
|-resisted|p2a: Hydreigon
|-damage|p2a: Hydreigon|127\/325 tox
|
|-heal|p1a: Empoleon|349\/372|[from] item: Leftovers
|-damage|p2a: Hydreigon|107\/325 tox|[from] psn
|turn|14
|
|move|p2a: Hydreigon|Draco Meteor|p1a: Empoleon
|-resisted|p1a: Empoleon
|-damage|p1a: Empoleon|248\/372
|-unboost|p2a: Hydreigon|spa|2
|-damage|p2a: Hydreigon|75\/325 tox|[from] item: Life Orb
|move|p1a: Empoleon|Scald|p2a: Hydreigon
|-resisted|p2a: Hydreigon
|-damage|p2a: Hydreigon|15\/325 tox
|
|-heal|p1a: Empoleon|271\/372|[from] item: Leftovers
|-damage|p2a: Hydreigon|0 fnt|[from] psn
|faint|p2a: Hydreigon
|
|switch|p2a: Medicham|Medicham-Mega, M|131\/261
|turn|15
|
|switch|p1a: Nidoking|Nidoking, M|39\/303
|move|p2a: Medicham|High Jump Kick|p1a: Nidoking
|-resisted|p1a: Nidoking
|-damage|p1a: Nidoking|0 fnt
|faint|p1a: Nidoking
|
|
|switch|p1a: Mienshao|Mienshao, F, shiny|271\/271
|turn|16
|
|move|p1a: Mienshao|High Jump Kick|p2a: Medicham
|-resisted|p2a: Medicham
|-damage|p2a: Medicham|0 fnt
|faint|p2a: Medicham
|
|
|switch|p2a: Suicune|Suicune|404\/404
|-ability|p2a: Suicune|Pressure
|turn|17
|
|move|p1a: Mienshao|High Jump Kick|p2a: Suicune
|-damage|p2a: Suicune|247\/404
|move|p2a: Suicune|Ice Beam|p1a: Mienshao
|-damage|p1a: Mienshao|174\/271
|
|-heal|p2a: Suicune|272\/404|[from] item: Leftovers
|turn|18
|
|switch|p1a: Empoleon|Empoleon, F|271\/372
|move|p2a: Suicune|Scald|p1a: Empoleon
|-resisted|p1a: Empoleon
|-damage|p1a: Empoleon|237\/372
|-status|p1a: Empoleon|brn
|
|-heal|p2a: Suicune|297\/404|[from] item: Leftovers
|-heal|p1a: Empoleon|260\/372 brn|[from] item: Leftovers
|-damage|p1a: Empoleon|214\/372 brn|[from] brn
|turn|19
|
|move|p2a: Suicune|Calm Mind|p2a: Suicune
|-boost|p2a: Suicune|spa|1
|-boost|p2a: Suicune|spd|1
|move|p1a: Empoleon|Toxic|p2a: Suicune
|-status|p2a: Suicune|tox
|
|-heal|p2a: Suicune|322\/404 tox|[from] item: Leftovers
|-heal|p1a: Empoleon|237\/372 brn|[from] item: Leftovers
|-damage|p2a: Suicune|297\/404 tox|[from] psn
|-damage|p1a: Empoleon|191\/372 brn|[from] brn
|turn|20
|
|switch|p1a: Sceptile|Sceptile-Mega, M|281\/281
|move|p2a: Suicune|Calm Mind|p2a: Suicune
|-boost|p2a: Suicune|spa|1
|-boost|p2a: Suicune|spd|1
|
|-heal|p2a: Suicune|322\/404 tox|[from] item: Leftovers
|-damage|p2a: Suicune|272\/404 tox|[from] psn
|turn|21
|
|move|p1a: Sceptile|Giga Drain|p2a: Suicune
|-supereffective|p2a: Suicune
|-damage|p2a: Suicune|150\/404 tox
|move|p2a: Suicune|Ice Beam|p1a: Sceptile
|-supereffective|p1a: Sceptile
|-damage|p1a: Sceptile|0 fnt
|faint|p1a: Sceptile
|
|-heal|p2a: Suicune|175\/404 tox|[from] item: Leftovers
|-damage|p2a: Suicune|100\/404 tox|[from] psn
|
|switch|p1a: Empoleon|Empoleon, F|191\/372 brn
|turn|22
|
|move|p2a: Suicune|Rest|p2a: Suicune
|-status|p2a: Suicune|slp
|-heal|p2a: Suicune|404\/404 slp|[silent]
|-status|p2a: Suicune|slp|[from] move: Rest
|move|p1a: Empoleon|Roar|p2a: Suicune
|drag|p2a: Entei|Entei, shiny|371\/371
|-ability|p2a: Entei|Pressure
|
|-heal|p1a: Empoleon|214\/372 brn|[from] item: Leftovers
|-damage|p1a: Empoleon|168\/372 brn|[from] brn
|turn|23
|
|move|p2a: Entei|Sacred Fire|p1a: Empoleon
|-damage|p1a: Empoleon|0 fnt
|faint|p1a: Empoleon
|
|
|switch|p1a: Mienshao|Mienshao, F, shiny|264\/271
|turn|24
|
|move|p1a: Mienshao|High Jump Kick|p2a: Entei
|-damage|p2a: Entei|131\/371
|move|p2a: Entei|Sacred Fire|p1a: Mienshao
|-damage|p1a: Mienshao|0 fnt
|faint|p1a: Mienshao
|
|
|switch|p1a: Honchkrow|Honchkrow, M|341\/341
|turn|25
|
|move|p1a: Honchkrow|Sucker Punch|p2a: Entei
|-damage|p2a: Entei|0 fnt
|-damage|p1a: Honchkrow|307\/341|[from] item: Life Orb
|faint|p2a: Entei
|-boost|p1a: Honchkrow|atk|1|[from] ability: Moxie
|
|
|switch|p2a: Suicune|Suicune|404\/404 slp
|-ability|p2a: Suicune|Pressure
|turn|26
|
|move|p1a: Honchkrow|Substitute|p1a: Honchkrow
|-start|p1a: Honchkrow|Substitute
|-damage|p1a: Honchkrow|222\/341
|cant|p2a: Suicune|slp
|
|turn|27
|
|move|p1a: Honchkrow|Brave Bird|p2a: Suicune
|-damage|p2a: Suicune|106\/404 slp
|-damage|p1a: Honchkrow|124\/341|[from] recoil|[of] p2a: Suicune
|-damage|p1a: Honchkrow|90\/341|[from] item: Life Orb
|cant|p2a: Suicune|slp
|
|-heal|p2a: Suicune|131\/404 slp|[from] item: Leftovers
|turn|28
|
|switch|p2a: Raikou|Raikou|74\/321
|-ability|p2a: Raikou|Pressure
|move|p1a: Honchkrow|Roost|p1a: Honchkrow
|-heal|p1a: Honchkrow|261\/341
|
|turn|29
|
|move|p1a: Honchkrow|Sucker Punch|p2a: Raikou
|-damage|p2a: Raikou|0 fnt
|-damage|p1a: Honchkrow|227\/341|[from] item: Life Orb
|faint|p2a: Raikou
|-boost|p1a: Honchkrow|atk|1|[from] ability: Moxie
|
|-message|IAmEternal forfeited.
|leave|IAmEternal
|
|win|Cervie
|raw|Ladder updating...
|player|p2