|join|jjxtreme
|join|IAmEternal
|player|p1|jjxtreme|265
|player|p2|IAmEternal|52
|gametype|singles
|gen|6
|tier|UU
|rated
|rule|Sleep Clause Mod: Limit one foe put to sleep
|rule|Species Clause: Limit one of each PokÃ©mon
|rule|OHKO Clause: OHKO moves are banned
|rule|Moody Clause: Moody is banned
|rule|Evasion Moves Clause: Evasion moves are banned
|rule|Endless Battle Clause: Forcing endless battles is banned
|rule|HP Percentage Mod: HP is shown in percentages
|clearpoke
|poke|p1|Hydreigon, F, shiny
|poke|p1|Jirachi, shiny
|poke|p1|Infernape, M
|poke|p1|Sceptile, M
|poke|p1|Florges, F, shiny
|poke|p1|Tentacruel, F, shiny
|poke|p2|Medicham, M
|poke|p2|Entei, shiny
|poke|p2|Hydreigon, F
|poke|p2|Crobat, M
|poke|p2|Suicune
|poke|p2|Raikou
|rule|Swagger Clause: Swagger is banned
|rule|Baton Pass Clause: Limit one PokÃ©mon knowing Baton Pass
|teampreview
|
|start
|switch|p1a: Genuine Troll|Jirachi, shiny|404\/404
|switch|p2a: Entei|Entei, shiny|371\/371
|-ability|p2a: Entei|Pressure
|turn|1
|
|switch|p1a: Cruella|Tentacruel, F, shiny|361\/361
|move|p2a: Entei|Sacred Fire|p1a: Cruella
|-resisted|p1a: Cruella
|-damage|p1a: Cruella|236\/361
|-status|p1a: Cruella|brn
|
|-heal|p1a: Cruella|258\/361 brn|[from] item: Black Sludge
|-damage|p1a: Cruella|213\/361 brn|[from] brn
|turn|2
|
|switch|p2a: Hydreigon|Hydreigon, F|325\/325
|move|p1a: Cruella|Knock Off|p2a: Hydreigon
|-resisted|p2a: Hydreigon
|-damage|p2a: Hydreigon|309\/325
|-enditem|p2a: Hydreigon|Life Orb|[from] move: Knock Off|[of] p1a: Cruella
|
|-heal|p1a: Cruella|235\/361 brn|[from] item: Black Sludge
|-damage|p1a: Cruella|190\/361 brn|[from] brn
|turn|3
|
|move|p2a: Hydreigon|Flash Cannon|p1a: Cruella
|-resisted|p1a: Cruella
|-damage|p1a: Cruella|154\/361 brn
|move|p1a: Cruella|Toxic Spikes|p2a: Hydreigon
|-sidestart|p2: IAmEternal|move: Toxic Spikes
|
|-heal|p1a: Cruella|176\/361 brn|[from] item: Black Sludge
|-damage|p1a: Cruella|131\/361 brn|[from] brn
|turn|4
|
|switch|p2a: Crobat|Crobat, M|311\/311
|move|p1a: Cruella|Toxic Spikes|p2a: Crobat
|-sidestart|p2: IAmEternal|move: Toxic Spikes
|
|-heal|p1a: Cruella|153\/361 brn|[from] item: Black Sludge
|-damage|p1a: Cruella|108\/361 brn|[from] brn
|turn|5
|
|move|p2a: Crobat|Defog|p1a: Cruella
|-unboost|p1a: Cruella|evasion|1
|-sideend|p2: IAmEternal|Toxic Spikes|[from] move: Defog|[of] p2a: Crobat
|move|p1a: Cruella|Scald|p2a: Crobat
|-damage|p2a: Crobat|214\/311
|
|-heal|p2a: Crobat|233\/311|[from] item: Black Sludge
|-heal|p1a: Cruella|130\/361 brn|[from] item: Black Sludge
|-damage|p1a: Cruella|85\/361 brn|[from] brn
|turn|6
|
|switch|p1a: Genuine Troll|Jirachi, shiny|404\/404
|move|p2a: Crobat|Brave Bird|p1a: Genuine Troll
|-resisted|p1a: Genuine Troll
|-damage|p1a: Genuine Troll|316\/404
|-damage|p2a: Crobat|204\/311|[from] recoil|[of] p1a: Genuine Troll
|
|-heal|p2a: Crobat|223\/311|[from] item: Black Sludge
|-heal|p1a: Genuine Troll|341\/404|[from] item: Leftovers
|turn|7
|
|move|p2a: Crobat|Tailwind|p2a: Crobat
|-sidestart|p2: IAmEternal|move: Tailwind
|move|p1a: Genuine Troll|Thunder Wave|p2a: Crobat
|-status|p2a: Crobat|par
|
|-heal|p1a: Genuine Troll|366\/404|[from] item: Leftovers
|-heal|p2a: Crobat|242\/311 par|[from] item: Black Sludge
|turn|8
|
|move|p1a: Genuine Troll|Stealth Rock|p2a: Crobat
|-sidestart|p2: IAmEternal|move: Stealth Rock
|move|p2a: Crobat|U-turn|p1a: Genuine Troll
|-damage|p1a: Genuine Troll|298\/404
|
|switch|p2a: Medicham|Medicham, M|261\/261
|-damage|p2a: Medicham|245\/261|[from] Stealth Rock
|
|-heal|p1a: Genuine Troll|323\/404|[from] item: Leftovers
|turn|9
|
|detailschange|p2a: Medicham|Medicham-Mega, M
|-mega|p2a: Medicham|Medicham|Medichamite
|move|p2a: Medicham|Substitute|p2a: Medicham
|-start|p2a: Medicham|Substitute
|-damage|p2a: Medicham|180\/261
|move|p1a: Genuine Troll|Thunder Wave|p2a: Medicham
|
|-heal|p1a: Genuine Troll|348\/404|[from] item: Leftovers
|turn|10
|
|move|p2a: Medicham|Fire Punch|p1a: Genuine Troll
|-supereffective|p1a: Genuine Troll
|-damage|p1a: Genuine Troll|40\/404
|move|p1a: Genuine Troll|U-turn|p2a: Medicham
|-end|p2a: Medicham|Substitute
|
|switch|p1a: Evergreen|Sceptile, M|281\/281
|
|-sideend|p2: IAmEternal|move: Tailwind
|turn|11
|
|switch|p2a: Crobat|Crobat, M|242\/311 par
|-damage|p2a: Crobat|165\/311 par|[from] Stealth Rock
|detailschange|p1a: Evergreen|Sceptile-Mega, M
|-mega|p1a: Evergreen|Sceptile|Sceptilite
|move|p1a: Evergreen|Dragon Pulse|p2a: Crobat
|-damage|p2a: Crobat|0 fnt
|faint|p2a: Crobat
|
|
|switch|p2a: Entei|Entei, shiny|371\/371
|-damage|p2a: Entei|279\/371|[from] Stealth Rock
|-ability|p2a: Entei|Pressure
|turn|12
|
|switch|p1a: Cruella|Tentacruel, F, shiny|85\/361 brn
|move|p2a: Entei|Sacred Fire|p1a: Cruella
|-resisted|p1a: Cruella
|-damage|p1a: Cruella|0 fnt
|faint|p1a: Cruella
|
|
|switch|p1a: Triforce|Hydreigon, F, shiny|325\/325
|turn|13
|
|switch|p2a: Hydreigon|Hydreigon, F|309\/325
|-damage|p2a: Hydreigon|269\/325|[from] Stealth Rock
|move|p1a: Triforce|Draco Meteor|p2a: Hydreigon
|-supereffective|p2a: Hydreigon
|-damage|p2a: Hydreigon|0 fnt
|-unboost|p1a: Triforce|spa|2
|-damage|p1a: Triforce|293\/325|[from] item: Life Orb
|faint|p2a: Hydreigon
|
|
|switch|p2a: Suicune|Suicune|404\/404
|-damage|p2a: Suicune|354\/404|[from] Stealth Rock
|-ability|p2a: Suicune|Pressure
|turn|14
|
|switch|p1a: Evergreen|Sceptile-Mega, M|281\/281
|move|p2a: Suicune|Calm Mind|p2a: Suicune
|-boost|p2a: Suicune|spa|1
|-boost|p2a: Suicune|spd|1
|
|-heal|p2a: Suicune|379\/404|[from] item: Leftovers
|turn|15
|
|move|p1a: Evergreen|Giga Drain|p2a: Suicune
|-supereffective|p2a: Suicune
|-damage|p2a: Suicune|221\/404
|move|p2a: Suicune|Ice Beam|p1a: Evergreen
|-supereffective|p1a: Evergreen
|-damage|p1a: Evergreen|0 fnt
|faint|p1a: Evergreen
|
|-heal|p2a: Suicune|246\/404|[from] item: Leftovers
|-message|jjxtreme forfeited.
|leave|jjxtreme
|
|win|IAmEternal
|raw|Ladder updating...
|player|p1