|join|IAmEternal
|join|WyllD77
|player|p1|IAmEternal|52
|player|p2|WyllD77|291
|gametype|singles
|gen|6
|tier|UU
|rated
|rule|Sleep Clause Mod: Limit one foe put to sleep
|rule|Species Clause: Limit one of each PokÃ©mon
|rule|OHKO Clause: OHKO moves are banned
|rule|Moody Clause: Moody is banned
|rule|Evasion Moves Clause: Evasion moves are banned
|rule|Endless Battle Clause: Forcing endless battles is banned
|rule|HP Percentage Mod: HP is shown in percentages
|clearpoke
|poke|p1|Diancie
|poke|p1|Umbreon, F
|poke|p1|Alakazam, F
|poke|p1|Haxorus, F
|poke|p1|Amoonguss, F
|poke|p1|Darmanitan, M
|poke|p2|Nidoking, M, shiny
|poke|p2|Houndoom, F, shiny
|poke|p2|Milotic, M, shiny
|poke|p2|Lucario, F
|poke|p2|Jirachi
|poke|p2|Crobat, M, shiny
|rule|Swagger Clause: Swagger is banned
|rule|Baton Pass Clause: Limit one PokÃ©mon knowing Baton Pass
|teampreview
|
|start
|switch|p1a: Haxorus|Haxorus, F|293\/293
|switch|p2a: Milotic|Milotic, M, shiny|394\/394
|-ability|p1a: Haxorus|Mold Breaker
|turn|1
|
|move|p1a: Haxorus|Dragon Dance|p1a: Haxorus
|-boost|p1a: Haxorus|atk|1
|-boost|p1a: Haxorus|spe|1
|move|p2a: Milotic|Ice Beam|p1a: Haxorus
|-supereffective|p1a: Haxorus
|-damage|p1a: Haxorus|121\/293
|
|turn|2
|join|FireHeart24
|
|switch|p2a: Jirachi|Jirachi|341\/341
|move|p1a: Haxorus|Outrage|p2a: Jirachi
|-resisted|p2a: Jirachi
|-damage|p2a: Jirachi|150\/341
|
|turn|3
|
|move|p2a: Jirachi|Iron Head|p1a: Haxorus
|-damage|p1a: Haxorus|0 fnt
|faint|p1a: Haxorus
|
|
|switch|p1a: Darmanitan|Darmanitan, M|413\/413
|turn|4
|
|switch|p2a: Milotic|Milotic, M, shiny|394\/394
|move|p1a: Darmanitan|U-turn|p2a: Milotic
|-damage|p2a: Milotic|278\/394
|
|switch|p1a: Amoonguss|Amoonguss, F|432\/432
|
|-heal|p2a: Milotic|302\/394|[from] item: Leftovers
|turn|5
|leave|FireHeart24
|
|switch|p2a: Crobat|Crobat, M, shiny|311\/311
|move|p1a: Amoonguss|Giga Drain|p2a: Crobat
|-resisted|p2a: Crobat
|-damage|p2a: Crobat|277\/311
|
|turn|6
|
|switch|p1a: Diancie|Diancie|241\/241
|move|p2a: Crobat|Taunt|p1a: Diancie
|-start|p1a: Diancie|move: Taunt
|
|turn|7
|
|switch|p2a: Jirachi|Jirachi|150\/341
|detailschange|p1a: Diancie|Diancie-Mega
|-mega|p1a: Diancie|Diancie|Diancite
|move|p1a: Diancie|Earth Power|p2a: Jirachi
|-supereffective|p2a: Jirachi
|-damage|p2a: Jirachi|0 fnt
|faint|p2a: Jirachi
|
|
|switch|p2a: Lucario|Lucario, F|281\/281
|turn|8
|
|switch|p1a: Amoonguss|Amoonguss, F|432\/432
|move|p2a: Lucario|Bullet Punch|p1a: Amoonguss
|-damage|p1a: Amoonguss|314\/432
|-damage|p2a: Lucario|253\/281|[from] item: Life Orb
|
|-heal|p1a: Amoonguss|341\/432|[from] item: Black Sludge
|turn|9
|
|switch|p2a: Crobat|Crobat, M, shiny|277\/311
|move|p1a: Amoonguss|Spore|p2a: Crobat
|-status|p2a: Crobat|slp
|
|-heal|p1a: Amoonguss|368\/432|[from] item: Black Sludge
|turn|10
|
|switch|p1a: Alakazam|Alakazam, F|251\/251
|cant|p2a: Crobat|slp
|
|turn|11
|
|cant|p2a: Crobat|slp
|move|p1a: Alakazam|Psyshock|p2a: Crobat
|-supereffective|p2a: Crobat
|-damage|p2a: Crobat|0 fnt
|faint|p2a: Crobat
|
|
|switch|p2a: Milotic|Milotic, M, shiny|302\/394
|turn|12
|
|switch|p1a: Amoonguss|Amoonguss, F|432\/432
|move|p2a: Milotic|Scald|p1a: Amoonguss
|-resisted|p1a: Amoonguss
|-damage|p1a: Amoonguss|375\/432
|-status|p1a: Amoonguss|brn
|
|-heal|p2a: Milotic|326\/394|[from] item: Leftovers
|-heal|p1a: Amoonguss|402\/432 brn|[from] item: Black Sludge
|-damage|p1a: Amoonguss|348\/432 brn|[from] brn
|turn|13
|
|move|p2a: Milotic|Ice Beam|p1a: Amoonguss
|-supereffective|p1a: Amoonguss
|-damage|p1a: Amoonguss|180\/432 brn
|move|p1a: Amoonguss|Giga Drain|p2a: Milotic
|-supereffective|p2a: Milotic
|-damage|p2a: Milotic|144\/394
|-heal|p1a: Amoonguss|271\/432 brn|[from] drain|[of] p2a: Milotic
|
|-heal|p2a: Milotic|168\/394|[from] item: Leftovers
|-heal|p1a: Amoonguss|298\/432 brn|[from] item: Black Sludge
|-damage|p1a: Amoonguss|244\/432 brn|[from] brn
|turn|14
|
|move|p2a: Milotic|Recover|p2a: Milotic
|-heal|p2a: Milotic|365\/394
|move|p1a: Amoonguss|Spore|p2a: Milotic
|-status|p2a: Milotic|slp
|
|-heal|p2a: Milotic|389\/394 slp|[from] item: Leftovers
|-heal|p1a: Amoonguss|271\/432 brn|[from] item: Black Sludge
|-damage|p1a: Amoonguss|217\/432 brn|[from] brn
|turn|15
|
|switch|p2a: Nidoking|Nidoking, M, shiny|303\/303
|move|p1a: Amoonguss|Giga Drain|p2a: Nidoking
|-damage|p2a: Nidoking|162\/303
|-heal|p1a: Amoonguss|288\/432 brn|[from] drain|[of] p2a: Nidoking
|
|-heal|p1a: Amoonguss|315\/432 brn|[from] item: Black Sludge
|-damage|p1a: Amoonguss|261\/432 brn|[from] brn
|turn|16
|
|switch|p1a: Umbreon|Umbreon, F|394\/394
|move|p2a: Nidoking|Fire Blast|p1a: Umbreon
|-damage|p1a: Umbreon|295\/394
|
|-heal|p1a: Umbreon|319\/394|[from] item: Leftovers
|turn|17
|
|move|p2a: Nidoking|Sludge Wave|p1a: Umbreon
|-damage|p1a: Umbreon|177\/394
|move|p1a: Umbreon|Wish|p1a: Umbreon
|
|-heal|p1a: Umbreon|201\/394|[from] item: Leftovers
|turn|18
|
|switch|p2a: Lucario|Lucario, F|253\/281
|switch|p1a: Alakazam|Alakazam, F|251\/251
|
|turn|19
|
|move|p2a: Lucario|Extreme Speed|p1a: Alakazam
|-damage|p1a: Alakazam|60\/251
|-damage|p2a: Lucario|225\/281|[from] item: Life Orb
|move|p1a: Alakazam|Focus Blast|p2a: Lucario
|-supereffective|p2a: Lucario
|-damage|p2a: Lucario|0 fnt
|faint|p2a: Lucario
|
|
|switch|p2a: Houndoom|Houndoom, F, shiny|291\/291
|turn|20
|
|detailschange|p2a: Houndoom|Houndoom-Mega, F, shiny
|-mega|p2a: Houndoom|Houndoom|Houndoominite
|move|p2a: Houndoom|Sucker Punch|p1a: Alakazam
|-fail|p1a: Alakazam
|move|p1a: Alakazam|Thunder Wave|p2a: Houndoom
|-status|p2a: Houndoom|par
|
|turn|21
|-message|WyllD77 forfeited.
|leave|WyllD77
|
|switch|p1a: Diancie|Diancie-Mega|241\/241
|move|p2a: Houndoom|Fire Blast|p1a: Diancie
|-resisted|p1a: Diancie
|-damage|p1a: Diancie|141\/241
|
|turn|22
|
|win|IAmEternal
|raw|Ladder updating...
|player|p2
|raw|IAmEternal's rating: 1309 &rarr; <strong>1324<\/strong><br \/>(+15 for winning)
|raw|WyllD77's rating: 1217 &rarr; <strong>1199<\/strong><br \/>(-18 for losing)