|join|vDark
|join|IAmEternal
|player|p1|vDark|99
|player|p2|IAmEternal|52
|gametype|singles
|gen|6
|tier|UU
|rated
|rule|Sleep Clause Mod: Limit one foe put to sleep
|rule|Species Clause: Limit one of each PokÃ©mon
|rule|OHKO Clause: OHKO moves are banned
|rule|Moody Clause: Moody is banned
|rule|Evasion Moves Clause: Evasion moves are banned
|rule|Endless Battle Clause: Forcing endless battles is banned
|rule|HP Percentage Mod: HP is shown in percentages
|clearpoke
|poke|p1|Serperior, M
|poke|p1|Lucario, M
|poke|p1|Pidgeot, M
|poke|p1|Suicune, shiny
|poke|p1|Krookodile, M
|poke|p1|Slurpuff, F
|poke|p2|Medicham, F
|poke|p2|Entei, shiny
|poke|p2|Hydreigon, M
|poke|p2|Crobat, M
|poke|p2|Suicune
|poke|p2|Raikou
|rule|Swagger Clause: Swagger is banned
|rule|Baton Pass Clause: Limit one PokÃ©mon knowing Baton Pass
|teampreview
|
|start
|switch|p1a: Lucario|Lucario, M|282\/282
|switch|p2a: Medicham|Medicham, F|261\/261
|turn|1
|
|detailschange|p2a: Medicham|Medicham-Mega, F
|-mega|p2a: Medicham|Medicham|Medichamite
|move|p2a: Medicham|Fire Punch|p1a: Lucario
|-supereffective|p1a: Lucario
|-enditem|p1a: Lucario|Focus Sash
|-damage|p1a: Lucario|1\/282
|move|p1a: Lucario|Swords Dance|p1a: Lucario
|-boost|p1a: Lucario|atk|2
|
|turn|2
|
|move|p1a: Lucario|Extreme Speed|p2a: Medicham
|-damage|p2a: Medicham|31\/261
|move|p2a: Medicham|Fire Punch|p1a: Lucario
|-supereffective|p1a: Lucario
|-damage|p1a: Lucario|0 fnt
|faint|p1a: Lucario
|
|
|switch|p1a: Krookodile|Krookodile, M|332\/332
|turn|3
|
|switch|p2a: Crobat|Crobat, M|311\/311
|move|p1a: Krookodile|Crunch|p2a: Crobat
|-damage|p2a: Crobat|130\/311
|
|-heal|p2a: Crobat|149\/311|[from] item: Black Sludge
|turn|4
|
|switch|p2a: Hydreigon|Hydreigon, M|325\/325
|move|p1a: Krookodile|Crunch|p2a: Hydreigon
|-resisted|p2a: Hydreigon
|-damage|p2a: Hydreigon|244\/325
|-unboost|p2a: Hydreigon|def|1
|
|turn|5
|
|switch|p1a: Slurpuff|Slurpuff, F|368\/368
|move|p2a: Hydreigon|Flash Cannon|p1a: Slurpuff
|-supereffective|p1a: Slurpuff
|-damage|p1a: Slurpuff|51\/368
|-damage|p2a: Hydreigon|212\/325|[from] item: Life Orb
|-enditem|p1a: Slurpuff|Sitrus Berry|[eat]
|-heal|p1a: Slurpuff|143\/368|[from] item: Sitrus Berry
|
|turn|6
|
|switch|p1a: Suicune|Suicune, shiny|403\/403
|-ability|p1a: Suicune|Pressure
|switch|p2a: Crobat|Crobat, M|149\/311
|
|-heal|p2a: Crobat|168\/311|[from] item: Black Sludge
|turn|7
|
|switch|p2a: Raikou|Raikou|321\/321
|-ability|p2a: Raikou|Pressure
|move|p1a: Suicune|Substitute|p1a: Suicune
|-start|p1a: Suicune|Substitute
|-damage|p1a: Suicune|303\/403
|
|-heal|p1a: Suicune|328\/403|[from] item: Leftovers
|turn|8
|
|move|p2a: Raikou|Thunderbolt|p1a: Suicune
|-supereffective|p1a: Suicune
|-end|p1a: Suicune|Substitute
|move|p1a: Suicune|Calm Mind|p1a: Suicune
|-boost|p1a: Suicune|spa|1
|-boost|p1a: Suicune|spd|1
|
|-heal|p1a: Suicune|353\/403|[from] item: Leftovers
|turn|9
|
|move|p2a: Raikou|Thunderbolt|p1a: Suicune
|-supereffective|p1a: Suicune
|-damage|p1a: Suicune|75\/403
|move|p1a: Suicune|Scald|p2a: Raikou
|-damage|p2a: Raikou|185\/321
|
|-heal|p1a: Suicune|100\/403|[from] item: Leftovers
|turn|10
|
|switch|p2a: Suicune|Suicune|404\/404
|-ability|p2a: Suicune|Pressure
|switch|p1a: Krookodile|Krookodile, M|332\/332
|
|turn|11
|
|switch|p1a: Serperior|Serperior, M|292\/292
|move|p2a: Suicune|Calm Mind|p2a: Suicune
|-boost|p2a: Suicune|spa|1
|-boost|p2a: Suicune|spd|1
|
|turn|12
|
|move|p1a: Serperior|Leaf Storm|p2a: Suicune
|-supereffective|p2a: Suicune
|-damage|p2a: Suicune|72\/404
|-boost|p1a: Serperior|spa|2
|move|p2a: Suicune|Ice Beam|p1a: Serperior
|-supereffective|p1a: Serperior
|-damage|p1a: Serperior|94\/292
|-status|p1a: Serperior|frz
|
|-heal|p2a: Suicune|97\/404|[from] item: Leftovers
|turn|13
|
|cant|p1a: Serperior|frz
|move|p2a: Suicune|Ice Beam|p1a: Serperior
|-supereffective|p1a: Serperior
|-damage|p1a: Serperior|0 fnt
|faint|p1a: Serperior
|
|-heal|p2a: Suicune|122\/404|[from] item: Leftovers
|
|switch|p1a: Pidgeot|Pidgeot, M|308\/308
|turn|14
|
|detailschange|p1a: Pidgeot|Pidgeot-Mega, M
|-mega|p1a: Pidgeot|Pidgeot|Pidgeotite
|move|p1a: Pidgeot|Hurricane|p2a: Suicune
|-damage|p2a: Suicune|2\/404
|move|p2a: Suicune|Ice Beam|p1a: Pidgeot
|-supereffective|p1a: Pidgeot
|-damage|p1a: Pidgeot|60\/308
|
|-heal|p2a: Suicune|27\/404|[from] item: Leftovers
|turn|15
|
|move|p1a: Pidgeot|Hurricane|p2a: Suicune
|-damage|p2a: Suicune|0 fnt
|faint|p2a: Suicune
|
|
|switch|p2a: Entei|Entei, shiny|371\/371
|-ability|p2a: Entei|Pressure
|turn|16
|
|move|p2a: Entei|Extreme Speed|p1a: Pidgeot
|-damage|p1a: Pidgeot|0 fnt
|faint|p1a: Pidgeot
|
|
|switch|p1a: Krookodile|Krookodile, M|332\/332
|turn|17
|
|switch|p2a: Hydreigon|Hydreigon, M|212\/325
|move|p1a: Krookodile|Stone Edge|p2a: Hydreigon
|-crit|p2a: Hydreigon
|-damage|p2a: Hydreigon|22\/325
|
|turn|18
|
|move|p1a: Krookodile|Stone Edge|p2a: Hydreigon
|-damage|p2a: Hydreigon|0 fnt
|faint|p2a: Hydreigon
|-boost|p1a: Krookodile|atk|1|[from] ability: Moxie
|
|
|switch|p2a: Raikou|Raikou|185\/321
|-ability|p2a: Raikou|Pressure
|turn|19
|
|move|p1a: Krookodile|Stone Edge|p2a: Raikou
|-damage|p2a: Raikou|0 fnt
|faint|p2a: Raikou
|-boost|p1a: Krookodile|atk|1|[from] ability: Moxie
|
|
|switch|p2a: Crobat|Crobat, M|168\/311
|turn|20
|
|move|p1a: Krookodile|Stone Edge|p2a: Crobat
|-supereffective|p2a: Crobat
|-damage|p2a: Crobat|0 fnt
|faint|p2a: Crobat
|-boost|p1a: Krookodile|atk|1|[from] ability: Moxie
|
|
|switch|p2a: Medicham|Medicham-Mega, F|31\/261
|turn|21
|
|move|p1a: Krookodile|Stone Edge|p2a: Medicham|[miss]
|-miss|p1a: Krookodile|p2a: Medicham
|move|p2a: Medicham|High Jump Kick|p1a: Krookodile|[miss]
|-miss|p2a: Medicham|p1a: Krookodile
|-damage|p2a: Medicham|0 fnt|[from] highjumpkick
|faint|p2a: Medicham
|
|c|âIAmEternal|...
|
|switch|p2a: Entei|Entei, shiny|371\/371
|-ability|p2a: Entei|Pressure
|turn|22
|c|âvDark|omg
|c|âvDark|omg
|c|âIAmEternal|lol
|c|âIAmEternal|this game
|c|âvDark|omgggg
|c|âvDark|holy fucking shit
|c|âIAmEternal|nj anyways :)
|c|âIAmEternal|i was thinking
|c|âIAmEternal|of whether
|c|âIAmEternal|you would predict
|c|âIAmEternal|the hydreigon switch
|c|âvDark|lol i thought i lost so i was like yolo
|c|âIAmEternal|haha
|
|move|p1a: Krookodile|Stone Edge|p2a: Entei
|-supereffective|p2a: Entei
|-damage|p2a: Entei|0 fnt
|faint|p2a: Entei
|-boost|p1a: Krookodile|atk|1|[from] ability: Moxie
|
|win|vDark
|raw|Ladder updating...
|c|âIAmEternal|gg
|c|âvDark|gg
|raw|vDark's rating: 1278 &rarr; <strong>1310<\/strong><br \/>(+32 for winning)
|raw|IAmEternal's rating: 1380 &rarr; <strong>1354<\/strong><br \/>(-26 for losing)