|join|MetaFalken
|join|Dehset One
|player|p1|MetaFalken|163
|player|p2|Dehset One|126
|gametype|singles
|gen|6
|tier|OU
|rated
|clearpoke
|poke|p1|Scizor, M
|poke|p1|Rotom-Wash
|poke|p1|Landorus-Therian, M
|poke|p1|Lopunny, M
|poke|p1|Latios, M
|poke|p1|Porygon2
|poke|p2|Charizard, M
|poke|p2|Venusaur, F
|poke|p2|Landorus-Therian, M
|poke|p2|Keldeo
|poke|p2|Klefki, M
|poke|p2|Latios, M
|rule|Swagger Clause: Swagger is banned
|rule|Baton Pass Clause: Limit one PokÃ©mon knowing Baton Pass
|rule|Sleep Clause Mod: Limit one foe put to sleep
|rule|Species Clause: Limit one of each PokÃ©mon
|rule|OHKO Clause: OHKO moves are banned
|rule|Moody Clause: Moody is banned
|rule|Evasion Moves Clause: Evasion moves are banned
|rule|Endless Battle Clause: Forcing endless battles is banned
|rule|HP Percentage Mod: HP is shown in percentages
|teampreview
|
|start
|switch|p1a: Landorus-Therian|Landorus-Therian, M|345\/345
|switch|p2a: Lizard King|Charizard, M|297\/297
|-ability|p1a: Landorus-Therian|Intimidate|[of] p2a: Lizard King
|-unboost|p2a: Lizard King|atk|1
|turn|1
|
|switch|p1a: Porygon2|Porygon2|374\/374
|-ability|p1a: Porygon2|Blaze|[from] ability: Trace|[of] p2a: Lizard King
|switch|p2a: Unknown Soldier|Landorus-Therian, M|382\/382
|-ability|p2a: Unknown Soldier|Intimidate|[of] p1a: Porygon2
|-unboost|p1a: Porygon2|atk|1
|
|turn|2
|
|switch|p2a: Waitin For The Sun|Klefki, M|317\/317
|move|p1a: Porygon2|Ice Beam|p2a: Waitin For The Sun
|-resisted|p2a: Waitin For The Sun
|-damage|p2a: Waitin For The Sun|277\/317
|
|turn|3
|
|move|p2a: Waitin For The Sun|Spikes|p1a: Porygon2
|-sidestart|p1: MetaFalken|Spikes
|move|p1a: Porygon2|Thunder Wave|p2a: Waitin For The Sun
|-status|p2a: Waitin For The Sun|par
|
|turn|4
|
|switch|p1a: Landorus-Therian|Landorus-Therian, M|345\/345
|-ability|p1a: Landorus-Therian|Intimidate|[of] p2a: Waitin For The Sun
|-unboost|p2a: Waitin For The Sun|atk|1
|move|p2a: Waitin For The Sun|Thunder Wave|p1a: Landorus-Therian
|-immune|p1a: Landorus-Therian|[msg]
|
|turn|5
|
|cant|p2a: Waitin For The Sun|par
|move|p1a: Landorus-Therian|Stealth Rock|p2a: Waitin For The Sun
|-sidestart|p2: Dehset One|move: Stealth Rock
|
|turn|6
|
|move|p2a: Waitin For The Sun|Magnet Rise|p2a: Waitin For The Sun
|-start|p2a: Waitin For The Sun|Magnet Rise
|move|p1a: Landorus-Therian|Knock Off|p2a: Waitin For The Sun
|-resisted|p2a: Waitin For The Sun
|-damage|p2a: Waitin For The Sun|237\/317 par
|-enditem|p2a: Waitin For The Sun|Sitrus Berry|[from] move: Knock Off|[of] p1a: Landorus-Therian
|
|turn|7
|
|switch|p1a: Rotom-Wash|Rotom-Wash|303\/303
|move|p2a: Waitin For The Sun|Foul Play|p1a: Rotom-Wash
|-damage|p1a: Rotom-Wash|276\/303
|
|-heal|p1a: Rotom-Wash|294\/303|[from] item: Leftovers
|turn|8
|
|switch|p2a: Latios|Latios, M|301\/301
|-damage|p2a: Latios|264\/301|[from] Stealth Rock
|move|p1a: Rotom-Wash|Volt Switch|p2a: Latios
|-resisted|p2a: Latios
|-damage|p2a: Latios|222\/301
|
|switch|p1a: Scizor|Scizor, M|343\/343
|-damage|p1a: Scizor|301\/343|[from] Spikes
|
|turn|9
|
|move|p2a: Latios|Roost|p2a: Latios
|-heal|p2a: Latios|301\/301
|move|p1a: Scizor|Pursuit|p2a: Latios
|-supereffective|p2a: Latios
|-damage|p2a: Latios|0 fnt
|faint|p2a: Latios
|
|
|switch|p2a: Unknown Soldier|Landorus-Therian, M|382\/382
|-damage|p2a: Unknown Soldier|335\/382|[from] Stealth Rock
|-ability|p2a: Unknown Soldier|Intimidate|[of] p1a: Scizor
|-unboost|p1a: Scizor|atk|1
|turn|10
|
|switch|p1a: Porygon2|Porygon2|374\/374
|-damage|p1a: Porygon2|328\/374|[from] Spikes
|-ability|p1a: Porygon2|Intimidate|[from] ability: Trace|[of] p2a: Unknown Soldier
|-ability|p1a: Porygon2|Intimidate|[of] p2a: Unknown Soldier
|-unboost|p2a: Unknown Soldier|atk|1
|move|p2a: Unknown Soldier|Stealth Rock|p1a: Porygon2
|-sidestart|p1: MetaFalken|move: Stealth Rock
|
|-heal|p2a: Unknown Soldier|358\/382|[from] item: Leftovers
|turn|11
|
|switch|p2a: Waitin For The Sun|Klefki, M|237\/317 par
|-damage|p2a: Waitin For The Sun|218\/317 par|[from] Stealth Rock
|move|p1a: Porygon2|Ice Beam|p2a: Waitin For The Sun
|-resisted|p2a: Waitin For The Sun
|-damage|p2a: Waitin For The Sun|180\/317 par
|
|turn|12
|
|switch|p1a: Landorus-Therian|Landorus-Therian, M|345\/345
|-damage|p1a: Landorus-Therian|302\/345|[from] Stealth Rock
|-ability|p1a: Landorus-Therian|Intimidate|[of] p2a: Waitin For The Sun
|-unboost|p2a: Waitin For The Sun|atk|1
|move|p2a: Waitin For The Sun|Spikes|p1a: Landorus-Therian
|-sidestart|p1: MetaFalken|Spikes
|
|-heal|p1a: Landorus-Therian|323\/345|[from] item: Leftovers
|turn|13
|
|move|p2a: Waitin For The Sun|Spikes|p1a: Landorus-Therian
|-sidestart|p1: MetaFalken|Spikes
|move|p1a: Landorus-Therian|Knock Off|p2a: Waitin For The Sun
|-resisted|p2a: Waitin For The Sun
|-damage|p2a: Waitin For The Sun|154\/317 par
|
|-heal|p1a: Landorus-Therian|344\/345|[from] item: Leftovers
|turn|14
|
|switch|p2a: Unknown Soldier|Landorus-Therian, M|358\/382
|-damage|p2a: Unknown Soldier|311\/382|[from] Stealth Rock
|-ability|p2a: Unknown Soldier|Intimidate|[of] p1a: Landorus-Therian
|-unboost|p1a: Landorus-Therian|atk|1
|move|p1a: Landorus-Therian|Earthquake|p2a: Unknown Soldier
|-immune|p2a: Unknown Soldier|[msg]
|
|-heal|p1a: Landorus-Therian|345\/345|[from] item: Leftovers
|-heal|p2a: Unknown Soldier|334\/382|[from] item: Leftovers
|turn|15
|
|move|p1a: Landorus-Therian|Knock Off|p2a: Unknown Soldier
|-damage|p2a: Unknown Soldier|278\/382
|-enditem|p2a: Unknown Soldier|Leftovers|[from] move: Knock Off|[of] p1a: Landorus-Therian
|move|p2a: Unknown Soldier|U-turn|p1a: Landorus-Therian
|-resisted|p1a: Landorus-Therian
|-damage|p1a: Landorus-Therian|314\/345
|
|switch|p2a: Soul Kitchen|Keldeo|323\/323
|-damage|p2a: Soul Kitchen|303\/323|[from] Stealth Rock
|
|-heal|p1a: Landorus-Therian|335\/345|[from] item: Leftovers
|turn|16
|
|switch|p1a: Latios|Latios, M|301\/301
|-damage|p1a: Latios|264\/301|[from] Stealth Rock
|move|p2a: Soul Kitchen|Scald|p1a: Latios
|-resisted|p1a: Latios
|-damage|p1a: Latios|194\/301
|-status|p1a: Latios|brn
|
|-damage|p1a: Latios|157\/301 brn|[from] brn
|turn|17
|
|switch|p2a: Waitin For The Sun|Klefki, M|154\/317 par
|-damage|p2a: Waitin For The Sun|135\/317 par|[from] Stealth Rock
|move|p1a: Latios|Defog|p2a: Waitin For The Sun
|-unboost|p2a: Waitin For The Sun|evasion|1
|-sideend|p2: Dehset One|Stealth Rock|[from] move: Defog|[of] p2a: Waitin For The Sun
|-sideend|p1: MetaFalken|Spikes|[from] move: Defog|[of] p1a: Latios
|-sideend|p1: MetaFalken|Stealth Rock|[from] move: Defog|[of] p1a: Latios
|
|-damage|p1a: Latios|120\/301 brn|[from] brn
|turn|18
|
|move|p1a: Latios|Recover|p1a: Latios
|-heal|p1a: Latios|271\/301 brn
|move|p2a: Waitin For The Sun|Foul Play|p1a: Latios
|-supereffective|p1a: Latios
|-damage|p1a: Latios|97\/301 brn
|
|-damage|p1a: Latios|60\/301 brn|[from] brn
|turn|19
|
|switch|p1a: Landorus-Therian|Landorus-Therian, M|335\/345
|-ability|p1a: Landorus-Therian|Intimidate|[of] p2a: Waitin For The Sun
|-unboost|p2a: Waitin For The Sun|atk|1
|cant|p2a: Waitin For The Sun|par
|
|-heal|p1a: Landorus-Therian|345\/345|[from] item: Leftovers
|turn|20
|
|switch|p2a: Unknown Soldier|Landorus-Therian, M|278\/382
|-ability|p2a: Unknown Soldier|Intimidate|[of] p1a: Landorus-Therian
|-unboost|p1a: Landorus-Therian|atk|1
|move|p1a: Landorus-Therian|U-turn|p2a: Unknown Soldier
|-resisted|p2a: Unknown Soldier
|-damage|p2a: Unknown Soldier|260\/382
|
|switch|p1a: Porygon2|Porygon2|328\/374
|-ability|p1a: Porygon2|Intimidate|[from] ability: Trace|[of] p2a: Unknown Soldier
|-ability|p1a: Porygon2|Intimidate|[of] p2a: Unknown Soldier
|-unboost|p2a: Unknown Soldier|atk|1
|
|turn|21
|
|switch|p2a: Waitin For The Sun|Klefki, M|135\/317 par
|move|p1a: Porygon2|Thunderbolt|p2a: Waitin For The Sun
|-damage|p2a: Waitin For The Sun|51\/317 par
|
|turn|22
|
|switch|p1a: Rotom-Wash|Rotom-Wash|294\/303
|move|p2a: Waitin For The Sun|Spikes|p1a: Rotom-Wash
|-sidestart|p1: MetaFalken|Spikes
|
|-heal|p1a: Rotom-Wash|303\/303|[from] item: Leftovers
|turn|23
|
|move|p2a: Waitin For The Sun|Spikes|p1a: Rotom-Wash
|-sidestart|p1: MetaFalken|Spikes
|move|p1a: Rotom-Wash|Volt Switch|p2a: Waitin For The Sun
|-damage|p2a: Waitin For The Sun|0 fnt
|faint|p2a: Waitin For The Sun
|
|switch|p1a: Landorus-Therian|Landorus-Therian, M|345\/345
|
|
|switch|p2a: Soul Kitchen|Keldeo|303\/323
|turn|24
|
|switch|p1a: Rotom-Wash|Rotom-Wash|303\/303
|move|p2a: Soul Kitchen|Scald|p1a: Rotom-Wash
|-resisted|p1a: Rotom-Wash
|-damage|p1a: Rotom-Wash|231\/303
|
|-heal|p1a: Rotom-Wash|249\/303|[from] item: Leftovers
|turn|25
|
|switch|p2a: Peace Frog|Venusaur, F|301\/301
|move|p1a: Rotom-Wash|Volt Switch|p2a: Peace Frog
|-resisted|p2a: Peace Frog
|-damage|p2a: Peace Frog|257\/301
|
|switch|p1a: Landorus-Therian|Landorus-Therian, M|345\/345
|-ability|p1a: Landorus-Therian|Intimidate|[of] p2a: Peace Frog
|-unboost|p2a: Peace Frog|atk|1
|
|turn|26
|
|switch|p2a: Unknown Soldier|Landorus-Therian, M|260\/382
|-ability|p2a: Unknown Soldier|Intimidate|[of] p1a: Landorus-Therian
|-unboost|p1a: Landorus-Therian|atk|1
|move|p1a: Landorus-Therian|Knock Off|p2a: Unknown Soldier
|-damage|p2a: Unknown Soldier|222\/382
|
|turn|27
|
|move|p1a: Landorus-Therian|Stealth Rock|p2a: Unknown Soldier
|-sidestart|p2: Dehset One|move: Stealth Rock
|move|p2a: Unknown Soldier|Stealth Rock|p1a: Landorus-Therian
|-sidestart|p1: MetaFalken|move: Stealth Rock
|
|turn|28
|
|move|p1a: Landorus-Therian|U-turn|p2a: Unknown Soldier
|-resisted|p2a: Unknown Soldier
|-damage|p2a: Unknown Soldier|202\/382
|
|switch|p1a: Porygon2|Porygon2|328\/374
|-damage|p1a: Porygon2|266\/374|[from] Spikes
|-damage|p1a: Porygon2|220\/374|[from] Stealth Rock
|-ability|p1a: Porygon2|Intimidate|[from] ability: Trace|[of] p2a: Unknown Soldier
|-ability|p1a: Porygon2|Intimidate|[of] p2a: Unknown Soldier
|-unboost|p2a: Unknown Soldier|atk|1
|move|p2a: Unknown Soldier|U-turn|p1a: Porygon2
|-damage|p1a: Porygon2|182\/374
|
|switch|p2a: Soul Kitchen|Keldeo|303\/323
|-damage|p2a: Soul Kitchen|283\/323|[from] Stealth Rock
|
|turn|29
|
|switch|p1a: Landorus-Therian|Landorus-Therian, M|345\/345
|-damage|p1a: Landorus-Therian|302\/345|[from] Stealth Rock
|-ability|p1a: Landorus-Therian|Intimidate|[of] p2a: Soul Kitchen
|-unboost|p2a: Soul Kitchen|atk|1
|move|p2a: Soul Kitchen|Secret Sword|p1a: Landorus-Therian
|-resisted|p1a: Landorus-Therian
|-damage|p1a: Landorus-Therian|247\/345
|
|-heal|p1a: Landorus-Therian|268\/345|[from] item: Leftovers
|turn|30
|
|switch|p2a: Unknown Soldier|Landorus-Therian, M|202\/382
|-damage|p2a: Unknown Soldier|155\/382|[from] Stealth Rock
|-ability|p2a: Unknown Soldier|Intimidate|[of] p1a: Landorus-Therian
|-unboost|p1a: Landorus-Therian|atk|1
|move|p1a: Landorus-Therian|Earthquake|p2a: Unknown Soldier
|-immune|p2a: Unknown Soldier|[msg]
|
|-heal|p1a: Landorus-Therian|289\/345|[from] item: Leftovers
|turn|31
|
|move|p1a: Landorus-Therian|Knock Off|p2a: Unknown Soldier
|-damage|p2a: Unknown Soldier|121\/382
|move|p2a: Unknown Soldier|Rock Slide|p1a: Landorus-Therian
|-damage|p1a: Landorus-Therian|225\/345
|
|-heal|p1a: Landorus-Therian|246\/345|[from] item: Leftovers
|turn|32
|
|switch|p1a: Porygon2|Porygon2|182\/374
|-damage|p1a: Porygon2|136\/374|[from] Stealth Rock
|-damage|p1a: Porygon2|74\/374|[from] Spikes
|-ability|p1a: Porygon2|Intimidate|[from] ability: Trace|[of] p2a: Unknown Soldier
|-ability|p1a: Porygon2|Intimidate|[of] p2a: Unknown Soldier
|-unboost|p2a: Unknown Soldier|atk|1
|move|p2a: Unknown Soldier|Rock Slide|p1a: Porygon2
|-miss|p2a: Unknown Soldier|p1a: Porygon2
|
|turn|33
|
|move|p2a: Unknown Soldier|U-turn|p1a: Porygon2
|-damage|p1a: Porygon2|36\/374
|
|switch|p2a: Soul Kitchen|Keldeo|283\/323
|-damage|p2a: Soul Kitchen|263\/323|[from] Stealth Rock
|move|p1a: Porygon2|Recover|p1a: Porygon2
|-heal|p1a: Porygon2|223\/374
|
|turn|34
|
|move|p2a: Soul Kitchen|Secret Sword|p1a: Porygon2
|-supereffective|p1a: Porygon2
|-damage|p1a: Porygon2|0 fnt
|faint|p1a: Porygon2
|
|
|switch|p1a: Landorus-Therian|Landorus-Therian, M|246\/345
|-damage|p1a: Landorus-Therian|203\/345|[from] Stealth Rock
|-ability|p1a: Landorus-Therian|Intimidate|[of] p2a: Soul Kitchen
|-unboost|p2a: Soul Kitchen|atk|1
|turn|35
|
|switch|p2a: Unknown Soldier|Landorus-Therian, M|121\/382
|-damage|p2a: Unknown Soldier|74\/382|[from] Stealth Rock
|-ability|p2a: Unknown Soldier|Intimidate|[of] p1a: Landorus-Therian
|-unboost|p1a: Landorus-Therian|atk|1
|move|p1a: Landorus-Therian|U-turn|p2a: Unknown Soldier
|-resisted|p2a: Unknown Soldier
|-damage|p2a: Unknown Soldier|54\/382
|
|switch|p1a: Scizor|Scizor, M|301\/343
|-damage|p1a: Scizor|244\/343|[from] Spikes
|-damage|p1a: Scizor|202\/343|[from] Stealth Rock
|
|turn|36
|
|move|p1a: Scizor|Bullet Punch|p2a: Unknown Soldier
|-damage|p2a: Unknown Soldier|0 fnt
|faint|p2a: Unknown Soldier
|
|
|switch|p2a: Lizard King|Charizard, M|297\/297
|-damage|p2a: Lizard King|149\/297|[from] Stealth Rock
|turn|37
|
|detailschange|p2a: Lizard King|Charizard-Mega-Y, M
|-mega|p2a: Lizard King|Charizard|Charizardite Y
|-weather|SunnyDay
|move|p1a: Scizor|Bullet Punch|p2a: Lizard King
|-resisted|p2a: Lizard King
|-damage|p2a: Lizard King|33\/297
|move|p2a: Lizard King|Flamethrower|p1a: Scizor
|-supereffective|p1a: Scizor
|-damage|p1a: Scizor|0 fnt
|faint|p1a: Scizor
|
|-weather|SunnyDay|[upkeep]
|
|switch|p1a: Latios|Latios, M|60\/301 brn
|-damage|p1a: Latios|23\/301 brn|[from] Stealth Rock
|turn|38
|
|move|p1a: Latios|Defog|p2a: Lizard King
|-unboost|p2a: Lizard King|evasion|1
|-sideend|p2: Dehset One|Stealth Rock|[from] move: Defog|[of] p2a: Lizard King
|-sideend|p1: MetaFalken|Spikes|[from] move: Defog|[of] p1a: Latios
|-sideend|p1: MetaFalken|Stealth Rock|[from] move: Defog|[of] p1a: Latios
|move|p2a: Lizard King|Air Slash|p1a: Latios
|-damage|p1a: Latios|0 fnt
|faint|p1a: Latios
|
|-weather|SunnyDay|[upkeep]
|
|switch|p1a: Lopunny|Lopunny, M|271\/271
|turn|39
|
|switch|p2a: Peace Frog|Venusaur, F|257\/301
|detailschange|p1a: Lopunny|Lopunny-Mega, M
|-mega|p1a: Lopunny|Lopunny|Lopunnite
|move|p1a: Lopunny|Fake Out|p2a: Peace Frog
|-damage|p2a: Peace Frog|167\/301
|
|-weather|SunnyDay|[upkeep]
|turn|40
|
|move|p2a: Peace Frog|Giga Drain|p1a: Lopunny
|-damage|p1a: Lopunny|96\/271
|-heal|p2a: Peace Frog|255\/301|[from] drain|[of] p1a: Lopunny
|-damage|p2a: Peace Frog|225\/301|[from] item: Life Orb
|move|p1a: Lopunny|Return|p2a: Peace Frog
|-damage|p2a: Peace Frog|17\/301
|
|-weather|SunnyDay|[upkeep]
|turn|41
|
|switch|p1a: Landorus-Therian|Landorus-Therian, M|203\/345
|-ability|p1a: Landorus-Therian|Intimidate|[of] p2a: Peace Frog
|-unboost|p2a: Peace Frog|atk|1
|move|p2a: Peace Frog|Giga Drain|p1a: Landorus-Therian
|-damage|p1a: Landorus-Therian|16\/345
|-heal|p2a: Peace Frog|111\/301|[from] drain|[of] p1a: Landorus-Therian
|-damage|p2a: Peace Frog|81\/301|[from] item: Life Orb
|
|-weather|none
|-heal|p1a: Landorus-Therian|37\/345|[from] item: Leftovers
|turn|42
|
|move|p1a: Landorus-Therian|U-turn|p2a: Peace Frog
|-damage|p2a: Peace Frog|0 fnt
|faint|p2a: Peace Frog
|
|switch|p1a: Lopunny|Lopunny-Mega, M|96\/271
|
|
|switch|p2a: Soul Kitchen|Keldeo|263\/323
|turn|43
|
|move|p1a: Lopunny|Fake Out|p2a: Soul Kitchen
|-damage|p2a: Soul Kitchen|185\/323
|cant|p2a: Soul Kitchen|flinch
|
|turn|44
|
|switch|p1a: Landorus-Therian|Landorus-Therian, M|37\/345
|-ability|p1a: Landorus-Therian|Intimidate|[of] p2a: Soul Kitchen
|-unboost|p2a: Soul Kitchen|atk|1
|move|p2a: Soul Kitchen|Scald|p1a: Landorus-Therian
|-supereffective|p1a: Landorus-Therian
|-damage|p1a: Landorus-Therian|0 fnt
|faint|p1a: Landorus-Therian
|
|
|switch|p1a: Rotom-Wash|Rotom-Wash|249\/303
|turn|45
|
|switch|p2a: Lizard King|Charizard-Mega-Y, M|33\/297
|-weather|SunnyDay
|move|p1a: Rotom-Wash|Volt Switch|p2a: Lizard King
|-supereffective|p2a: Lizard King
|-damage|p2a: Lizard King|0 fnt
|faint|p2a: Lizard King
|
|switch|p1a: Lopunny|Lopunny-Mega, M|96\/271
|
|-weather|SunnyDay|[upkeep]
|-message|Dehset One forfeited.
|
|win|MetaFalken
|raw|Ladder updating...
|leave|Dehset One
|player|p2
|raw|MetaFalken's rating: 1540 &rarr; <strong>1558<\/strong><br \/>(+18 for winning)
|raw|Dehset One's rating: 1500 &rarr; <strong>1482<\/strong><br \/>(-18 for losing)