|join|MetaFalken
|join|animeking77
|player|p1|MetaFalken|163
|player|p2|animeking77|265
|gametype|singles
|gen|6
|tier|OU
|rated
|clearpoke
|poke|p1|Gliscor, M
|poke|p1|Keldeo
|poke|p1|Heatran, M
|poke|p1|Breloom, F
|poke|p1|Porygon2
|poke|p1|Scizor, F
|poke|p2|Gardevoir, M
|poke|p2|Darmanitan, M
|poke|p2|Conkeldurr, F
|poke|p2|Mandibuzz, F
|poke|p2|Rotom-Wash
|poke|p2|Porygon2
|rule|Swagger Clause: Swagger is banned
|rule|Baton Pass Clause: Limit one PokÃ©mon knowing Baton Pass
|rule|Sleep Clause Mod: Limit one foe put to sleep
|rule|Species Clause: Limit one of each PokÃ©mon
|rule|OHKO Clause: OHKO moves are banned
|rule|Moody Clause: Moody is banned
|rule|Evasion Moves Clause: Evasion moves are banned
|rule|Endless Battle Clause: Forcing endless battles is banned
|rule|HP Percentage Mod: HP is shown in percentages
|teampreview
|
|start
|switch|p1a: Breloom|Breloom, F|324\/324
|switch|p2a: Rotom-Wash|Rotom-Wash|241\/241
|turn|1
|
|move|p1a: Breloom|Protect|p1a: Breloom
|-singleturn|p1a: Breloom|Protect
|move|p2a: Rotom-Wash|Volt Switch|p1a: Breloom
|-activate|p1a: Breloom|Protect
|
|-status|p1a: Breloom|tox|[from] item: Toxic Orb
|turn|2
|
|move|p2a: Rotom-Wash|Volt Switch|p1a: Breloom
|-resisted|p1a: Breloom
|-damage|p1a: Breloom|268\/324 tox
|
|switch|p2a: Mandibuzz|Mandibuzz, F|423\/423
|move|p1a: Breloom|Spore|p2a: Mandibuzz
|-fail|p2a: Mandibuzz
|
|-heal|p1a: Breloom|308\/324 tox|[from] ability: Poison Heal
|turn|3
|
|switch|p1a: Gliscor|Gliscor, M|352\/352
|move|p2a: Mandibuzz|Taunt|p1a: Gliscor
|-start|p1a: Gliscor|move: Taunt
|
|-status|p1a: Gliscor|tox|[from] item: Toxic Orb
|turn|4
|
|switch|p1a: Porygon2|Porygon2|374\/374
|-ability|p1a: Porygon2|Overcoat|[from] ability: Trace|[of] p2a: Mandibuzz
|move|p2a: Mandibuzz|Foul Play|p1a: Porygon2
|-damage|p1a: Porygon2|325\/374
|
|turn|5
|
|move|p2a: Mandibuzz|Taunt|p1a: Porygon2
|-start|p1a: Porygon2|move: Taunt
|cant|p1a: Porygon2|move: Taunt|Thunder Wave
|
|turn|6
|
|switch|p2a: Conkeldurr|Conkeldurr, F|380\/380
|move|p1a: Porygon2|Thunderbolt|p2a: Conkeldurr
|-damage|p2a: Conkeldurr|326\/380
|
|turn|7
|
|switch|p1a: Scizor|Scizor, F|343\/343
|move|p2a: Conkeldurr|Knock Off|p1a: Scizor
|-damage|p1a: Scizor|255\/343
|
|turn|8
|
|switch|p2a: Mandibuzz|Mandibuzz, F|423\/423
|detailschange|p1a: Scizor|Scizor-Mega, F
|-mega|p1a: Scizor|Scizor|Scizorite
|move|p1a: Scizor|Knock Off|p2a: Mandibuzz
|-resisted|p2a: Mandibuzz
|-damage|p2a: Mandibuzz|383\/423
|-enditem|p2a: Mandibuzz|Leftovers|[from] move: Knock Off|[of] p1a: Scizor
|
|turn|9
|
|move|p1a: Scizor|Bullet Punch|p2a: Mandibuzz
|-damage|p2a: Mandibuzz|293\/423
|move|p2a: Mandibuzz|Taunt|p1a: Scizor
|-start|p1a: Scizor|move: Taunt
|
|turn|10
|
|move|p1a: Scizor|Bullet Punch|p2a: Mandibuzz
|-damage|p2a: Mandibuzz|208\/423
|move|p2a: Mandibuzz|Foul Play|p1a: Scizor
|-damage|p1a: Scizor|132\/343
|
|turn|11
|
|switch|p1a: Keldeo|Keldeo|323\/323
|move|p2a: Mandibuzz|Roost|p2a: Mandibuzz
|-heal|p2a: Mandibuzz|420\/423
|
|turn|12
|
|switch|p2a: Gardevoir|Gardevoir, M|277\/277
|-ability|p2a: Gardevoir|Justified|[from] ability: Trace|[of] p1a: Keldeo
|move|p1a: Keldeo|Scald|p2a: Gardevoir
|-damage|p2a: Gardevoir|145\/277
|
|turn|13
|
|switch|p1a: Porygon2|Porygon2|325\/374
|-ability|p1a: Porygon2|Justified|[from] ability: Trace|[of] p2a: Gardevoir
|switch|p2a: Conkeldurr|Conkeldurr, F|326\/380
|
|turn|14
|
|switch|p1a: Scizor|Scizor-Mega, F|132\/343
|move|p2a: Conkeldurr|Drain Punch|p1a: Scizor
|-damage|p1a: Scizor|23\/343
|-heal|p2a: Conkeldurr|380\/380|[from] drain|[of] p1a: Scizor
|
|turn|15
|
|move|p2a: Conkeldurr|Mach Punch|p1a: Scizor
|-damage|p1a: Scizor|0 fnt
|faint|p1a: Scizor
|
|
|switch|p1a: Breloom|Breloom, F|308\/324 tox
|turn|16
|
|switch|p2a: Mandibuzz|Mandibuzz, F|420\/423
|move|p1a: Breloom|Spore|p2a: Mandibuzz
|-fail|p2a: Mandibuzz
|
|-heal|p1a: Breloom|324\/324 tox|[from] ability: Poison Heal
|turn|17
|
|move|p2a: Mandibuzz|Taunt|p1a: Breloom
|-start|p1a: Breloom|move: Taunt
|cant|p1a: Breloom|move: Taunt|Leech Seed
|
|turn|18
|
|switch|p2a: Conkeldurr|Conkeldurr, F|380\/380
|switch|p1a: Keldeo|Keldeo|323\/323
|
|turn|19
|
|move|p1a: Keldeo|Scald|p2a: Conkeldurr
|-damage|p2a: Conkeldurr|266\/380
|move|p2a: Conkeldurr|Drain Punch|p1a: Keldeo
|-damage|p1a: Keldeo|152\/323
|-heal|p2a: Conkeldurr|352\/380|[from] drain|[of] p1a: Keldeo
|
|turn|20
|
|switch|p1a: Breloom|Breloom, F|324\/324 tox
|move|p2a: Conkeldurr|Knock Off|p1a: Breloom
|-resisted|p1a: Breloom
|-damage|p1a: Breloom|241\/324 tox
|-enditem|p1a: Breloom|Toxic Orb|[from] move: Knock Off|[of] p2a: Conkeldurr
|
|-heal|p1a: Breloom|281\/324 tox|[from] ability: Poison Heal
|turn|21
|
|switch|p2a: Gardevoir|Gardevoir, M|145\/277
|-ability|p2a: Gardevoir|Poison Heal|[from] ability: Trace|[of] p1a: Breloom
|move|p1a: Breloom|Spore|p2a: Gardevoir
|-status|p2a: Gardevoir|slp
|
|-heal|p1a: Breloom|321\/324 tox|[from] ability: Poison Heal
|turn|22
|
|detailschange|p2a: Gardevoir|Gardevoir-Mega, M
|-mega|p2a: Gardevoir|Gardevoir|Gardevoirite
|cant|p2a: Gardevoir|slp
|move|p1a: Breloom|Leech Seed|p2a: Gardevoir
|-start|p2a: Gardevoir|move: Leech Seed
|
|-damage|p2a: Gardevoir|111\/277 slp|[from] Leech Seed|[of] p1a: Breloom
|-heal|p1a: Breloom|324\/324 tox|[silent]
|turn|23
|
|-curestatus|p2a: Gardevoir|slp
|move|p2a: Gardevoir|Hyper Voice|p1a: Breloom
|-supereffective|p1a: Breloom
|-damage|p1a: Breloom|0 fnt
|faint|p1a: Breloom
|
|
|switch|p1a: Porygon2|Porygon2|325\/374
|-ability|p1a: Porygon2|Pixilate|[from] ability: Trace|[of] p2a: Gardevoir
|turn|24
|
|move|p2a: Gardevoir|Hyper Voice|p1a: Porygon2
|-damage|p1a: Porygon2|196\/374
|move|p1a: Porygon2|Thunder Wave|p2a: Gardevoir
|-status|p2a: Gardevoir|par
|
|-damage|p2a: Gardevoir|77\/277 par|[from] Leech Seed|[of] p1a: Porygon2
|-heal|p1a: Porygon2|230\/374|[silent]
|turn|25
|
|move|p1a: Porygon2|Ice Beam|p2a: Gardevoir
|-damage|p2a: Gardevoir|17\/277 par
|cant|p2a: Gardevoir|par
|
|-damage|p2a: Gardevoir|0 fnt|[from] Leech Seed|[of] p1a: Porygon2
|-heal|p1a: Porygon2|247\/374|[silent]
|faint|p2a: Gardevoir
|
|switch|p2a: Conkeldurr|Conkeldurr, F|352\/380
|turn|26
|
|switch|p1a: Gliscor|Gliscor, M|352\/352 tox
|move|p2a: Conkeldurr|Knock Off|p1a: Gliscor
|-damage|p1a: Gliscor|255\/352 tox
|-enditem|p1a: Gliscor|Toxic Orb|[from] move: Knock Off|[of] p2a: Conkeldurr
|
|-heal|p1a: Gliscor|299\/352 tox|[from] ability: Poison Heal
|turn|27
|
|switch|p2a: Porygon2|Porygon2|374\/374
|-ability|p2a: Porygon2|Poison Heal|[from] ability: Trace|[of] p1a: Gliscor
|move|p1a: Gliscor|Toxic|p2a: Porygon2
|-status|p2a: Porygon2|tox
|
|-heal|p1a: Gliscor|343\/352 tox|[from] ability: Poison Heal
|turn|28
|
|switch|p1a: Keldeo|Keldeo|152\/323
|move|p2a: Porygon2|Thunder Wave|p1a: Keldeo
|-status|p1a: Keldeo|par
|
|turn|29
|
|move|p2a: Porygon2|Thunderbolt|p1a: Keldeo
|-supereffective|p1a: Keldeo
|-damage|p1a: Keldeo|0 fnt
|faint|p1a: Keldeo
|
|-message|MetaFalken forfeited.
|leave|MetaFalken
|
|win|animeking77
|raw|Ladder updating...
|player|p1
|raw|MetaFalken's rating: 1362 &rarr; <strong>1341<\/strong><br \/>(-21 for losing)
|raw|animeking77's rating: 1347 &rarr; <strong>1368<\/strong><br \/>(+21 for winning)