|join|greoh
|join|MetaFalken
|player|p1|greoh|52
|player|p2|MetaFalken|163
|gametype|singles
|gen|6
|tier|OU (suspect test)
|rated
|clearpoke
|poke|p1|Politoed, F
|poke|p1|Kabutops, M
|poke|p1|Sceptile, M
|poke|p1|Jirachi
|poke|p1|Zapdos
|poke|p1|Umbreon, M
|poke|p2|Scizor, M
|poke|p2|Rotom-Wash
|poke|p2|Landorus-Therian, M
|poke|p2|Heracross, F
|poke|p2|Latios, M
|poke|p2|Porygon2
|rule|Swagger Clause: Swagger is banned
|rule|Baton Pass Clause: Limit one PokÃ©mon knowing Baton Pass
|rule|Sleep Clause Mod: Limit one foe put to sleep
|rule|Species Clause: Limit one of each PokÃ©mon
|rule|OHKO Clause: OHKO moves are banned
|rule|Moody Clause: Moody is banned
|rule|Evasion Moves Clause: Evasion moves are banned
|rule|Endless Battle Clause: Forcing endless battles is banned
|rule|HP Percentage Mod: HP is shown in percentages
|teampreview
|
|start
|switch|p1a: Sceptile|Sceptile, M|282\/282
|switch|p2a: Porygon2|Porygon2|374\/374
|-ability|p2a: Porygon2|Overgrow|[from] ability: Trace|[of] p1a: Sceptile
|turn|1
|
|detailschange|p1a: Sceptile|Sceptile-Mega, M
|-mega|p1a: Sceptile|Sceptile|Sceptilite
|move|p1a: Sceptile|Substitute|p1a: Sceptile
|-start|p1a: Sceptile|Substitute
|-damage|p1a: Sceptile|212\/282
|move|p2a: Porygon2|Ice Beam|p1a: Sceptile
|-supereffective|p1a: Sceptile
|-end|p1a: Sceptile|Substitute
|
|turn|2
|
|switch|p1a: Umbreon|Umbreon, M|394\/394
|move|p2a: Porygon2|Thunder Wave|p1a: Umbreon
|-status|p1a: Umbreon|par
|-status|p2a: Porygon2|par
|
|turn|3
|
|switch|p2a: Scizor|Scizor, M|343\/343
|move|p1a: Umbreon|Heal Bell|p1a: Umbreon
|-cureteam|p1a: Umbreon|[from] move: HealBell
|
|turn|4
|
|switch|p1a: Zapdos|Zapdos|384\/384
|-ability|p1a: Zapdos|Pressure
|move|p2a: Scizor|U-turn|p1a: Zapdos
|-resisted|p1a: Zapdos
|-damage|p1a: Zapdos|299\/384
|
|switch|p2a: Rotom-Wash|Rotom-Wash|303\/303
|
|-heal|p1a: Zapdos|323\/384|[from] item: Leftovers
|turn|5
|
|switch|p1a: Sceptile|Sceptile-Mega, M|212\/282
|move|p2a: Rotom-Wash|Will-O-Wisp|p1a: Sceptile
|-status|p1a: Sceptile|brn
|
|-damage|p1a: Sceptile|177\/282 brn|[from] brn
|turn|6
|
|switch|p2a: Porygon2|Porygon2|374\/374 par
|-ability|p2a: Porygon2|Lightning Rod|[from] ability: Trace|[of] p1a: Sceptile
|move|p1a: Sceptile|Focus Blast|p2a: Porygon2
|-supereffective|p2a: Porygon2
|-damage|p2a: Porygon2|220\/374 par
|
|-damage|p1a: Sceptile|142\/282 brn|[from] brn
|turn|7
|
|switch|p1a: Jirachi|Jirachi|404\/404
|move|p2a: Porygon2|Ice Beam|p1a: Jirachi
|-crit|p1a: Jirachi
|-resisted|p1a: Jirachi
|-damage|p1a: Jirachi|362\/404
|
|-heal|p1a: Jirachi|387\/404|[from] item: Leftovers
|turn|8
|
|move|p1a: Jirachi|Iron Head|p2a: Porygon2
|-damage|p2a: Porygon2|154\/374 par
|cant|p2a: Porygon2|par
|
|-heal|p1a: Jirachi|404\/404|[from] item: Leftovers
|turn|9
|
|move|p1a: Jirachi|Iron Head|p2a: Porygon2
|-damage|p2a: Porygon2|90\/374 par
|cant|p2a: Porygon2|flinch
|
|turn|10
|
|move|p1a: Jirachi|Iron Head|p2a: Porygon2
|-damage|p2a: Porygon2|27\/374 par
|move|p2a: Porygon2|Recover|p2a: Porygon2
|-heal|p2a: Porygon2|214\/374 par
|
|turn|11
|
|move|p1a: Jirachi|Stealth Rock|p2a: Porygon2
|-sidestart|p2: MetaFalken|move: Stealth Rock
|move|p2a: Porygon2|Recover|p2a: Porygon2
|-heal|p2a: Porygon2|374\/374 par
|
|turn|12
|
|switch|p1a: Zapdos|Zapdos|323\/384
|-ability|p1a: Zapdos|Pressure
|move|p2a: Porygon2|Thunder Wave|p1a: Zapdos
|-fail|p1a: Zapdos
|
|-heal|p1a: Zapdos|347\/384|[from] item: Leftovers
|turn|13
|
|move|p1a: Zapdos|Heat Wave|p2a: Porygon2
|-damage|p2a: Porygon2|332\/374 par
|move|p2a: Porygon2|Ice Beam|p1a: Zapdos
|-supereffective|p1a: Zapdos
|-damage|p1a: Zapdos|193\/384
|
|-heal|p1a: Zapdos|217\/384|[from] item: Leftovers
|turn|14
|
|move|p1a: Zapdos|Roost|p1a: Zapdos
|-heal|p1a: Zapdos|384\/384
|cant|p2a: Porygon2|par
|
|turn|15
|
|move|p1a: Zapdos|Volt Switch|p2a: Porygon2
|-boost|p2a: Porygon2|spa|1|[from] ability: Lightning Rod
|move|p2a: Porygon2|Ice Beam|p1a: Zapdos
|-supereffective|p1a: Zapdos
|-damage|p1a: Zapdos|148\/384
|
|-heal|p1a: Zapdos|172\/384|[from] item: Leftovers
|turn|16
|
|move|p1a: Zapdos|Roost|p1a: Zapdos
|-heal|p1a: Zapdos|364\/384
|cant|p2a: Porygon2|par
|
|-heal|p1a: Zapdos|384\/384|[from] item: Leftovers
|turn|17
|
|switch|p1a: Politoed|Politoed, F|383\/383
|-weather|RainDance
|move|p2a: Porygon2|Ice Beam|p1a: Politoed
|-resisted|p1a: Politoed
|-damage|p1a: Politoed|329\/383
|
|-weather|RainDance|[upkeep]
|turn|18
|
|move|p1a: Politoed|Encore|p2a: Porygon2
|-start|p2a: Porygon2|Encore
|cant|p2a: Porygon2|par
|
|-weather|RainDance|[upkeep]
|turn|19
|
|switch|p2a: Latios|Latios, M|301\/301
|-damage|p2a: Latios|264\/301|[from] Stealth Rock
|move|p1a: Politoed|Toxic|p2a: Latios
|-status|p2a: Latios|tox
|
|-weather|RainDance|[upkeep]
|-damage|p2a: Latios|246\/301 tox|[from] psn
|turn|20
|
|switch|p1a: Jirachi|Jirachi|404\/404
|move|p2a: Latios|Psyshock|p1a: Jirachi
|-resisted|p1a: Jirachi
|-damage|p1a: Jirachi|356\/404
|-damage|p2a: Latios|216\/301 tox|[from] item: Life Orb
|
|-weather|RainDance|[upkeep]
|-heal|p1a: Jirachi|381\/404|[from] item: Leftovers
|-damage|p2a: Latios|180\/301 tox|[from] psn
|turn|21
|
|switch|p1a: Zapdos|Zapdos|384\/384
|-ability|p1a: Zapdos|Pressure
|move|p2a: Latios|Hidden Power|p1a: Zapdos
|-damage|p1a: Zapdos|333\/384
|-damage|p2a: Latios|150\/301 tox|[from] item: Life Orb
|
|-weather|RainDance|[upkeep]
|-heal|p1a: Zapdos|357\/384|[from] item: Leftovers
|-damage|p2a: Latios|96\/301 tox|[from] psn
|turn|22
|
|switch|p2a: Porygon2|Porygon2|332\/374 par
|-damage|p2a: Porygon2|286\/374 par|[from] Stealth Rock
|-ability|p2a: Porygon2|Pressure|[from] ability: Trace|[of] p1a: Zapdos
|-ability|p2a: Porygon2|Pressure
|move|p1a: Zapdos|Roost|p1a: Zapdos
|-heal|p1a: Zapdos|384\/384
|
|-weather|RainDance|[upkeep]
|turn|23
|
|move|p1a: Zapdos|Volt Switch|p2a: Porygon2
|-damage|p2a: Porygon2|240\/374 par
|
|switch|p1a: Umbreon|Umbreon, M|394\/394
|cant|p2a: Porygon2|par
|
|-weather|RainDance|[upkeep]
|turn|24
|
|move|p1a: Umbreon|Wish|p1a: Umbreon
|cant|p2a: Porygon2|par
|
|-weather|none
|turn|25
|
|switch|p1a: Zapdos|Zapdos|384\/384
|-ability|p1a: Zapdos|Pressure
|move|p2a: Porygon2|Ice Beam|p1a: Zapdos
|-supereffective|p1a: Zapdos
|-damage|p1a: Zapdos|226\/384
|
|-heal|p1a: Zapdos|384\/384|[from] move: Wish|[wisher] Umbreon
|turn|26
|
|move|p1a: Zapdos|Volt Switch|p2a: Porygon2
|-damage|p2a: Porygon2|191\/374 par
|
|switch|p1a: Umbreon|Umbreon, M|394\/394
|move|p2a: Porygon2|Thunderbolt|p1a: Umbreon
|-crit|p1a: Umbreon
|-damage|p1a: Umbreon|327\/394
|
|-heal|p1a: Umbreon|351\/394|[from] item: Leftovers
|turn|27
|
|move|p1a: Umbreon|Heal Bell|p1a: Umbreon
|-cureteam|p1a: Umbreon|[from] move: HealBell
|move|p2a: Porygon2|Recover|p2a: Porygon2
|-heal|p2a: Porygon2|374\/374 par
|
|-heal|p1a: Umbreon|375\/394|[from] item: Leftovers
|turn|28
|
|switch|p2a: Heracross|Heracross, F|301\/301
|-damage|p2a: Heracross|264\/301|[from] Stealth Rock
|move|p1a: Umbreon|Wish|p1a: Umbreon
|
|-heal|p1a: Umbreon|394\/394|[from] item: Leftovers
|turn|29
|
|switch|p1a: Zapdos|Zapdos|384\/384
|-ability|p1a: Zapdos|Pressure
|detailschange|p2a: Heracross|Heracross-Mega, F
|-mega|p2a: Heracross|Heracross|Heracronite
|move|p2a: Heracross|Pin Missile|p1a: Zapdos
|-resisted|p1a: Zapdos
|-damage|p1a: Zapdos|362\/384
|-resisted|p1a: Zapdos
|-damage|p1a: Zapdos|338\/384
|-resisted|p1a: Zapdos
|-damage|p1a: Zapdos|314\/384
|-resisted|p1a: Zapdos
|-damage|p1a: Zapdos|288\/384
|-resisted|p1a: Zapdos
|-damage|p1a: Zapdos|266\/384
|-hitcount|p1a: Zapdos|5
|
|-heal|p1a: Zapdos|384\/384|[from] move: Wish|[wisher] Umbreon
|turn|30
|
|switch|p2a: Rotom-Wash|Rotom-Wash|303\/303
|-damage|p2a: Rotom-Wash|266\/303|[from] Stealth Rock
|move|p1a: Zapdos|Heat Wave|p2a: Rotom-Wash
|-miss|p1a: Zapdos|p2a: Rotom-Wash
|
|-heal|p2a: Rotom-Wash|284\/303|[from] item: Leftovers
|turn|31
|
|switch|p1a: Sceptile|Sceptile-Mega, M|142\/282
|move|p2a: Rotom-Wash|Will-O-Wisp|p1a: Sceptile|[miss]
|-miss|p2a: Rotom-Wash|p1a: Sceptile
|
|-heal|p2a: Rotom-Wash|302\/303|[from] item: Leftovers
|turn|32
|
|switch|p1a: Zapdos|Zapdos|384\/384
|-ability|p1a: Zapdos|Pressure
|switch|p2a: Porygon2|Porygon2|374\/374 par
|-damage|p2a: Porygon2|328\/374 par|[from] Stealth Rock
|-ability|p2a: Porygon2|Pressure|[from] ability: Trace|[of] p1a: Zapdos
|-ability|p2a: Porygon2|Pressure
|
|turn|33
|
|move|p1a: Zapdos|Heat Wave|p2a: Porygon2
|-damage|p2a: Porygon2|280\/374 par
|move|p2a: Porygon2|Thunderbolt|p1a: Zapdos
|-damage|p1a: Zapdos|299\/384
|
|-heal|p1a: Zapdos|323\/384|[from] item: Leftovers
|turn|34
|
|move|p1a: Zapdos|Roost|p1a: Zapdos
|-heal|p1a: Zapdos|384\/384
|move|p2a: Porygon2|Thunderbolt|p1a: Zapdos
|-resisted|p1a: Zapdos
|-damage|p1a: Zapdos|344\/384
|
|-heal|p1a: Zapdos|368\/384|[from] item: Leftovers
|turn|35
|
|switch|p1a: Umbreon|Umbreon, M|394\/394
|switch|p2a: Rotom-Wash|Rotom-Wash|302\/303
|-damage|p2a: Rotom-Wash|265\/303|[from] Stealth Rock
|
|-heal|p2a: Rotom-Wash|283\/303|[from] item: Leftovers
|turn|36
|
|move|p2a: Rotom-Wash|Volt Switch|p1a: Umbreon
|-damage|p1a: Umbreon|342\/394
|
|switch|p2a: Heracross|Heracross-Mega, F|264\/301
|-damage|p2a: Heracross|227\/301|[from] Stealth Rock
|move|p1a: Umbreon|Wish|p1a: Umbreon
|
|-heal|p1a: Umbreon|366\/394|[from] item: Leftovers
|turn|37
|
|switch|p1a: Zapdos|Zapdos|368\/384
|-ability|p1a: Zapdos|Pressure
|move|p2a: Heracross|Substitute|p2a: Heracross
|-start|p2a: Heracross|Substitute
|-damage|p2a: Heracross|152\/301
|
|-heal|p1a: Zapdos|384\/384|[from] move: Wish|[wisher] Umbreon
|turn|38
|
|move|p2a: Heracross|Rock Blast|p1a: Zapdos
|-supereffective|p1a: Zapdos
|-damage|p1a: Zapdos|324\/384
|-supereffective|p1a: Zapdos
|-damage|p1a: Zapdos|256\/384
|-crit|p1a: Zapdos
|-supereffective|p1a: Zapdos
|-damage|p1a: Zapdos|162\/384
|-supereffective|p1a: Zapdos
|-damage|p1a: Zapdos|98\/384
|-supereffective|p1a: Zapdos
|-damage|p1a: Zapdos|36\/384
|-hitcount|p1a: Zapdos|5
|move|p1a: Zapdos|Heat Wave|p2a: Heracross
|-supereffective|p2a: Heracross
|-end|p2a: Heracross|Substitute
|
|-heal|p1a: Zapdos|60\/384|[from] item: Leftovers
|turn|39
|
|switch|p2a: Rotom-Wash|Rotom-Wash|283\/303
|-damage|p2a: Rotom-Wash|246\/303|[from] Stealth Rock
|move|p1a: Zapdos|Heat Wave|p2a: Rotom-Wash
|-miss|p1a: Zapdos|p2a: Rotom-Wash
|
|-heal|p1a: Zapdos|84\/384|[from] item: Leftovers
|-heal|p2a: Rotom-Wash|264\/303|[from] item: Leftovers
|turn|40
|
|move|p1a: Zapdos|Roost|p1a: Zapdos
|-heal|p1a: Zapdos|276\/384
|move|p2a: Rotom-Wash|Will-O-Wisp|p1a: Zapdos
|-status|p1a: Zapdos|brn
|
|-heal|p1a: Zapdos|300\/384 brn|[from] item: Leftovers
|-heal|p2a: Rotom-Wash|282\/303|[from] item: Leftovers
|-damage|p1a: Zapdos|252\/384 brn|[from] brn
|turn|41
|
|switch|p1a: Umbreon|Umbreon, M|366\/394
|move|p2a: Rotom-Wash|Volt Switch|p1a: Umbreon
|-damage|p1a: Umbreon|315\/394
|
|switch|p2a: Heracross|Heracross-Mega, F|152\/301
|-damage|p2a: Heracross|115\/301|[from] Stealth Rock
|
|-heal|p1a: Umbreon|339\/394|[from] item: Leftovers
|turn|42
|
|switch|p1a: Jirachi|Jirachi|381\/404
|move|p2a: Heracross|Close Combat|p1a: Jirachi
|-damage|p1a: Jirachi|78\/404
|-unboost|p2a: Heracross|def|1
|-unboost|p2a: Heracross|spd|1
|
|-heal|p1a: Jirachi|103\/404|[from] item: Leftovers
|turn|43
|
|switch|p2a: Scizor|Scizor, M|343\/343
|-damage|p2a: Scizor|301\/343|[from] Stealth Rock
|switch|p1a: Politoed|Politoed, F|329\/383
|-weather|RainDance
|
|-weather|RainDance|[upkeep]
|turn|44
|
|move|p1a: Politoed|Scald|p2a: Scizor
|-damage|p2a: Scizor|159\/343
|move|p2a: Scizor|U-turn|p1a: Politoed
|-damage|p1a: Politoed|146\/383
|
|switch|p2a: Heracross|Heracross-Mega, F|115\/301
|-damage|p2a: Heracross|78\/301|[from] Stealth Rock
|
|-weather|RainDance|[upkeep]
|turn|45
|
|switch|p1a: Jirachi|Jirachi|103\/404
|move|p2a: Heracross|Rock Blast|p1a: Jirachi
|-resisted|p1a: Jirachi
|-damage|p1a: Jirachi|84\/404
|-resisted|p1a: Jirachi
|-damage|p1a: Jirachi|66\/404
|-resisted|p1a: Jirachi
|-damage|p1a: Jirachi|48\/404
|-resisted|p1a: Jirachi
|-damage|p1a: Jirachi|29\/404
|-resisted|p1a: Jirachi
|-damage|p1a: Jirachi|9\/404
|-hitcount|p1a: Jirachi|5
|
|-weather|RainDance|[upkeep]
|-heal|p1a: Jirachi|34\/404|[from] item: Leftovers
|turn|46
|
|switch|p2a: Landorus-Therian|Landorus-Therian, M|345\/345
|-damage|p2a: Landorus-Therian|302\/345|[from] Stealth Rock
|-ability|p2a: Landorus-Therian|Intimidate|[of] p1a: Jirachi
|-unboost|p1a: Jirachi|atk|1
|move|p1a: Jirachi|Iron Head|p2a: Landorus-Therian
|-damage|p2a: Landorus-Therian|253\/345
|
|-weather|RainDance|[upkeep]
|-heal|p2a: Landorus-Therian|274\/345|[from] item: Leftovers
|-heal|p1a: Jirachi|59\/404|[from] item: Leftovers
|turn|47
|
|move|p1a: Jirachi|Protect|p1a: Jirachi
|-singleturn|p1a: Jirachi|Protect
|move|p2a: Landorus-Therian|Stealth Rock|p1a: Jirachi
|-sidestart|p1: greoh|move: Stealth Rock
|
|-weather|RainDance|[upkeep]
|-heal|p2a: Landorus-Therian|295\/345|[from] item: Leftovers
|-heal|p1a: Jirachi|84\/404|[from] item: Leftovers
|turn|48
|
|move|p2a: Landorus-Therian|Knock Off|p1a: Jirachi
|-supereffective|p1a: Jirachi
|-damage|p1a: Jirachi|0 fnt
|-enditem|p1a: Jirachi|Leftovers|[from] move: Knock Off|[of] p2a: Landorus-Therian
|faint|p1a: Jirachi
|
|-weather|RainDance|[upkeep]
|-heal|p2a: Landorus-Therian|316\/345|[from] item: Leftovers
|
|switch|p1a: Umbreon|Umbreon, M|339\/394
|-damage|p1a: Umbreon|290\/394|[from] Stealth Rock
|turn|49
|
|move|p2a: Landorus-Therian|U-turn|p1a: Umbreon
|-crit|p1a: Umbreon
|-supereffective|p1a: Umbreon
|-damage|p1a: Umbreon|88\/394
|c|âgreoh|gg
|
|switch|p2a: Heracross|Heracross-Mega, F|78\/301
|-damage|p2a: Heracross|41\/301|[from] Stealth Rock
|move|p1a: Umbreon|Toxic|p2a: Heracross
|-status|p2a: Heracross|tox
|
|-weather|RainDance|[upkeep]
|-heal|p1a: Umbreon|112\/394|[from] item: Leftovers
|-damage|p2a: Heracross|23\/301 tox|[from] psn
|turn|50
|
|move|p1a: Umbreon|Protect|p1a: Umbreon
|-singleturn|p1a: Umbreon|Protect
|move|p2a: Heracross|Rock Blast|p1a: Umbreon
|-activate|p1a: Umbreon|Protect
|
|-weather|none
|-heal|p1a: Umbreon|136\/394|[from] item: Leftovers
|-damage|p2a: Heracross|0 fnt|[from] psn
|faint|p2a: Heracross
|
|switch|p2a: Scizor|Scizor, M|159\/343
|-damage|p2a: Scizor|117\/343|[from] Stealth Rock
|turn|51
|
|switch|p1a: Zapdos|Zapdos|252\/384 brn
|-damage|p1a: Zapdos|156\/384 brn|[from] Stealth Rock
|-ability|p1a: Zapdos|Pressure
|move|p2a: Scizor|U-turn|p1a: Zapdos
|-resisted|p1a: Zapdos
|-damage|p1a: Zapdos|71\/384 brn
|
|switch|p2a: Latios|Latios, M|96\/301 tox
|-damage|p2a: Latios|59\/301 tox|[from] Stealth Rock
|
|-heal|p1a: Zapdos|95\/384 brn|[from] item: Leftovers
|-damage|p2a: Latios|41\/301 tox|[from] psn
|-damage|p1a: Zapdos|47\/384 brn|[from] brn
|turn|52
|
|move|p2a: Latios|Psyshock|p1a: Zapdos
|-damage|p1a: Zapdos|0 fnt
|-damage|p2a: Latios|11\/301 tox|[from] item: Life Orb
|faint|p1a: Zapdos
|
|-damage|p2a: Latios|0 fnt|[from] psn
|faint|p2a: Latios
|
|switch|p1a: Sceptile|Sceptile-Mega, M|142\/282
|switch|p2a: Porygon2|Porygon2|280\/374 par
|-damage|p1a: Sceptile|107\/282|[from] Stealth Rock
|-damage|p2a: Porygon2|234\/374 par|[from] Stealth Rock
|-ability|p2a: Porygon2|Lightning Rod|[from] ability: Trace|[of] p1a: Sceptile
|turn|53
|
|switch|p1a: Umbreon|Umbreon, M|136\/394
|-damage|p1a: Umbreon|87\/394|[from] Stealth Rock
|move|p2a: Porygon2|Ice Beam|p1a: Umbreon
|-damage|p1a: Umbreon|45\/394
|
|-heal|p1a: Umbreon|69\/394|[from] item: Leftovers
|turn|54
|
|move|p1a: Umbreon|Wish|p1a: Umbreon
|move|p2a: Porygon2|Thunderbolt|p1a: Umbreon
|-damage|p1a: Umbreon|26\/394
|
|-heal|p1a: Umbreon|50\/394|[from] item: Leftovers
|turn|55
|
|move|p1a: Umbreon|Protect|p1a: Umbreon
|-singleturn|p1a: Umbreon|Protect
|move|p2a: Porygon2|Recover|p2a: Porygon2
|-heal|p2a: Porygon2|374\/374 par
|
|-heal|p1a: Umbreon|247\/394|[from] move: Wish|[wisher] Umbreon
|-heal|p1a: Umbreon|271\/394|[from] item: Leftovers
|turn|56
|
|move|p1a: Umbreon|Wish|p1a: Umbreon
|move|p2a: Porygon2|Thunder Wave|p1a: Umbreon
|-status|p1a: Umbreon|par
|
|-heal|p1a: Umbreon|295\/394 par|[from] item: Leftovers
|turn|57
|
|switch|p2a: Scizor|Scizor, M|117\/343
|-damage|p2a: Scizor|75\/343|[from] Stealth Rock
|move|p1a: Umbreon|Heal Bell|p1a: Umbreon
|-cureteam|p1a: Umbreon|[from] move: HealBell
|
|-heal|p1a: Umbreon|394\/394|[from] move: Wish|[wisher] Umbreon
|turn|58
|
|switch|p1a: Politoed|Politoed, F|146\/383
|-damage|p1a: Politoed|99\/383|[from] Stealth Rock
|-weather|RainDance
|move|p2a: Scizor|Superpower|p1a: Politoed
|-damage|p1a: Politoed|0 fnt
|-unboost|p2a: Scizor|atk|1
|-unboost|p2a: Scizor|def|1
|faint|p1a: Politoed
|
|-weather|RainDance|[upkeep]
|
|switch|p1a: Kabutops|Kabutops, M|262\/262
|-damage|p1a: Kabutops|230\/262|[from] Stealth Rock
|turn|59
|
|switch|p2a: Rotom-Wash|Rotom-Wash|282\/303
|-damage|p2a: Rotom-Wash|245\/303|[from] Stealth Rock
|move|p1a: Kabutops|Waterfall|p2a: Rotom-Wash
|-resisted|p2a: Rotom-Wash
|-damage|p2a: Rotom-Wash|141\/303
|
|-weather|RainDance|[upkeep]
|-heal|p2a: Rotom-Wash|159\/303|[from] item: Leftovers
|turn|60
|
|switch|p1a: Sceptile|Sceptile-Mega, M|107\/282
|-damage|p1a: Sceptile|72\/282|[from] Stealth Rock
|move|p2a: Rotom-Wash|Volt Switch|p1a: Sceptile
|-boost|p1a: Sceptile|spa|1|[from] ability: Lightning Rod
|
|-weather|RainDance|[upkeep]
|-heal|p2a: Rotom-Wash|177\/303|[from] item: Leftovers
|turn|61
|
|move|p1a: Sceptile|Dragon Pulse|p2a: Rotom-Wash
|-damage|p2a: Rotom-Wash|0 fnt
|faint|p2a: Rotom-Wash
|
|-weather|RainDance|[upkeep]
|
|switch|p2a: Porygon2|Porygon2|374\/374 par
|-damage|p2a: Porygon2|328\/374 par|[from] Stealth Rock
|-ability|p2a: Porygon2|Lightning Rod|[from] ability: Trace|[of] p1a: Sceptile
|turn|62
|
|move|p1a: Sceptile|Focus Blast|p2a: Porygon2
|-supereffective|p2a: Porygon2
|-damage|p2a: Porygon2|94\/374 par
|cant|p2a: Porygon2|par
|
|-weather|RainDance|[upkeep]
|turn|63
|
|move|p1a: Sceptile|Dragon Pulse|p2a: Porygon2
|-crit|p2a: Porygon2
|-damage|p2a: Porygon2|0 fnt
|faint|p2a: Porygon2
|
|-weather|RainDance|[upkeep]
|
|switch|p2a: Scizor|Scizor, M|75\/343
|-damage|p2a: Scizor|33\/343|[from] Stealth Rock
|turn|64
|
|move|p2a: Scizor|Bullet Punch|p1a: Sceptile
|-damage|p1a: Sceptile|0 fnt
|faint|p1a: Sceptile
|
|-weather|RainDance|[upkeep]
|
|switch|p1a: Kabutops|Kabutops, M|230\/262
|-damage|p1a: Kabutops|198\/262|[from] Stealth Rock
|turn|65
|
|move|p1a: Kabutops|Aqua Jet|p2a: Scizor
|-damage|p2a: Scizor|0 fnt
|faint|p2a: Scizor
|
|-weather|none
|
|switch|p2a: Landorus-Therian|Landorus-Therian, M|316\/345
|-damage|p2a: Landorus-Therian|273\/345|[from] Stealth Rock
|-ability|p2a: Landorus-Therian|Intimidate|[of] p1a: Kabutops
|-unboost|p1a: Kabutops|atk|1
|turn|66
|
|move|p1a: Kabutops|Aqua Jet|p2a: Landorus-Therian
|-crit|p2a: Landorus-Therian
|-supereffective|p2a: Landorus-Therian
|-damage|p2a: Landorus-Therian|25\/345
|move|p2a: Landorus-Therian|Earthquake|p1a: Kabutops
|-supereffective|p1a: Kabutops
|-damage|p1a: Kabutops|0 fnt
|faint|p1a: Kabutops
|
|-heal|p2a: Landorus-Therian|46\/345|[from] item: Leftovers
|
|switch|p1a: Umbreon|Umbreon, M|394\/394
|-damage|p1a: Umbreon|345\/394|[from] Stealth Rock
|turn|67
|
|move|p2a: Landorus-Therian|U-turn|p1a: Umbreon
|-supereffective|p1a: Umbreon
|-damage|p1a: Umbreon|197\/394
|move|p1a: Umbreon|Toxic|p2a: Landorus-Therian
|-status|p2a: Landorus-Therian|tox
|
|-heal|p2a: Landorus-Therian|67\/345 tox|[from] item: Leftovers
|-heal|p1a: Umbreon|221\/394|[from] item: Leftovers
|-damage|p2a: Landorus-Therian|46\/345 tox|[from] psn
|turn|68
|
|move|p1a: Umbreon|Protect|p1a: Umbreon
|-singleturn|p1a: Umbreon|Protect
|move|p2a: Landorus-Therian|Earthquake|p1a: Umbreon
|-activate|p1a: Umbreon|Protect
|
|-heal|p2a: Landorus-Therian|67\/345 tox|[from] item: Leftovers
|-heal|p1a: Umbreon|245\/394|[from] item: Leftovers
|-damage|p2a: Landorus-Therian|25\/345 tox|[from] psn
|turn|69
|
|move|p2a: Landorus-Therian|Earthquake|p1a: Umbreon
|-damage|p1a: Umbreon|88\/394
|move|p1a: Umbreon|Wish|p1a: Umbreon
|
|-heal|p2a: Landorus-Therian|46\/345 tox|[from] item: Leftovers
|-heal|p1a: Umbreon|112\/394|[from] item: Leftovers
|-damage|p2a: Landorus-Therian|0 fnt|[from] psn
|faint|p2a: Landorus-Therian
|
|win|greoh
|raw|Ladder updating...
|raw|greoh's rating: 1272 &rarr; <strong>1301<\/strong><br \/>(+29 for winning)
|raw|MetaFalken's rating: 1331 &rarr; <strong>1308<\/strong><br \/>(-23 for losing)
|leave|MetaFalken
|player|p2