|join|Creator of Chaos
|join|MetaFalken
|player|p1|Creator of Chaos|165
|player|p2|MetaFalken|163
|gametype|singles
|gen|6
|tier|OU (suspect test)
|rated
|clearpoke
|poke|p1|Azumarill, M
|poke|p1|Clefable, F
|poke|p1|Landorus-Therian, M
|poke|p1|Lopunny, F, shiny
|poke|p1|Gothitelle, F
|poke|p1|Rotom-Wash
|poke|p2|Scizor, F
|poke|p2|Rotom-Wash
|poke|p2|Landorus-Therian, M
|poke|p2|Lopunny, M
|poke|p2|Heatran, M
|poke|p2|Latios, M
|rule|Swagger Clause: Swagger is banned
|rule|Baton Pass Clause: Limit one PokÃ©mon knowing Baton Pass
|rule|Sleep Clause Mod: Limit one foe put to sleep
|rule|Species Clause: Limit one of each PokÃ©mon
|rule|OHKO Clause: OHKO moves are banned
|rule|Moody Clause: Moody is banned
|rule|Evasion Moves Clause: Evasion moves are banned
|rule|Endless Battle Clause: Forcing endless battles is banned
|rule|HP Percentage Mod: HP is shown in percentages
|teampreview
|
|start
|switch|p1a: Rotom-Wash|Rotom-Wash|304\/304
|switch|p2a: Rotom-Wash|Rotom-Wash|303\/303
|turn|1
|c|âCreator of Chaos|Goodluck
|
|move|p1a: Rotom-Wash|Volt Switch|p2a: Rotom-Wash
|-damage|p2a: Rotom-Wash|224\/303
|
|switch|p1a: Clefable|Clefable, F|394\/394
|move|p2a: Rotom-Wash|Volt Switch|p1a: Clefable
|-damage|p1a: Clefable|294\/394
|
|switch|p2a: Scizor|Scizor, F|343\/343
|
|-heal|p1a: Clefable|318\/394|[from] item: Leftovers
|turn|2
|
|switch|p1a: Landorus-Therian|Landorus-Therian, M|350\/350
|-ability|p1a: Landorus-Therian|Intimidate|[of] p2a: Scizor
|-unboost|p2a: Scizor|atk|1
|move|p2a: Scizor|Bullet Punch|p1a: Landorus-Therian
|-damage|p1a: Landorus-Therian|221\/350
|
|-heal|p1a: Landorus-Therian|242\/350|[from] item: Leftovers
|turn|3
|
|switch|p2a: Rotom-Wash|Rotom-Wash|224\/303
|move|p1a: Landorus-Therian|Stealth Rock|p2a: Rotom-Wash
|-sidestart|p2: MetaFalken|move: Stealth Rock
|
|-heal|p1a: Landorus-Therian|263\/350|[from] item: Leftovers
|-heal|p2a: Rotom-Wash|242\/303|[from] item: Leftovers
|turn|4
|
|move|p1a: Landorus-Therian|U-turn|p2a: Rotom-Wash
|-damage|p2a: Rotom-Wash|169\/303
|
|switch|p1a: Clefable|Clefable, F|318\/394
|move|p2a: Rotom-Wash|Will-O-Wisp|p1a: Clefable
|-status|p1a: Clefable|brn
|
|-heal|p2a: Rotom-Wash|187\/303|[from] item: Leftovers
|-heal|p1a: Clefable|342\/394 brn|[from] item: Leftovers
|turn|5
|
|move|p2a: Rotom-Wash|Volt Switch|p1a: Clefable
|-damage|p1a: Clefable|246\/394 brn
|
|switch|p2a: Scizor|Scizor, F|343\/343
|-damage|p2a: Scizor|301\/343|[from] Stealth Rock
|move|p1a: Clefable|Flamethrower|p2a: Scizor
|-supereffective|p2a: Scizor
|-damage|p2a: Scizor|1\/343
|
|-heal|p1a: Clefable|270\/394 brn|[from] item: Leftovers
|turn|6
|
|switch|p1a: Rotom-Wash|Rotom-Wash|304\/304
|move|p2a: Scizor|Bullet Punch|p1a: Rotom-Wash
|-resisted|p1a: Rotom-Wash
|-damage|p1a: Rotom-Wash|274\/304
|
|-heal|p1a: Rotom-Wash|293\/304|[from] item: Leftovers
|turn|7
|
|switch|p2a: Latios|Latios, M|301\/301
|-damage|p2a: Latios|264\/301|[from] Stealth Rock
|move|p1a: Rotom-Wash|Volt Switch|p2a: Latios
|-resisted|p2a: Latios
|-damage|p2a: Latios|223\/301
|
|switch|p1a: Lopunny|Lopunny, F, shiny|271\/271
|
|turn|8
|
|detailschange|p1a: Lopunny|Lopunny-Mega, F, shiny
|-mega|p1a: Lopunny|Lopunny|Lopunnite
|move|p1a: Lopunny|Fake Out|p2a: Latios
|-damage|p2a: Latios|133\/301
|cant|p2a: Latios|flinch
|
|turn|9
|
|switch|p2a: Landorus-Therian|Landorus-Therian, M|345\/345
|-damage|p2a: Landorus-Therian|302\/345|[from] Stealth Rock
|-ability|p2a: Landorus-Therian|Intimidate|[of] p1a: Lopunny
|-unboost|p1a: Lopunny|atk|1
|move|p1a: Lopunny|Return|p2a: Landorus-Therian
|-damage|p2a: Landorus-Therian|209\/345
|
|-heal|p2a: Landorus-Therian|230\/345|[from] item: Leftovers
|turn|10
|
|switch|p1a: Landorus-Therian|Landorus-Therian, M|263\/350
|-ability|p1a: Landorus-Therian|Intimidate|[of] p2a: Landorus-Therian
|-unboost|p2a: Landorus-Therian|atk|1
|move|p2a: Landorus-Therian|Stealth Rock|p1a: Landorus-Therian
|-sidestart|p1: Creator of Chaos|move: Stealth Rock
|
|-heal|p2a: Landorus-Therian|251\/345|[from] item: Leftovers
|-heal|p1a: Landorus-Therian|284\/350|[from] item: Leftovers
|turn|11
|
|move|p2a: Landorus-Therian|U-turn|p1a: Landorus-Therian
|-resisted|p1a: Landorus-Therian
|-damage|p1a: Landorus-Therian|256\/350
|
|switch|p2a: Rotom-Wash|Rotom-Wash|187\/303
|-damage|p2a: Rotom-Wash|150\/303|[from] Stealth Rock
|move|p1a: Landorus-Therian|Rock Slide|p2a: Rotom-Wash
|-damage|p2a: Rotom-Wash|69\/303
|
|-heal|p1a: Landorus-Therian|277\/350|[from] item: Leftovers
|-heal|p2a: Rotom-Wash|87\/303|[from] item: Leftovers
|turn|12
|
|move|p1a: Landorus-Therian|Rock Slide|p2a: Rotom-Wash
|-damage|p2a: Rotom-Wash|15\/303
|move|p2a: Rotom-Wash|Pain Split|p1a: Landorus-Therian
|-sethp|p1a: Landorus-Therian|146\/350|p2a: Rotom-Wash|146\/303|[from] move: Pain Split
|
|-heal|p1a: Landorus-Therian|167\/350|[from] item: Leftovers
|-heal|p2a: Rotom-Wash|164\/303|[from] item: Leftovers
|turn|13
|
|move|p1a: Landorus-Therian|U-turn|p2a: Rotom-Wash
|-damage|p2a: Rotom-Wash|88\/303
|
|switch|p1a: Clefable|Clefable, F|270\/394 brn
|move|p2a: Rotom-Wash|Hydro Pump|p1a: Clefable
|-damage|p1a: Clefable|116\/394 brn
|
|-heal|p2a: Rotom-Wash|106\/303|[from] item: Leftovers
|-heal|p1a: Clefable|140\/394 brn|[from] item: Leftovers
|turn|14
|
|move|p2a: Rotom-Wash|Hydro Pump|p1a: Clefable
|-damage|p1a: Clefable|0 fnt
|faint|p1a: Clefable
|
|-heal|p2a: Rotom-Wash|124\/303|[from] item: Leftovers
|
|switch|p1a: Lopunny|Lopunny-Mega, F, shiny|271\/271
|-damage|p1a: Lopunny|255\/271|[from] Stealth Rock
|turn|15
|
|move|p1a: Lopunny|Fake Out|p2a: Rotom-Wash
|-damage|p2a: Rotom-Wash|67\/303
|cant|p2a: Rotom-Wash|flinch
|
|-heal|p2a: Rotom-Wash|85\/303|[from] item: Leftovers
|turn|16
|
|switch|p2a: Landorus-Therian|Landorus-Therian, M|251\/345
|-damage|p2a: Landorus-Therian|208\/345|[from] Stealth Rock
|-ability|p2a: Landorus-Therian|Intimidate|[of] p1a: Lopunny
|-unboost|p1a: Lopunny|atk|1
|move|p1a: Lopunny|Return|p2a: Landorus-Therian
|-damage|p2a: Landorus-Therian|103\/345
|
|-heal|p2a: Landorus-Therian|124\/345|[from] item: Leftovers
|turn|17
|
|switch|p1a: Rotom-Wash|Rotom-Wash|293\/304
|-damage|p1a: Rotom-Wash|255\/304|[from] Stealth Rock
|move|p2a: Landorus-Therian|Knock Off|p1a: Rotom-Wash
|-damage|p1a: Rotom-Wash|175\/304
|-enditem|p1a: Rotom-Wash|Leftovers|[from] move: Knock Off|[of] p2a: Landorus-Therian
|
|-heal|p2a: Landorus-Therian|145\/345|[from] item: Leftovers
|turn|18
|
|switch|p2a: Latios|Latios, M|133\/301
|-damage|p2a: Latios|96\/301|[from] Stealth Rock
|move|p1a: Rotom-Wash|Hydro Pump|p2a: Latios
|-resisted|p2a: Latios
|-damage|p2a: Latios|36\/301
|
|turn|19
|
|move|p2a: Latios|Roost|p2a: Latios
|-heal|p2a: Latios|187\/301
|move|p1a: Rotom-Wash|Volt Switch|p2a: Latios
|-resisted|p2a: Latios
|-damage|p2a: Latios|148\/301
|
|switch|p1a: Lopunny|Lopunny-Mega, F, shiny|255\/271
|-damage|p1a: Lopunny|239\/271|[from] Stealth Rock
|
|turn|20
|
|switch|p2a: Heatran|Heatran, M|385\/385
|-damage|p2a: Heatran|337\/385|[from] Stealth Rock
|move|p1a: Lopunny|Fake Out|p2a: Heatran
|-resisted|p2a: Heatran
|-damage|p2a: Heatran|302\/385
|
|-heal|p2a: Heatran|326\/385|[from] item: Leftovers
|turn|21
|
|move|p2a: Heatran|Protect|p2a: Heatran
|-singleturn|p2a: Heatran|Protect
|move|p1a: Lopunny|Substitute|p1a: Lopunny
|-start|p1a: Lopunny|Substitute
|-damage|p1a: Lopunny|172\/271
|
|-heal|p2a: Heatran|350\/385|[from] item: Leftovers
|turn|22
|
|switch|p2a: Latios|Latios, M|148\/301
|-damage|p2a: Latios|111\/301|[from] Stealth Rock
|move|p1a: Lopunny|High Jump Kick|p2a: Latios
|-resisted|p2a: Latios
|-damage|p2a: Latios|0 fnt
|faint|p2a: Latios
|
|
|switch|p2a: Landorus-Therian|Landorus-Therian, M|145\/345
|-damage|p2a: Landorus-Therian|102\/345|[from] Stealth Rock
|-activate|p1a: Lopunny|Substitute|ability: Intimidate|[of] p2a: Landorus-Therian
|turn|23
|
|move|p1a: Lopunny|Return|p2a: Landorus-Therian
|-damage|p2a: Landorus-Therian|0 fnt
|faint|p2a: Landorus-Therian
|
|-message|MetaFalken forfeited.
|
|win|Creator of Chaos
|raw|Ladder updating...
|leave|MetaFalken
|player|p2
|raw|Creator of Chaos's rating: 1329 &rarr; <strong>1345<\/strong><br \/>(+16 for winning)
|raw|MetaFalken's rating: 1251 &rarr; <strong>1231<\/strong><br \/>(-20 for losing)