|join|noob1977
|join|looiiyut
|player|p1|noob1977|153
|player|p2|looiiyut|210
|gametype|singles
|gen|6
|tier|OU
|rated
|clearpoke
|poke|p1|Talonflame, M, shiny
|poke|p1|Ferrothorn, F
|poke|p1|Azumarill, F, shiny
|poke|p1|Greninja, M, shiny
|poke|p1|Charizard, M, shiny
|poke|p1|Cofagrigus, M
|poke|p2|Politoed, F, shiny
|poke|p2|Kabutops, M
|poke|p2|Omastar, F
|poke|p2|Chesnaught, F
|poke|p2|Landorus, M
|poke|p2|Mew
|rule|Sleep Clause Mod: Limit one foe put to sleep
|rule|Species Clause: Limit one of each Pokemon
|rule|OHKO Clause: OHKO moves are banned
|rule|Moody Clause: Moody is banned
|rule|Evasion Moves Clause: Evasion moves are banned
|rule|Endless Battle Clause: Forcing endless battles is banned.
|rule|HP Percentage Mod: HP is reported as percentages
|teampreview
|
|start
|switch|p1a: Ferrothorn|Ferrothorn, F|352\/352
|switch|p2a: Chesnaught|Chesnaught, F|380\/380
|turn|1
|
|move|p2a: Chesnaught|Hammer Arm|p1a: Ferrothorn
|-supereffective|p1a: Ferrothorn
|-damage|p1a: Ferrothorn|164\/352
|-damage|p2a: Chesnaught|333\/380|[from] ability: Iron Barbs|[of] p1a: Ferrothorn
|-unboost|p2a: Chesnaught|spe|1
|move|p1a: Ferrothorn|Stealth Rock|p2a: Chesnaught
|-sidestart|p2: looiiyut|move: Stealth Rock
|
|-heal|p2a: Chesnaught|356\/380|[from] item: Leftovers
|-heal|p1a: Ferrothorn|186\/352|[from] item: Leftovers
|turn|2
|
|switch|p1a: Cofagrigus|Cofagrigus, M|320\/320
|move|p2a: Chesnaught|Hammer Arm|p1a: Cofagrigus
|-immune|p1a: Cofagrigus|[msg]
|
|-heal|p2a: Chesnaught|379\/380|[from] item: Leftovers
|turn|3
|
|switch|p2a: Politoed|Politoed, F, shiny|384\/384
|-damage|p2a: Politoed|336\/384|[from] Stealth Rock
|-weather|RainDance
|move|p1a: Cofagrigus|Trick Room|p1a: Cofagrigus
|-fieldstart|move: Trick Room|[of] p1a: Cofagrigus
|
|-weather|RainDance|[upkeep]
|turn|4
|
|switch|p1a: Azumarill|Azumarill, F, shiny|364\/364
|move|p2a: Politoed|Encore|p1a: Azumarill
|-fail|p1a: Azumarill
|
|-weather|RainDance|[upkeep]
|turn|5
|
|move|p2a: Politoed|Perish Song|p2a: Politoed
|-fieldactivate|move: Perish Song
|move|p1a: Azumarill|Play Rough|p2a: Politoed
|-damage|p2a: Politoed|158\/384
|
|-start|p2a: Politoed|perish3
|-start|p1a: Azumarill|perish3
|-weather|RainDance|[upkeep]
|turn|6
|
|switch|p2a: Mew|Mew|403\/403
|-damage|p2a: Mew|353\/403|[from] Stealth Rock
|move|p1a: Azumarill|Play Rough|p2a: Mew
|-damage|p2a: Mew|167\/403
|-unboost|p2a: Mew|atk|1
|
|-start|p1a: Azumarill|perish2
|-weather|RainDance|[upkeep]
|-heal|p2a: Mew|192\/403|[from] item: Leftovers
|turn|7
|
|switch|p1a: Ferrothorn|Ferrothorn, F|186\/352
|move|p2a: Mew|Roost|p2a: Mew
|-heal|p2a: Mew|394\/403
|
|-weather|RainDance|[upkeep]
|-heal|p1a: Ferrothorn|208\/352|[from] item: Leftovers
|-heal|p2a: Mew|403\/403|[from] item: Leftovers
|-fieldend|move: Trick Room
|turn|8
|
|move|p2a: Mew|Transform|p1a: Ferrothorn
|-transform|p2a: Mew|p1a: Ferrothorn
|move|p1a: Ferrothorn|Leech Seed|p2a: Mew
|-immune|p2a: Mew|[msg]
|
|-weather|RainDance|[upkeep]
|-heal|p1a: Ferrothorn|230\/352|[from] item: Leftovers
|turn|9
|
|move|p2a: Mew|Stealth Rock|p1a: Ferrothorn
|-sidestart|p1: noob1977|move: Stealth Rock
|move|p1a: Ferrothorn|Spikes|p2a: Mew
|-sidestart|p2: looiiyut|Spikes
|
|-weather|RainDance|[upkeep]
|-heal|p1a: Ferrothorn|252\/352|[from] item: Leftovers
|turn|10
|
|move|p1a: Ferrothorn|Spikes|p2a: Mew
|-sidestart|p2: looiiyut|Spikes
|move|p2a: Mew|Spikes|p1a: Ferrothorn
|-sidestart|p1: noob1977|Spikes
|
|-weather|none
|-heal|p1a: Ferrothorn|274\/352|[from] item: Leftovers
|turn|11
|
|switch|p1a: Cofagrigus|Cofagrigus, M|320\/320
|-damage|p1a: Cofagrigus|280\/320|[from] Stealth Rock
|-damage|p1a: Cofagrigus|240\/320|[from] Spikes
|move|p2a: Mew|Spikes|p1a: Cofagrigus
|-sidestart|p1: noob1977|Spikes
|
|-heal|p1a: Cofagrigus|260\/320|[from] item: Leftovers
|turn|12
|
|move|p1a: Cofagrigus|Nasty Plot|p1a: Cofagrigus
|-boost|p1a: Cofagrigus|spa|2
|move|p2a: Mew|Leech Seed|p1a: Cofagrigus|[miss]
|-miss|p2a: Mew|p1a: Cofagrigus
|
|-heal|p1a: Cofagrigus|280\/320|[from] item: Leftovers
|turn|13
|
|move|p1a: Cofagrigus|Shadow Ball|p2a: Mew
|-crit|p2a: Mew
|-damage|p2a: Mew|127\/403
|-unboost|p2a: Mew|spd|1
|move|p2a: Mew|Leech Seed|p1a: Cofagrigus
|-start|p1a: Cofagrigus|move: Leech Seed
|
|-heal|p1a: Cofagrigus|300\/320|[from] item: Leftovers
|-heal|p2a: Mew|152\/403|[from] item: Leftovers
|-damage|p1a: Cofagrigus|260\/320|[from] Leech Seed|[of] p2a: Mew
|-heal|p2a: Mew|192\/403|[silent]
|turn|14
|
|switch|p2a: Chesnaught|Chesnaught, F|379\/380
|-damage|p2a: Chesnaught|356\/380|[from] Stealth Rock
|-damage|p2a: Chesnaught|293\/380|[from] Spikes
|move|p1a: Cofagrigus|Shadow Ball|p2a: Chesnaught
|-immune|p2a: Chesnaught|[msg]|[from] Bulletproof
|
|-heal|p2a: Chesnaught|316\/380|[from] item: Leftovers
|-heal|p1a: Cofagrigus|280\/320|[from] item: Leftovers
|-damage|p1a: Cofagrigus|240\/320|[from] Leech Seed|[of] p2a: Chesnaught
|-heal|p2a: Chesnaught|356\/380|[silent]
|turn|15
|
|move|p2a: Chesnaught|Spiky Shield|p2a: Chesnaught
|-singleturn|p2a: Chesnaught|move: Protect
|move|p1a: Cofagrigus|Trick Room|p1a: Cofagrigus
|-fieldstart|move: Trick Room|[of] p1a: Cofagrigus
|
|-heal|p1a: Cofagrigus|260\/320|[from] item: Leftovers
|-heal|p2a: Chesnaught|379\/380|[from] item: Leftovers
|-damage|p1a: Cofagrigus|220\/320|[from] Leech Seed|[of] p2a: Chesnaught
|-heal|p2a: Chesnaught|380\/380|[silent]
|turn|16
|
|move|p1a: Cofagrigus|Nasty Plot|p1a: Cofagrigus
|-boost|p1a: Cofagrigus|spa|2
|move|p2a: Chesnaught|Wood Hammer|p1a: Cofagrigus
|-damage|p1a: Cofagrigus|115\/320
|-ability|p2a: Chesnaught|Mummy|[from] Mummy
|-damage|p2a: Chesnaught|345\/380|[from] recoil|[of] p1a: Cofagrigus
|
|-heal|p1a: Cofagrigus|135\/320|[from] item: Leftovers
|-heal|p2a: Chesnaught|368\/380|[from] item: Leftovers
|-damage|p1a: Cofagrigus|95\/320|[from] Leech Seed|[of] p2a: Chesnaught
|-heal|p2a: Chesnaught|380\/380|[silent]
|turn|17
|
|move|p2a: Chesnaught|Spiky Shield|p2a: Chesnaught
|-singleturn|p2a: Chesnaught|move: Protect
|move|p1a: Cofagrigus|Grass Knot|p2a: Chesnaught
|-activate|p2a: Chesnaught|move: Protect
|-damage|p1a: Cofagrigus|55\/320|[from] Spiky Shield|[of] p2a: Chesnaught
|
|-heal|p1a: Cofagrigus|75\/320|[from] item: Leftovers
|-damage|p1a: Cofagrigus|35\/320|[from] Leech Seed|[of] p2a: Chesnaught
|turn|18
|
|move|p1a: Cofagrigus|Grass Knot|p2a: Chesnaught
|-resisted|p2a: Chesnaught
|-damage|p2a: Chesnaught|227\/380
|move|p2a: Chesnaught|Wood Hammer|p1a: Cofagrigus
|-damage|p1a: Cofagrigus|0 fnt
|-damage|p2a: Chesnaught|215\/380|[from] recoil|[of] p1a: Cofagrigus
|faint|p1a: Cofagrigus
|
|-heal|p2a: Chesnaught|238\/380|[from] item: Leftovers
|
|switch|p1a: Azumarill|Azumarill, F, shiny|364\/364
|-damage|p1a: Azumarill|319\/364|[from] Stealth Rock
|-damage|p1a: Azumarill|259\/364|[from] Spikes
|turn|19
|
|switch|p1a: Ferrothorn|Ferrothorn, F|274\/352
|-damage|p1a: Ferrothorn|252\/352|[from] Stealth Rock
|-damage|p1a: Ferrothorn|194\/352|[from] Spikes
|move|p2a: Chesnaught|Spiky Shield|p2a: Chesnaught
|-fail|p2a: Chesnaught
|
|-heal|p1a: Ferrothorn|216\/352|[from] item: Leftovers
|-heal|p2a: Chesnaught|261\/380|[from] item: Leftovers
|-fieldend|move: Trick Room
|turn|20
|
|move|p2a: Chesnaught|Hammer Arm|p1a: Ferrothorn
|-supereffective|p1a: Ferrothorn
|-damage|p1a: Ferrothorn|40\/352
|-damage|p2a: Chesnaught|214\/380|[from] ability: Iron Barbs|[of] p1a: Ferrothorn
|-unboost|p2a: Chesnaught|spe|1
|move|p1a: Ferrothorn|Gyro Ball|p2a: Chesnaught
|-damage|p2a: Chesnaught|165\/380
|-ability|p1a: Ferrothorn|Mummy|[from] Mummy
|
|-heal|p2a: Chesnaught|188\/380|[from] item: Leftovers
|-heal|p1a: Ferrothorn|62\/352|[from] item: Leftovers
|turn|21
|
|move|p2a: Chesnaught|Hammer Arm|p1a: Ferrothorn
|-supereffective|p1a: Ferrothorn
|-damage|p1a: Ferrothorn|0 fnt
|-unboost|p2a: Chesnaught|spe|1
|faint|p1a: Ferrothorn
|
|-heal|p2a: Chesnaught|211\/380|[from] item: Leftovers
|
|switch|p1a: Greninja|Greninja, M, shiny|286\/286
|-damage|p1a: Greninja|251\/286|[from] Stealth Rock
|-damage|p1a: Greninja|204\/286|[from] Spikes
|turn|22
|
|move|p2a: Chesnaught|Spiky Shield|p2a: Chesnaught
|-singleturn|p2a: Chesnaught|move: Protect
|-start|p1a: Greninja|typechange|Psychic|[from] Protean
|move|p1a: Greninja|Extrasensory|p2a: Chesnaught
|-activate|p2a: Chesnaught|move: Protect
|
|-heal|p2a: Chesnaught|234\/380|[from] item: Leftovers
|turn|23
|
|switch|p2a: Politoed|Politoed, F, shiny|158\/384
|-damage|p2a: Politoed|110\/384|[from] Stealth Rock
|-damage|p2a: Politoed|46\/384|[from] Spikes
|-weather|RainDance
|-start|p1a: Greninja|typechange|Ice|[from] Protean
|move|p1a: Greninja|Ice Beam|p2a: Politoed
|-resisted|p2a: Politoed
|-damage|p2a: Politoed|0 fnt
|-damage|p1a: Greninja|176\/286|[from] item: Life Orb
|faint|p2a: Politoed
|
|-weather|RainDance|[upkeep]
|
|switch|p2a: Omastar|Omastar, F|281\/281
|-damage|p2a: Omastar|235\/281|[from] Spikes
|-damage|p2a: Omastar|200\/281|[from] Stealth Rock
|turn|24
|
|move|p2a: Omastar|Surf|p1a: Greninja
|-damage|p1a: Greninja|0 fnt
|faint|p1a: Greninja
|
|-weather|RainDance|[upkeep]
|
|switch|p1a: Azumarill|Azumarill, F, shiny|259\/364
|-damage|p1a: Azumarill|214\/364|[from] Stealth Rock
|-damage|p1a: Azumarill|154\/364|[from] Spikes
|-enditem|p1a: Azumarill|Sitrus Berry|[eat]
|-heal|p1a: Azumarill|245\/364|[from] item: Sitrus Berry
|turn|25
|
|move|p1a: Azumarill|Aqua Jet|p2a: Omastar
|-damage|p2a: Omastar|89\/281
|move|p2a: Omastar|Surf|p1a: Azumarill
|-resisted|p1a: Azumarill
|-damage|p1a: Azumarill|26\/364
|
|-weather|RainDance|[upkeep]
|turn|26
|
|move|p1a: Azumarill|Aqua Jet|p2a: Omastar
|-damage|p2a: Omastar|0 fnt
|faint|p2a: Omastar
|
|-weather|RainDance|[upkeep]
|
|switch|p2a: Kabutops|Kabutops, M|262\/262
|-damage|p2a: Kabutops|230\/262|[from] Stealth Rock
|-damage|p2a: Kabutops|187\/262|[from] Spikes
|turn|27
|
|move|p2a: Kabutops|Aqua Jet|p1a: Azumarill
|-resisted|p1a: Azumarill
|-damage|p1a: Azumarill|0 fnt
|-damage|p2a: Kabutops|161\/262|[from] item: Life Orb
|faint|p1a: Azumarill
|
|-weather|RainDance|[upkeep]
|
|switch|p1a: Charizard|Charizard, M, shiny|298\/298
|-damage|p1a: Charizard|149\/298|[from] Stealth Rock
|turn|28
|
|detailschange|p1a: Charizard|Charizard-Mega-X, M, shiny
|message|Charizard has Mega Evolved into Mega Charizard!
|move|p2a: Kabutops|Waterfall|p1a: Charizard
|-damage|p1a: Charizard|0 fnt
|-damage|p2a: Kabutops|135\/262|[from] item: Life Orb
|faint|p1a: Charizard
|
|-weather|RainDance|[upkeep]
|
|switch|p1a: Talonflame|Talonflame, M, shiny|298\/298
|-damage|p1a: Talonflame|149\/298|[from] Stealth Rock
|turn|29
|
|move|p2a: Kabutops|Aqua Jet|p1a: Talonflame
|-supereffective|p1a: Talonflame
|-damage|p1a: Talonflame|0 fnt
|-damage|p2a: Kabutops|109\/262|[from] item: Life Orb
|faint|p1a: Talonflame
|
|win|looiiyut
|raw|Ladder updating...
|raw|noob1977's rating: 1295 &rarr; <strong>1274<\/strong><br \/>(-21 for losing)
|raw|looiiyut's rating: 1338 &rarr; <strong>1356<\/strong><br \/>(+18 for winning)
|chat|looiiyut|gg
|leave|noob1977
|player|p1