|join|JustTraining2
|join|looiiyut
|player|p1|JustTraining2|1
|player|p2|looiiyut|210
|gametype|singles
|gen|6
|tier|OU
|rated
|clearpoke
|poke|p1|Landorus-Therian, M
|poke|p1|Clefable, M
|poke|p1|Slowbro, F
|poke|p1|Keldeo
|poke|p1|Sableye, M
|poke|p1|Excadrill, M
|poke|p2|Camerupt, M
|poke|p2|Clefable, F
|poke|p2|Chesnaught, M
|poke|p2|Bronzong
|poke|p2|Tentacruel, F
|poke|p2|Tyranitar, M
|rule|Swagger Clause: Swagger is banned
|rule|Baton Pass Clause: Limit one PokÃ©mon knowing Baton Pass
|rule|Sleep Clause Mod: Limit one foe put to sleep
|rule|Species Clause: Limit one of each PokÃ©mon
|rule|OHKO Clause: OHKO moves are banned
|rule|Moody Clause: Moody is banned
|rule|Evasion Moves Clause: Evasion moves are banned
|rule|Endless Battle Clause: Forcing endless battles is banned
|rule|HP Percentage Mod: HP is shown in percentages
|teampreview
|
|start
|switch|p1a: Landorus-Therian|Landorus-Therian, M|382\/382
|switch|p2a: Camerupt|Camerupt, M|344\/344
|-ability|p1a: Landorus-Therian|Intimidate|[of] p2a: Camerupt
|-unboost|p2a: Camerupt|atk|1
|turn|1
|
|switch|p2a: Chesnaught|Chesnaught, M|379\/379
|move|p1a: Landorus-Therian|Knock Off|p2a: Chesnaught
|-resisted|p2a: Chesnaught
|-damage|p2a: Chesnaught|338\/379
|-enditem|p2a: Chesnaught|Leftovers|[from] move: Knock Off|[of] p1a: Landorus-Therian
|
|turn|2
|
|move|p2a: Chesnaught|Leech Seed|p1a: Landorus-Therian
|-start|p1a: Landorus-Therian|move: Leech Seed
|move|p1a: Landorus-Therian|Stealth Rock|p2a: Chesnaught
|-sidestart|p2: looiiyut|move: Stealth Rock
|
|-damage|p1a: Landorus-Therian|335\/382|[from] Leech Seed|[of] p2a: Chesnaught
|-heal|p2a: Chesnaught|379\/379|[silent]
|turn|3
|
|switch|p1a: Sableye|Sableye, M|304\/304
|move|p2a: Chesnaught|Spiky Shield|p2a: Chesnaught
|-fail|p2a: Chesnaught
|
|turn|4
|
|switch|p2a: Camerupt|Camerupt, M|344\/344
|-damage|p2a: Camerupt|301\/344|[from] Stealth Rock
|detailschange|p1a: Sableye|Sableye-Mega, M
|message|Sableye has Mega Evolved into Mega Sableye!
|move|p1a: Sableye|Will-O-Wisp|p2a: Camerupt
|-fail|p2a: Camerupt
|
|turn|5
|
|detailschange|p2a: Camerupt|Camerupt-Mega, M
|message|Camerupt has Mega Evolved into Mega Camerupt!
|move|p2a: Camerupt|Fire Blast|p1a: Sableye
|-damage|p1a: Sableye|34\/304
|move|p1a: Sableye|Shadow Ball|p2a: Camerupt
|-damage|p2a: Camerupt|219\/344
|-unboost|p2a: Camerupt|spd|1
|
|turn|6
|
|switch|p1a: Clefable|Clefable, M|394\/394
|move|p2a: Camerupt|Fire Blast|p1a: Clefable
|-crit|p1a: Clefable
|-damage|p1a: Clefable|54\/394
|
|-heal|p1a: Clefable|78\/394|[from] item: Leftovers
|turn|7
|
|switch|p2a: Tentacruel|Tentacruel, F|364\/364
|-damage|p2a: Tentacruel|319\/364|[from] Stealth Rock
|move|p1a: Clefable|Dazzling Gleam|p2a: Tentacruel
|-crit|p2a: Tentacruel
|-resisted|p2a: Tentacruel
|-damage|p2a: Tentacruel|266\/364
|
|-heal|p2a: Tentacruel|288\/364|[from] item: Black Sludge
|-heal|p1a: Clefable|102\/394|[from] item: Leftovers
|turn|8
|
|switch|p1a: Excadrill|Excadrill, M|362\/362
|-ability|p1a: Excadrill|Mold Breaker
|move|p2a: Tentacruel|Scald|p1a: Excadrill
|-supereffective|p1a: Excadrill
|-damage|p1a: Excadrill|120\/362
|
|-heal|p2a: Tentacruel|310\/364|[from] item: Black Sludge
|turn|9
|
|switch|p2a: Chesnaught|Chesnaught, M|379\/379
|-damage|p2a: Chesnaught|356\/379|[from] Stealth Rock
|move|p1a: Excadrill|Earthquake|p2a: Chesnaught
|-resisted|p2a: Chesnaught
|-damage|p2a: Chesnaught|285\/379
|
|turn|10
|
|switch|p1a: Sableye|Sableye-Mega, M|34\/304
|move|p2a: Chesnaught|Leech Seed|p1a: Sableye
|move|p1a: Sableye|Leech Seed|p2a: Chesnaught|[from]Magic Bounce
|-immune|p2a: Chesnaught|[msg]
|
|turn|11
|
|switch|p2a: Camerupt|Camerupt-Mega, M|219\/344
|-damage|p2a: Camerupt|176\/344|[from] Stealth Rock
|move|p1a: Sableye|Recover|p1a: Sableye
|-heal|p1a: Sableye|186\/304
|
|turn|12
|
|switch|p1a: Clefable|Clefable, M|102\/394
|move|p2a: Camerupt|Fire Blast|p1a: Clefable
|-damage|p1a: Clefable|0 fnt
|faint|p1a: Clefable
|
|
|switch|p1a: Slowbro|Slowbro, F|394\/394
|turn|13
|
|switch|p2a: Tentacruel|Tentacruel, F|310\/364
|-damage|p2a: Tentacruel|265\/364|[from] Stealth Rock
|move|p1a: Slowbro|Scald|p2a: Tentacruel
|-resisted|p2a: Tentacruel
|-damage|p2a: Tentacruel|232\/364
|
|-heal|p2a: Tentacruel|254\/364|[from] item: Black Sludge
|turn|14
|
|move|p2a: Tentacruel|Scald|p1a: Slowbro
|-resisted|p1a: Slowbro
|-damage|p1a: Slowbro|348\/394
|move|p1a: Slowbro|Psyshock|p2a: Tentacruel
|-supereffective|p2a: Tentacruel
|-damage|p2a: Tentacruel|62\/364
|
|-heal|p2a: Tentacruel|84\/364|[from] item: Black Sludge
|-heal|p1a: Slowbro|372\/394|[from] item: Leftovers
|turn|15
|
|switch|p2a: Tyranitar|Tyranitar, M|404\/404
|-damage|p2a: Tyranitar|354\/404|[from] Stealth Rock
|-weather|Sandstorm
|move|p1a: Slowbro|Psyshock|p2a: Tyranitar
|-immune|p2a: Tyranitar|[msg]
|
|-weather|Sandstorm|[upkeep]
|-damage|p1a: Slowbro|348\/394|[from] sandstorm
|-heal|p1a: Slowbro|372\/394|[from] item: Leftovers
|turn|16
|
|switch|p1a: Sableye|Sableye-Mega, M|186\/304
|move|p2a: Tyranitar|Crunch|p1a: Sableye
|-crit|p1a: Sableye
|-damage|p1a: Sableye|53\/304
|
|-weather|Sandstorm|[upkeep]
|-damage|p1a: Sableye|34\/304|[from] sandstorm
|turn|17
|
|move|p2a: Tyranitar|Crunch|p1a: Sableye
|-damage|p1a: Sableye|0 fnt
|faint|p1a: Sableye
|
|-weather|Sandstorm|[upkeep]
|
|switch|p1a: Excadrill|Excadrill, M|120\/362
|-ability|p1a: Excadrill|Mold Breaker
|turn|18
|
|move|p1a: Excadrill|Earthquake|p2a: Tyranitar
|-crit|p2a: Tyranitar
|-supereffective|p2a: Tyranitar
|-damage|p2a: Tyranitar|0 fnt
|faint|p2a: Tyranitar
|
|-weather|Sandstorm|[upkeep]
|
|switch|p2a: Chesnaught|Chesnaught, M|285\/379
|-damage|p2a: Chesnaught|262\/379|[from] Stealth Rock
|turn|19
|
|switch|p1a: Slowbro|Slowbro, F|394\/394
|move|p2a: Chesnaught|Drain Punch|p1a: Slowbro
|-resisted|p1a: Slowbro
|-damage|p1a: Slowbro|363\/394
|-heal|p2a: Chesnaught|278\/379|[from] drain|[of] p1a: Slowbro
|
|-weather|none
|-heal|p1a: Slowbro|387\/394|[from] item: Leftovers
|turn|20
|
|move|p2a: Chesnaught|Leech Seed|p1a: Slowbro
|-start|p1a: Slowbro|move: Leech Seed
|move|p1a: Slowbro|Toxic|p2a: Chesnaught
|-status|p2a: Chesnaught|tox
|
|-heal|p1a: Slowbro|394\/394|[from] item: Leftovers
|-damage|p1a: Slowbro|345\/394|[from] Leech Seed|[of] p2a: Chesnaught
|-heal|p2a: Chesnaught|327\/379 tox|[silent]
|-damage|p2a: Chesnaught|304\/379 tox|[from] psn
|turn|21
|
|switch|p2a: Bronzong|Bronzong|338\/338
|-damage|p2a: Bronzong|317\/338|[from] Stealth Rock
|move|p1a: Slowbro|Psyshock|p2a: Bronzong
|-resisted|p2a: Bronzong
|-damage|p2a: Bronzong|299\/338
|
|-heal|p1a: Slowbro|369\/394|[from] item: Leftovers
|-heal|p2a: Bronzong|320\/338|[from] item: Leftovers
|-damage|p1a: Slowbro|320\/394|[from] Leech Seed|[of] p2a: Bronzong
|-heal|p2a: Bronzong|338\/338|[silent]
|turn|22
|
|switch|p1a: Excadrill|Excadrill, M|120\/362
|-ability|p1a: Excadrill|Mold Breaker
|move|p2a: Bronzong|Hidden Power|p1a: Excadrill
|-damage|p1a: Excadrill|63\/362
|
|turn|23
|
|switch|p2a: Chesnaught|Chesnaught, M|304\/379 tox
|-damage|p2a: Chesnaught|281\/379 tox|[from] Stealth Rock
|move|p1a: Excadrill|Earthquake|p2a: Chesnaught
|-resisted|p2a: Chesnaught
|-damage|p2a: Chesnaught|204\/379 tox
|
|-damage|p2a: Chesnaught|181\/379 tox|[from] psn
|turn|24
|
|switch|p1a: Landorus-Therian|Landorus-Therian, M|335\/382
|-ability|p1a: Landorus-Therian|Intimidate|[of] p2a: Chesnaught
|-unboost|p2a: Chesnaught|atk|1
|move|p2a: Chesnaught|Drain Punch|p1a: Landorus-Therian
|-resisted|p1a: Landorus-Therian
|-damage|p1a: Landorus-Therian|311\/382
|-heal|p2a: Chesnaught|193\/379 tox|[from] drain|[of] p1a: Landorus-Therian
|
|-heal|p1a: Landorus-Therian|334\/382|[from] item: Leftovers
|-damage|p2a: Chesnaught|147\/379 tox|[from] psn
|turn|25
|
|move|p2a: Chesnaught|Leech Seed|p1a: Landorus-Therian
|-start|p1a: Landorus-Therian|move: Leech Seed
|move|p1a: Landorus-Therian|U-turn|p2a: Chesnaught
|-damage|p2a: Chesnaught|84\/379 tox
|
|switch|p1a: Keldeo|Keldeo|324\/324
|
|-damage|p2a: Chesnaught|15\/379 tox|[from] psn
|turn|26
|
|move|p1a: Keldeo|Scald|p2a: Chesnaught
|-resisted|p2a: Chesnaught
|-damage|p2a: Chesnaught|0 fnt
|-damage|p1a: Keldeo|292\/324|[from] item: Life Orb
|faint|p2a: Chesnaught
|
|
|switch|p2a: Clefable|Clefable, F|394\/394
|-damage|p2a: Clefable|345\/394|[from] Stealth Rock
|turn|27
|
|switch|p1a: Landorus-Therian|Landorus-Therian, M|334\/382
|-ability|p1a: Landorus-Therian|Intimidate|[of] p2a: Clefable
|-unboost|p2a: Clefable|atk|1
|move|p2a: Clefable|Calm Mind|p2a: Clefable
|-boost|p2a: Clefable|spa|1
|-boost|p2a: Clefable|spd|1
|
|-heal|p1a: Landorus-Therian|357\/382|[from] item: Leftovers
|-heal|p2a: Clefable|369\/394|[from] item: Leftovers
|turn|28
|
|move|p1a: Landorus-Therian|Knock Off|p2a: Clefable
|-resisted|p2a: Clefable
|-damage|p2a: Clefable|324\/394
|-enditem|p2a: Clefable|Leftovers|[from] move: Knock Off|[of] p1a: Landorus-Therian
|move|p2a: Clefable|Moonblast|p1a: Landorus-Therian
|-damage|p1a: Landorus-Therian|171\/382
|-unboost|p1a: Landorus-Therian|spa|1
|
|-heal|p1a: Landorus-Therian|194\/382|[from] item: Leftovers
|turn|29
|
|move|p1a: Landorus-Therian|Earthquake|p2a: Clefable
|-damage|p2a: Clefable|180\/394
|move|p2a: Clefable|Moonblast|p1a: Landorus-Therian
|-damage|p1a: Landorus-Therian|0 fnt
|faint|p1a: Landorus-Therian
|
|
|switch|p1a: Excadrill|Excadrill, M|63\/362
|-ability|p1a: Excadrill|Mold Breaker
|turn|30
|
|move|p1a: Excadrill|Iron Head|p2a: Clefable
|-supereffective|p2a: Clefable
|-damage|p2a: Clefable|0 fnt
|faint|p2a: Clefable
|
|
|switch|p2a: Bronzong|Bronzong|338\/338
|-damage|p2a: Bronzong|317\/338|[from] Stealth Rock
|turn|31
|
|switch|p1a: Slowbro|Slowbro, F|394\/394
|move|p2a: Bronzong|Trick Room|p2a: Bronzong
|-fieldstart|move: Trick Room|[of] p2a: Bronzong
|
|-heal|p2a: Bronzong|338\/338|[from] item: Leftovers
|turn|32
|
|move|p2a: Bronzong|Explosion|p1a: Slowbro
|-damage|p1a: Slowbro|272\/394
|faint|p2a: Bronzong
|move|p1a: Slowbro|Scald|p2: Bronzong|[notarget]
|-notarget
|
|-heal|p1a: Slowbro|296\/394|[from] item: Leftovers
|
|switch|p2a: Camerupt|Camerupt-Mega, M|176\/344
|-damage|p2a: Camerupt|133\/344|[from] Stealth Rock
|turn|33
|
|move|p2a: Camerupt|Earth Power|p1a: Slowbro
|-damage|p1a: Slowbro|0 fnt
|faint|p1a: Slowbro
|
|
|switch|p1a: Keldeo|Keldeo|292\/324
|turn|34
|
|move|p1a: Keldeo|Protect|p1a: Keldeo
|-singleturn|p1a: Keldeo|Protect
|move|p2a: Camerupt|Earth Power|p1a: Keldeo
|-activate|p1a: Keldeo|Protect
|
|turn|35
|
|move|p2a: Camerupt|Earth Power|p1a: Keldeo
|-crit|p1a: Keldeo
|-damage|p1a: Keldeo|0 fnt
|faint|p1a: Keldeo
|
|-fieldend|move: Trick Room
|
|switch|p1a: Excadrill|Excadrill, M|63\/362
|-ability|p1a: Excadrill|Mold Breaker
|turn|36
|
|move|p1a: Excadrill|Earthquake|p2a: Camerupt
|-supereffective|p2a: Camerupt
|-damage|p2a: Camerupt|0 fnt
|faint|p2a: Camerupt
|
|c|âlooiiyut|gg
|
|switch|p2a: Tentacruel|Tentacruel, F|84\/364
|-damage|p2a: Tentacruel|39\/364|[from] Stealth Rock
|turn|37
|
|move|p1a: Excadrill|Earthquake|p2a: Tentacruel
|-supereffective|p2a: Tentacruel
|-damage|p2a: Tentacruel|0 fnt
|faint|p2a: Tentacruel
|
|win|JustTraining2
|raw|Ladder updating...
|raw|JustTraining2's rating: 1381 &rarr; <strong>1404<\/strong><br \/>(+23 for winning)
|raw|looiiyut's rating: 1433 &rarr; <strong>1410<\/strong><br \/>(-23 for losing)
|c|âJustTraining2|gg