|join|looiiyut
|join|Some Ausfag
|player|p1|looiiyut|210
|player|p2|Some Ausfag|146
|gametype|singles
|gen|6
|tier|OU
|rated
|clearpoke
|poke|p1|Heracross, F
|poke|p1|Heatran, F
|poke|p1|Clefable, F
|poke|p1|Zapdos
|poke|p1|Garchomp, F
|poke|p1|Azumarill, F
|poke|p2|Landorus-Therian, M
|poke|p2|Manectric, F
|poke|p2|Breloom, F, shiny
|poke|p2|Darmanitan, F
|poke|p2|Greninja, F
|poke|p2|Skarmory, M
|rule|Swagger Clause: Swagger is banned
|rule|Baton Pass Clause: Limit one PokÃ©mon knowing Baton Pass
|rule|Sleep Clause Mod: Limit one foe put to sleep
|rule|Species Clause: Limit one of each PokÃ©mon
|rule|OHKO Clause: OHKO moves are banned
|rule|Moody Clause: Moody is banned
|rule|Evasion Moves Clause: Evasion moves are banned
|rule|Endless Battle Clause: Forcing endless battles is banned
|rule|HP Percentage Mod: HP is reported as percentages
|teampreview
|join|birka
|
|start
|switch|p1a: Zapdos|Zapdos|384\/384
|switch|p2a: Greninja|Greninja, F|285\/285
|-ability|p1a: Zapdos|Pressure
|turn|1
|
|move|p2a: Greninja|Ice Beam|p1a: Zapdos
|-start|p2a: Greninja|typechange|Ice|[from] Protean
|-supereffective|p1a: Zapdos
|-damage|p1a: Zapdos|54\/384
|-damage|p2a: Greninja|257\/285|[from] item: Life Orb
|move|p1a: Zapdos|Heat Wave|p2a: Greninja
|-supereffective|p2a: Greninja
|-damage|p2a: Greninja|0 fnt
|faint|p2a: Greninja
|
|-heal|p1a: Zapdos|78\/384|[from] item: Leftovers
|chat|Some Ausfag|The odds seemed reasonable.
|chat|Some Ausfag|Bahaha.
|
|switch|p2a: Manectric|Manectric, F|281\/281
|turn|2
|
|switch|p1a: Garchomp|Garchomp, F|357\/357
|detailschange|p2a: Manectric|Manectric-Mega, F
|message|Manectric has Mega Evolved into Mega Manectric!
|-ability|p2a: Manectric|Intimidate|[of] p1a: Garchomp
|-unboost|p1a: Garchomp|atk|1
|move|p2a: Manectric|Hidden Power|p1a: Garchomp
|-supereffective|p1a: Garchomp
|-damage|p1a: Garchomp|0 fnt
|faint|p1a: Garchomp
|
|
|switch|p1a: Clefable|Clefable, F|394\/394
|turn|3
|
|move|p2a: Manectric|Volt Switch|p1a: Clefable
|-damage|p1a: Clefable|256\/394
|
|switch|p2a: Darmanitan|Darmanitan, F|351\/351
|move|p1a: Clefable|Calm Mind|p1a: Clefable
|-boost|p1a: Clefable|spa|1
|-boost|p1a: Clefable|spd|1
|
|-heal|p1a: Clefable|280\/394|[from] item: Leftovers
|turn|4
|
|switch|p1a: Azumarill|Azumarill, F|404\/404
|move|p2a: Darmanitan|Flare Blitz|p1a: Azumarill
|-resisted|p1a: Azumarill
|-damage|p1a: Azumarill|182\/404
|-damage|p2a: Darmanitan|278\/351|[from] recoil|[of] p1a: Azumarill
|
|turn|5
|
|switch|p2a: Breloom|Breloom, F, shiny|262\/262
|move|p1a: Azumarill|Aqua Jet|p2a: Breloom
|-resisted|p2a: Breloom
|-damage|p2a: Breloom|214\/262
|
|turn|6
|
|switch|p1a: Zapdos|Zapdos|78\/384
|-ability|p1a: Zapdos|Pressure
|move|p2a: Breloom|Bullet Seed|p1a: Zapdos
|-resisted|p1a: Zapdos
|-damage|p1a: Zapdos|36\/384
|-resisted|p1a: Zapdos
|-damage|p1a: Zapdos|0 fnt
|-hitcount|p1a: Zapdos|2
|faint|p1a: Zapdos
|
|
|switch|p1a: Clefable|Clefable, F|280\/394
|turn|7
|
|move|p2a: Breloom|Spore|p1a: Clefable
|-status|p1a: Clefable|slp
|cant|p1a: Clefable|slp
|
|-heal|p1a: Clefable|304\/394 slp|[from] item: Leftovers
|turn|8
|
|switch|p1a: Heracross|Heracross, F|355\/355
|move|p2a: Breloom|Drain Punch|p1a: Heracross
|-resisted|p1a: Heracross
|-damage|p1a: Heracross|262\/355
|-heal|p2a: Breloom|261\/262|[from] drain|[of] p1a: Heracross
|
|turn|9
|
|switch|p2a: Landorus-Therian|Landorus-Therian, M|320\/320
|-ability|p2a: Landorus-Therian|Intimidate|[of] p1a: Heracross
|-unboost|p1a: Heracross|atk|1
|detailschange|p1a: Heracross|Heracross-Mega, F
|message|Heracross has Mega Evolved into Mega Heracross!
|move|p1a: Heracross|Pin Missile|p2a: Landorus-Therian
|-resisted|p2a: Landorus-Therian
|-damage|p2a: Landorus-Therian|296\/320
|-resisted|p2a: Landorus-Therian
|-damage|p2a: Landorus-Therian|272\/320
|-resisted|p2a: Landorus-Therian
|-damage|p2a: Landorus-Therian|250\/320
|-crit|p2a: Landorus-Therian
|-resisted|p2a: Landorus-Therian
|-damage|p2a: Landorus-Therian|201\/320
|-resisted|p2a: Landorus-Therian
|-damage|p2a: Landorus-Therian|177\/320
|-hitcount|p2a: Landorus-Therian|5
|
|turn|10
|
|switch|p1a: Azumarill|Azumarill, F|182\/404
|move|p2a: Landorus-Therian|U-turn|p1a: Azumarill
|-resisted|p1a: Azumarill
|-damage|p1a: Azumarill|132\/404
|
|switch|p2a: Breloom|Breloom, F, shiny|261\/262
|
|turn|11
|
|move|p1a: Azumarill|Aqua Jet|p2a: Breloom
|-resisted|p2a: Breloom
|-damage|p2a: Breloom|207\/262
|move|p2a: Breloom|Bullet Seed|p1a: Azumarill
|-supereffective|p1a: Azumarill
|-damage|p1a: Azumarill|0 fnt
|-hitcount|p1a: Azumarill|1
|faint|p1a: Azumarill
|
|
|switch|p1a: Heracross|Heracross-Mega, F|262\/355
|turn|12
|
|switch|p2a: Skarmory|Skarmory, M|334\/334
|move|p1a: Heracross|Pin Missile|p2a: Skarmory
|-resisted|p2a: Skarmory
|-damage|p2a: Skarmory|326\/334
|-resisted|p2a: Skarmory
|-damage|p2a: Skarmory|317\/334
|-resisted|p2a: Skarmory
|-damage|p2a: Skarmory|308\/334
|-resisted|p2a: Skarmory
|-damage|p2a: Skarmory|300\/334
|-resisted|p2a: Skarmory
|-damage|p2a: Skarmory|292\/334
|-hitcount|p2a: Skarmory|5
|
|-heal|p2a: Skarmory|312\/334|[from] item: Leftovers
|turn|13
|
|switch|p1a: Heatran|Heatran, F|385\/385
|switch|p2a: Darmanitan|Darmanitan, F|278\/351
|
|turn|14
|
|move|p2a: Darmanitan|Earthquake|p1a: Heatran
|-supereffective|p1a: Heatran
|-damage|p1a: Heatran|0 fnt
|-damage|p2a: Darmanitan|243\/351|[from] item: Life Orb
|faint|p1a: Heatran
|
|chat|looiiyut|gg
|-message|looiiyut forfeited.
|
|win|Some Ausfag
|raw|Ladder updating...
|leave|looiiyut
|player|p1
|raw|looiiyut's rating: 1387 &rarr; <strong>1369<\/strong><br \/>(-18 for losing)
|raw|Some Ausfag's rating: 1423 &rarr; <strong>1441<\/strong><br \/>(+18 for winning)
|chat|Some Ausfag|Good game!
|leave|birka