|join|Axzalor
|join|looiiyut
|player|p1|Axzalor|264
|player|p2|looiiyut|210
|gametype|singles
|gen|6
|tier|OU
|rated
|clearpoke
|poke|p1|Mamoswine, M, shiny
|poke|p1|Scizor, F
|poke|p1|Greninja, M, shiny
|poke|p1|Scolipede, M, shiny
|poke|p1|Darmanitan, F
|poke|p1|Cloyster, M
|poke|p2|Tangela, F
|poke|p2|Mandibuzz, F
|poke|p2|Heatran, M
|poke|p2|Sylveon, F
|poke|p2|Keldeo
|poke|p2|Mew
|rule|Baton Pass Clause: Limit 3 pokemon knowing Baton Pass
|rule|Sleep Clause Mod: Limit one foe put to sleep
|rule|Species Clause: Limit one of each Pokemon
|rule|OHKO Clause: OHKO moves are banned
|rule|Moody Clause: Moody is banned
|rule|Evasion Moves Clause: Evasion moves are banned
|rule|Endless Battle Clause: Forcing endless battles is banned
|rule|HP Percentage Mod: HP is reported as percentages
|teampreview
|
|start
|switch|p1a: Scolipede|Scolipede, M, shiny|324\/324
|switch|p2a: Mew|Mew|401\/401
|turn|1
|
|switch|p1a: Greninja|Greninja, M, shiny|285\/285
|move|p2a: Mew|Psyshock|p1a: Greninja
|-immune|p1a: Greninja|[msg]
|
|turn|2
|
|switch|p2a: Sylveon|Sylveon, F|394\/394
|-start|p1a: Greninja|typechange|Dark|[from] Protean
|move|p1a: Greninja|Dark Pulse|p2a: Sylveon
|-resisted|p2a: Sylveon
|-damage|p2a: Sylveon|348\/394
|
|-heal|p2a: Sylveon|372\/394|[from] item: Leftovers
|turn|3
|
|switch|p1a: Scolipede|Scolipede, M, shiny|324\/324
|move|p2a: Sylveon|Calm Mind|p2a: Sylveon
|-boost|p2a: Sylveon|spa|1
|-boost|p2a: Sylveon|spd|1
|
|-heal|p2a: Sylveon|394\/394|[from] item: Leftovers
|turn|4
|
|move|p1a: Scolipede|Swords Dance|p1a: Scolipede
|-boost|p1a: Scolipede|atk|2
|move|p2a: Sylveon|Hyper Voice|p1a: Scolipede
|-resisted|p1a: Scolipede
|-damage|p1a: Scolipede|177\/324
|
|-heal|p1a: Scolipede|197\/324|[from] item: Black Sludge
|-boost|p1a: Scolipede|spe|1|[from] ability: Speed Boost
|turn|5
|
|move|p1a: Scolipede|Swords Dance|p1a: Scolipede
|-boost|p1a: Scolipede|atk|2
|move|p2a: Sylveon|Hyper Voice|p1a: Scolipede
|-crit|p1a: Scolipede
|-resisted|p1a: Scolipede
|-damage|p1a: Scolipede|0 fnt
|faint|p1a: Scolipede
|
|chat|Axzalor|that crit saved you 
|
|switch|p1a: Scizor|Scizor, F|344\/344
|turn|6
|
|switch|p2a: Keldeo|Keldeo|323\/323
|detailschange|p1a: Scizor|Scizor-Mega, F
|message|Scizor has Mega Evolved into Mega Scizor!
|move|p1a: Scizor|Swords Dance|p1a: Scizor
|-boost|p1a: Scizor|atk|2
|
|turn|7
|chat|looiiyut|i know
|
|move|p2a: Keldeo|Scald|p1a: Scizor
|-damage|p1a: Scizor|230\/344
|move|p1a: Scizor|Bug Bite|p2a: Keldeo
|-resisted|p2a: Keldeo
|-damage|p2a: Keldeo|148\/323
|
|-heal|p2a: Keldeo|168\/323|[from] item: Leftovers
|turn|8
|
|switch|p2a: Heatran|Heatran, M|323\/323
|-item|p2a: Heatran|Air Balloon
|switch|p1a: Greninja|Greninja, M, shiny|285\/285
|
|turn|9
|
|switch|p2a: Sylveon|Sylveon, F|394\/394
|-start|p1a: Greninja|typechange|Dark|[from] Protean
|move|p1a: Greninja|Dark Pulse|p2a: Sylveon
|-resisted|p2a: Sylveon
|-damage|p2a: Sylveon|343\/394
|
|-heal|p2a: Sylveon|367\/394|[from] item: Leftovers
|turn|10
|
|switch|p1a: Scizor|Scizor-Mega, F|230\/344
|move|p2a: Sylveon|Hyper Voice|p1a: Scizor
|-resisted|p1a: Scizor
|-damage|p1a: Scizor|168\/344
|
|-heal|p2a: Sylveon|391\/394|[from] item: Leftovers
|turn|11
|
|switch|p2a: Heatran|Heatran, M|323\/323
|-item|p2a: Heatran|Air Balloon
|move|p1a: Scizor|Roost|p1a: Scizor
|-heal|p1a: Scizor|340\/344
|
|turn|12
|
|switch|p1a: Darmanitan|Darmanitan, F|414\/414
|move|p2a: Heatran|Stealth Rock|p1a: Darmanitan
|-sidestart|p1: Axzalor|move: Stealth Rock
|
|turn|13
|
|move|p1a: Darmanitan|Rock Slide|p2a: Heatran
|-damage|p2a: Heatran|148\/323
|-enditem|p2a: Heatran|Air Balloon
|move|p2a: Heatran|Roar|p1a: Darmanitan
|drag|p1a: Greninja|Greninja, M, shiny|285\/285
|-damage|p1a: Greninja|250\/285|[from] Stealth Rock
|
|turn|14
|
|switch|p2a: Sylveon|Sylveon, F|391\/394
|-start|p1a: Greninja|typechange|Dark|[from] Protean
|move|p1a: Greninja|Dark Pulse|p2a: Sylveon
|-resisted|p2a: Sylveon
|-damage|p2a: Sylveon|345\/394
|
|-heal|p2a: Sylveon|369\/394|[from] item: Leftovers
|turn|15
|
|switch|p1a: Scizor|Scizor-Mega, F|340\/344
|-damage|p1a: Scizor|297\/344|[from] Stealth Rock
|move|p2a: Sylveon|Hyper Voice|p1a: Scizor
|-resisted|p1a: Scizor
|-damage|p1a: Scizor|234\/344
|
|-heal|p2a: Sylveon|393\/394|[from] item: Leftovers
|turn|16
|
|switch|p2a: Mandibuzz|Mandibuzz, F|423\/423
|move|p1a: Scizor|Bullet Punch|p2a: Mandibuzz
|-damage|p2a: Mandibuzz|332\/423
|
|-heal|p2a: Mandibuzz|358\/423|[from] item: Leftovers
|turn|17
|
|move|p2a: Mandibuzz|Foul Play|p1a: Scizor
|-damage|p1a: Scizor|107\/344
|move|p1a: Scizor|Swords Dance|p1a: Scizor
|-boost|p1a: Scizor|atk|2
|
|-heal|p2a: Mandibuzz|384\/423|[from] item: Leftovers
|turn|18
|
|move|p1a: Scizor|Bullet Punch|p2a: Mandibuzz
|-damage|p2a: Mandibuzz|222\/423
|move|p2a: Mandibuzz|Foul Play|p1a: Scizor
|-damage|p1a: Scizor|0 fnt
|faint|p1a: Scizor
|
|-heal|p2a: Mandibuzz|248\/423|[from] item: Leftovers
|
|switch|p1a: Darmanitan|Darmanitan, F|414\/414
|-damage|p1a: Darmanitan|311\/414|[from] Stealth Rock
|turn|19
|
|move|p1a: Darmanitan|Rock Slide|p2a: Mandibuzz
|-supereffective|p2a: Mandibuzz
|-damage|p2a: Mandibuzz|0 fnt
|faint|p2a: Mandibuzz
|
|
|switch|p2a: Keldeo|Keldeo|168\/323
|turn|20
|
|move|p2a: Keldeo|Calm Mind|p2a: Keldeo
|-boost|p2a: Keldeo|spa|1
|-boost|p2a: Keldeo|spd|1
|move|p1a: Darmanitan|Superpower|p2a: Keldeo
|-damage|p2a: Keldeo|0 fnt
|-unboost|p1a: Darmanitan|atk|1
|-unboost|p1a: Darmanitan|def|1
|-damage|p1a: Darmanitan|270\/414|[from] item: Life Orb
|faint|p2a: Keldeo
|
|
|switch|p2a: Sylveon|Sylveon, F|393\/394
|turn|21
|
|move|p1a: Darmanitan|U-turn|p2a: Sylveon
|-resisted|p2a: Sylveon
|-damage|p2a: Sylveon|351\/394
|-damage|p1a: Darmanitan|229\/414|[from] item: Life Orb
|
|switch|p1a: Cloyster|Cloyster, M|242\/242
|-damage|p1a: Cloyster|182\/242|[from] Stealth Rock
|move|p2a: Sylveon|Hyper Voice|p1a: Cloyster
|-damage|p1a: Cloyster|0 fnt
|faint|p1a: Cloyster
|
|-heal|p2a: Sylveon|375\/394|[from] item: Leftovers
|
|switch|p1a: Darmanitan|Darmanitan, F|229\/414
|-damage|p1a: Darmanitan|126\/414|[from] Stealth Rock
|turn|22
|
|move|p1a: Darmanitan|Flare Blitz|p2a: Sylveon
|-damage|p2a: Sylveon|0 fnt
|-damage|p1a: Darmanitan|2\/414|[from] recoil|[of] p2a: Sylveon
|faint|p2a: Sylveon
|
|
|switch|p2a: Mew|Mew|401\/401
|turn|23
|
|move|p2a: Mew|Roost|p2a: Mew
|-fail|p2a: Mew
|move|p1a: Darmanitan|U-turn|p2a: Mew
|-supereffective|p2a: Mew
|-damage|p2a: Mew|185\/401
|-damage|p1a: Darmanitan|0 fnt|[from] item: Life Orb
|faint|p1a: Darmanitan
|
|-heal|p2a: Mew|210\/401|[from] item: Leftovers
|
|switch|p1a: Greninja|Greninja, M, shiny|250\/285
|-damage|p1a: Greninja|215\/285|[from] Stealth Rock
|turn|24
|
|switch|p2a: Tangela|Tangela, F|334\/334
|-start|p1a: Greninja|typechange|Dark|[from] Protean
|move|p1a: Greninja|Dark Pulse|p2a: Tangela
|-damage|p2a: Tangela|223\/334
|
|turn|25
|
|-start|p1a: Greninja|typechange|Ice|[from] Protean
|move|p1a: Greninja|Ice Beam|p2a: Tangela
|-supereffective|p2a: Tangela
|-damage|p2a: Tangela|0 fnt
|faint|p2a: Tangela
|
|
|switch|p2a: Heatran|Heatran, M|148\/323
|turn|26
|
|-start|p1a: Greninja|typechange|Dark|[from] Protean
|move|p1a: Greninja|Dark Pulse|p2a: Heatran
|-damage|p2a: Heatran|69\/323
|move|p2a: Heatran|Lava Plume|p1a: Greninja
|-damage|p1a: Greninja|67\/285
|
|turn|27
|
|move|p1a: Greninja|Dark Pulse|p2a: Heatran
|-damage|p2a: Heatran|0 fnt
|faint|p2a: Heatran
|
|
|switch|p2a: Mew|Mew|210\/401
|turn|28
|
|move|p1a: Greninja|Dark Pulse|p2a: Mew
|-supereffective|p2a: Mew
|-damage|p2a: Mew|0 fnt
|faint|p2a: Mew
|
|win|Axzalor
|raw|Ladder updating...
|raw|Axzalor's rating: 1306 &rarr; <strong>1323<\/strong><br \/>(+17 for winning)
|raw|looiiyut's rating: 1252 &rarr; <strong>1231<\/strong><br \/>(-21 for losing)
|chat|Axzalor|gg
|chat|looiiyut|gg