|join|looiiyut
|join|wolfkeeper
|player|p1|looiiyut|210
|player|p2|wolfkeeper|92
|gametype|singles
|gen|6
|tier|OU
|clearpoke
|poke|p1|Heracross, F
|poke|p1|Heatran, M
|poke|p1|Clefable, F
|poke|p1|Zapdos
|poke|p1|Garchomp, F
|poke|p1|Mew
|poke|p2|Terrakion
|poke|p2|Landorus, M
|poke|p2|Gyarados, M
|poke|p2|Manectric, F, shiny
|poke|p2|Skarmory, F
|poke|p2|Staraptor, M, shiny
|rule|Swagger Clause: Swagger is banned
|rule|Baton Pass Clause: Limit one PokÃ©mon knowing Baton Pass
|rule|Sleep Clause Mod: Limit one foe put to sleep
|rule|Species Clause: Limit one of each PokÃ©mon
|rule|OHKO Clause: OHKO moves are banned
|rule|Moody Clause: Moody is banned
|rule|Evasion Moves Clause: Evasion moves are banned
|rule|Endless Battle Clause: Forcing endless battles is banned
|rule|HP Percentage Mod: HP is reported as percentages
|teampreview
|chat|looiiyut|gl hf again
|chat|wolfkeeper|u2 
|
|start
|switch|p1a: Clefable|Clefable, F|394\/394
|switch|p2a: Terrakion|Terrakion|323\/323
|turn|1
|
|move|p2a: Terrakion|Poison Jab|p1a: Clefable
|-supereffective|p1a: Clefable
|-damage|p1a: Clefable|216\/394
|move|p1a: Clefable|Moonblast|p2a: Terrakion
|-supereffective|p2a: Terrakion
|-damage|p2a: Terrakion|87\/323
|-unboost|p2a: Terrakion|spa|1
|
|-heal|p1a: Clefable|240\/394|[from] item: Leftovers
|turn|2
|
|move|p2a: Terrakion|Poison Jab|p1a: Clefable
|-supereffective|p1a: Clefable
|-damage|p1a: Clefable|60\/394
|move|p1a: Clefable|Soft-Boiled|p1a: Clefable
|-heal|p1a: Clefable|257\/394
|
|-heal|p1a: Clefable|281\/394|[from] item: Leftovers
|turn|3
|
|move|p2a: Terrakion|Poison Jab|p1a: Clefable
|-supereffective|p1a: Clefable
|-damage|p1a: Clefable|89\/394
|move|p1a: Clefable|Moonblast|p2a: Terrakion
|-supereffective|p2a: Terrakion
|-damage|p2a: Terrakion|0 fnt
|faint|p2a: Terrakion
|
|-heal|p1a: Clefable|113\/394|[from] item: Leftovers
|
|switch|p2a: Staraptor|Staraptor, M, shiny|312\/312
|turn|4
|
|switch|p1a: Mew|Mew|404\/404
|move|p2a: Staraptor|Brave Bird|p1a: Mew
|-crit|p1a: Mew
|-damage|p1a: Mew|149\/404
|-damage|p2a: Staraptor|228\/312|[from] recoil|[of] p1a: Mew
|
|-heal|p1a: Mew|174\/404|[from] item: Leftovers
|turn|5
|
|move|p2a: Staraptor|Brave Bird|p1a: Mew
|-damage|p1a: Mew|0 fnt
|-damage|p2a: Staraptor|171\/312|[from] recoil|[of] p1a: Mew
|faint|p1a: Mew
|
|
|switch|p1a: Zapdos|Zapdos|384\/384
|-ability|p1a: Zapdos|Pressure
|turn|6
|
|switch|p2a: Manectric|Manectric, F, shiny|281\/281
|move|p1a: Zapdos|Hidden Power|p2a: Manectric
|-crit|p2a: Manectric
|-damage|p2a: Manectric|139\/281
|
|turn|7
|
|detailschange|p2a: Manectric|Manectric-Mega, F, shiny
|message|Manectric has Mega Evolved into Mega Manectric!
|-ability|p2a: Manectric|Intimidate|[of] p1a: Zapdos
|-unboost|p1a: Zapdos|atk|1
|move|p2a: Manectric|Hidden Power|p1a: Zapdos
|-supereffective|p1a: Zapdos
|-damage|p1a: Zapdos|262\/384
|move|p1a: Zapdos|Heat Wave|p2a: Manectric
|-damage|p2a: Manectric|18\/281
|
|-heal|p1a: Zapdos|286\/384|[from] item: Leftovers
|turn|8
|
|move|p2a: Manectric|Volt Switch|p1a: Zapdos
|-damage|p1a: Zapdos|168\/384
|
|switch|p2a: Gyarados|Gyarados, M|394\/394
|-ability|p2a: Gyarados|Intimidate|[of] p1a: Zapdos
|-unboost|p1a: Zapdos|atk|1
|move|p1a: Zapdos|Thunderbolt|p2a: Gyarados
|-supereffective|p2a: Gyarados
|-damage|p2a: Gyarados|0 fnt
|faint|p2a: Gyarados
|
|-heal|p1a: Zapdos|192\/384|[from] item: Leftovers
|
|switch|p2a: Manectric|Manectric-Mega, F, shiny|18\/281
|-ability|p2a: Manectric|Intimidate|[of] p1a: Zapdos
|-unboost|p1a: Zapdos|atk|1
|turn|9
|
|move|p2a: Manectric|Thunderbolt|p1a: Zapdos
|-damage|p1a: Zapdos|57\/384
|move|p1a: Zapdos|Roost|p1a: Zapdos
|-heal|p1a: Zapdos|249\/384
|
|-heal|p1a: Zapdos|273\/384|[from] item: Leftovers
|turn|10
|
|move|p2a: Manectric|Thunderbolt|p1a: Zapdos
|-damage|p1a: Zapdos|125\/384
|move|p1a: Zapdos|Roost|p1a: Zapdos
|-heal|p1a: Zapdos|317\/384
|
|-heal|p1a: Zapdos|341\/384|[from] item: Leftovers
|turn|11
|
|move|p2a: Manectric|Thunderbolt|p1a: Zapdos
|-damage|p1a: Zapdos|188\/384
|move|p1a: Zapdos|Hidden Power|p2a: Manectric
|-damage|p2a: Manectric|0 fnt
|faint|p2a: Manectric
|
|-heal|p1a: Zapdos|212\/384|[from] item: Leftovers
|
|switch|p2a: Staraptor|Staraptor, M, shiny|171\/312
|turn|12
|
|move|p2a: Staraptor|Brave Bird|p1a: Zapdos
|-resisted|p1a: Zapdos
|-damage|p1a: Zapdos|86\/384
|-damage|p2a: Staraptor|129\/312|[from] recoil|[of] p1a: Zapdos
|move|p1a: Zapdos|Roost|p1a: Zapdos
|-heal|p1a: Zapdos|278\/384
|
|-heal|p1a: Zapdos|302\/384|[from] item: Leftovers
|turn|13
|
|move|p2a: Staraptor|Brave Bird|p1a: Zapdos
|-resisted|p1a: Zapdos
|-damage|p1a: Zapdos|182\/384
|-damage|p2a: Staraptor|89\/312|[from] recoil|[of] p1a: Zapdos
|move|p1a: Zapdos|Roost|p1a: Zapdos
|-heal|p1a: Zapdos|374\/384
|
|-heal|p1a: Zapdos|384\/384|[from] item: Leftovers
|turn|14
|
|move|p2a: Staraptor|Brave Bird|p1a: Zapdos
|-resisted|p1a: Zapdos
|-damage|p1a: Zapdos|260\/384
|-damage|p2a: Staraptor|48\/312|[from] recoil|[of] p1a: Zapdos
|move|p1a: Zapdos|Hidden Power|p2a: Staraptor
|-supereffective|p2a: Staraptor
|-damage|p2a: Staraptor|0 fnt
|faint|p2a: Staraptor
|
|-heal|p1a: Zapdos|284\/384|[from] item: Leftovers
|
|switch|p2a: Landorus|Landorus, M|320\/320
|turn|15
|
|move|p2a: Landorus|Sludge Wave|p1a: Zapdos
|-damage|p1a: Zapdos|123\/384
|move|p1a: Zapdos|Hidden Power|p2a: Landorus
|-supereffective|p2a: Landorus
|-damage|p2a: Landorus|20\/320
|
|-heal|p1a: Zapdos|147\/384|[from] item: Leftovers
|turn|16
|
|move|p2a: Landorus|Sludge Wave|p1a: Zapdos
|-damage|p1a: Zapdos|0 fnt
|faint|p1a: Zapdos
|
|
|switch|p1a: Garchomp|Garchomp, F|357\/357
|turn|17
|
|move|p1a: Garchomp|Fire Blast|p2a: Landorus
|-damage|p2a: Landorus|0 fnt
|faint|p2a: Landorus
|
|chat|wolfkeeper|gg
|
|switch|p2a: Skarmory|Skarmory, F|334\/334
|turn|18
|chat|looiiyut|gg
|
|move|p1a: Garchomp|Fire Blast|p2a: Skarmory
|-supereffective|p2a: Skarmory
|-damage|p2a: Skarmory|132\/334
|-status|p2a: Skarmory|brn
|move|p2a: Skarmory|Brave Bird|p1a: Garchomp
|-damage|p1a: Garchomp|293\/357
|-damage|p2a: Skarmory|91\/334 brn|[from] ability: Rough Skin|[of] p1a: Garchomp
|-damage|p2a: Skarmory|70\/334 brn|[from] recoil|[of] p1a: Garchomp
|
|-heal|p2a: Skarmory|90\/334 brn|[from] item: Leftovers
|-damage|p2a: Skarmory|49\/334 brn|[from] brn
|turn|19
|
|move|p1a: Garchomp|Fire Blast|p2a: Skarmory
|-supereffective|p2a: Skarmory
|-damage|p2a: Skarmory|0 fnt
|faint|p2a: Skarmory
|
|win|looiiyut
|leave|wolfkeeper
|player|p2