|join|Smea
|join|looiiyut
|player|p1|Smea|221
|player|p2|looiiyut|210
|gametype|singles
|gen|6
|tier|OU
|clearpoke
|poke|p1|Chansey, F
|poke|p1|Quagsire, M
|poke|p1|Bisharp, F
|poke|p1|Slurpuff, M
|poke|p1|Azelf
|poke|p1|Galvantula, M
|poke|p2|Heracross, F
|poke|p2|Heatran, F
|poke|p2|Clefable, F
|poke|p2|Zapdos
|poke|p2|Garchomp, M
|poke|p2|Tentacruel, M
|rule|Swagger Clause: Swagger is banned
|rule|Baton Pass Clause: Limit one PokÃ©mon knowing Baton Pass
|rule|Sleep Clause Mod: Limit one foe put to sleep
|rule|Species Clause: Limit one of each PokÃ©mon
|rule|OHKO Clause: OHKO moves are banned
|rule|Moody Clause: Moody is banned
|rule|Evasion Moves Clause: Evasion moves are banned
|rule|Endless Battle Clause: Forcing endless battles is banned
|rule|HP Percentage Mod: HP is reported as percentages
|teampreview
|chat|looiiyut|gl hf
|
|start
|switch|p1a: Azelf|Azelf|292\/292
|switch|p2a: Heracross|Heracross, F|355\/355
|turn|1
|
|detailschange|p2a: Heracross|Heracross-Mega, F
|message|Heracross has Mega Evolved into Mega Heracross!
|move|p1a: Azelf|Psychic|p2a: Heracross
|-supereffective|p2a: Heracross
|-damage|p2a: Heracross|49\/355
|-unboost|p2a: Heracross|spd|1
|move|p2a: Heracross|Pin Missile|p1a: Azelf
|-supereffective|p1a: Azelf
|-damage|p1a: Azelf|134\/292
|-supereffective|p1a: Azelf
|-damage|p1a: Azelf|0 fnt
|-hitcount|p1a: Azelf|2
|faint|p1a: Azelf
|
|join|BTickle
|
|switch|p1a: Galvantula|Galvantula, M|281\/281
|turn|2
|
|switch|p2a: Zapdos|Zapdos|384\/384
|-ability|p2a: Zapdos|Pressure
|move|p1a: Galvantula|Thunder|p2a: Zapdos
|-damage|p2a: Zapdos|243\/384
|
|-heal|p2a: Zapdos|267\/384|[from] item: Leftovers
|turn|3
|
|switch|p1a: Quagsire|Quagsire, M|352\/352
|move|p2a: Zapdos|Heat Wave|p1a: Quagsire
|-miss|p2a: Zapdos|p1a: Quagsire
|
|-heal|p2a: Zapdos|291\/384|[from] item: Leftovers
|turn|4
|
|switch|p2a: Clefable|Clefable, F|394\/394
|move|p1a: Quagsire|Toxic|p2a: Clefable
|-status|p2a: Clefable|tox
|
|turn|5
|
|switch|p1a: Bisharp|Bisharp, F|292\/292
|move|p2a: Clefable|Calm Mind|p2a: Clefable
|-boost|p2a: Clefable|spa|1
|-boost|p2a: Clefable|spd|1
|
|turn|6
|
|switch|p2a: Tentacruel|Tentacruel, M|364\/364
|move|p1a: Bisharp|Iron Head|p2a: Tentacruel
|-resisted|p2a: Tentacruel
|-damage|p2a: Tentacruel|294\/364
|-damage|p1a: Bisharp|263\/292|[from] item: Life Orb
|
|-heal|p2a: Tentacruel|316\/364|[from] item: Black Sludge
|turn|7
|
|move|p2a: Tentacruel|Scald|p1a: Bisharp
|-damage|p1a: Bisharp|166\/292
|-status|p1a: Bisharp|brn
|move|p1a: Bisharp|Knock Off|p2a: Tentacruel
|-damage|p2a: Tentacruel|221\/364
|-enditem|p2a: Tentacruel|Black Sludge|[from] move: Knock Off|[of] p1a: Bisharp
|-damage|p1a: Bisharp|137\/292 brn|[from] item: Life Orb
|
|-damage|p1a: Bisharp|101\/292 brn|[from] brn
|turn|8
|
|switch|p1a: Quagsire|Quagsire, M|352\/352
|move|p2a: Tentacruel|Scald|p1a: Quagsire
|-damage|p1a: Quagsire|259\/352
|
|-heal|p1a: Quagsire|281\/352|[from] item: Leftovers
|turn|9
|
|switch|p2a: Clefable|Clefable, F|394\/394 tox
|move|p1a: Quagsire|Earthquake|p2a: Clefable
|-crit|p2a: Clefable
|-damage|p2a: Clefable|250\/394 tox
|
|-heal|p2a: Clefable|274\/394 tox|[from] item: Leftovers
|-heal|p1a: Quagsire|303\/352|[from] item: Leftovers
|turn|10
|
|switch|p1a: Slurpuff|Slurpuff, M|336\/336
|move|p2a: Clefable|Flamethrower|p1a: Slurpuff
|-damage|p1a: Slurpuff|252\/336
|
|-heal|p2a: Clefable|298\/394 tox|[from] item: Leftovers
|turn|11
|
|switch|p2a: Tentacruel|Tentacruel, M|221\/364
|move|p1a: Slurpuff|Belly Drum|p1a: Slurpuff
|-damage|p1a: Slurpuff|84\/336
|-setboost|p1a: Slurpuff|atk|6|[from] move: Belly Drum
|-enditem|p1a: Slurpuff|Sitrus Berry|[eat]
|-heal|p1a: Slurpuff|168\/336|[from] item: Sitrus Berry
|
|turn|12
|
|move|p1a: Slurpuff|Return|p2a: Tentacruel
|-damage|p2a: Tentacruel|0 fnt
|faint|p2a: Tentacruel
|
|
|switch|p2a: Garchomp|Garchomp, M|357\/357
|turn|13
|
|move|p2a: Garchomp|Earthquake|p1a: Slurpuff
|-damage|p1a: Slurpuff|0 fnt
|faint|p1a: Slurpuff
|
|
|switch|p1a: Chansey|Chansey, F|704\/704
|turn|14
|
|switch|p2a: Clefable|Clefable, F|298\/394 tox
|move|p1a: Chansey|Counter|p2a: Clefable
|-fail|p2a: Clefable
|
|-heal|p2a: Clefable|322\/394 tox|[from] item: Leftovers
|turn|15
|
|move|p2a: Clefable|Calm Mind|p2a: Clefable
|-boost|p2a: Clefable|spa|1
|-boost|p2a: Clefable|spd|1
|move|p1a: Chansey|Aromatherapy|p1a: Chansey
|-cureteam|p1a: Chansey|[from] move: Aromatherapy
|
|-heal|p2a: Clefable|346\/394 tox|[from] item: Leftovers
|turn|16
|
|switch|p1a: Bisharp|Bisharp, F|101\/292
|move|p2a: Clefable|Calm Mind|p2a: Clefable
|-boost|p2a: Clefable|spa|1
|-boost|p2a: Clefable|spd|1
|
|-heal|p2a: Clefable|370\/394 tox|[from] item: Leftovers
|turn|17
|
|switch|p2a: Heatran|Heatran, F|385\/385
|move|p1a: Bisharp|Iron Head|p2a: Heatran
|-crit|p2a: Heatran
|-resisted|p2a: Heatran
|-damage|p2a: Heatran|330\/385
|-damage|p1a: Bisharp|72\/292|[from] item: Life Orb
|
|-heal|p2a: Heatran|354\/385|[from] item: Leftovers
|turn|18
|
|switch|p1a: Quagsire|Quagsire, M|303\/352
|move|p2a: Heatran|Stealth Rock|p1a: Quagsire
|-sidestart|p1: Smea|move: Stealth Rock
|
|-heal|p2a: Heatran|378\/385|[from] item: Leftovers
|-heal|p1a: Quagsire|325\/352|[from] item: Leftovers
|turn|19
|
|switch|p2a: Clefable|Clefable, F|370\/394 tox
|move|p1a: Quagsire|Earthquake|p2a: Clefable
|-damage|p2a: Clefable|277\/394 tox
|
|-heal|p2a: Clefable|301\/394 tox|[from] item: Leftovers
|-heal|p1a: Quagsire|347\/352|[from] item: Leftovers
|turn|20
|
|move|p2a: Clefable|Flamethrower|p1a: Quagsire
|-resisted|p1a: Quagsire
|-damage|p1a: Quagsire|303\/352
|move|p1a: Quagsire|Earthquake|p2a: Clefable
|-damage|p2a: Clefable|210\/394 tox
|
|-heal|p2a: Clefable|234\/394 tox|[from] item: Leftovers
|-heal|p1a: Quagsire|325\/352|[from] item: Leftovers
|turn|21
|
|move|p2a: Clefable|Soft-Boiled|p2a: Clefable
|-heal|p2a: Clefable|394\/394 tox
|move|p1a: Quagsire|Earthquake|p2a: Clefable
|-damage|p2a: Clefable|303\/394 tox
|
|-heal|p2a: Clefable|327\/394 tox|[from] item: Leftovers
|-heal|p1a: Quagsire|347\/352|[from] item: Leftovers
|turn|22
|
|switch|p1a: Bisharp|Bisharp, F|72\/292
|-damage|p1a: Bisharp|54\/292|[from] Stealth Rock
|move|p2a: Clefable|Moonblast|p1a: Bisharp
|-crit|p1a: Bisharp
|-damage|p1a: Bisharp|0 fnt
|faint|p1a: Bisharp
|
|-heal|p2a: Clefable|351\/394 tox|[from] item: Leftovers
|
|switch|p1a: Galvantula|Galvantula, M|281\/281
|-damage|p1a: Galvantula|211\/281|[from] Stealth Rock
|turn|23
|
|move|p1a: Galvantula|Thunder|p2a: Clefable
|-damage|p2a: Clefable|194\/394 tox
|move|p2a: Clefable|Calm Mind|p2a: Clefable
|-boost|p2a: Clefable|spa|1
|-boost|p2a: Clefable|spd|1
|
|-heal|p2a: Clefable|218\/394 tox|[from] item: Leftovers
|turn|24
|
|move|p1a: Galvantula|Thunder|p2a: Clefable
|-damage|p2a: Clefable|113\/394 tox
|move|p2a: Clefable|Soft-Boiled|p2a: Clefable
|-heal|p2a: Clefable|310\/394 tox
|
|-heal|p2a: Clefable|334\/394 tox|[from] item: Leftovers
|turn|25
|
|move|p1a: Galvantula|Thunder|p2a: Clefable|[miss]
|-miss|p1a: Galvantula|p2a: Clefable
|move|p2a: Clefable|Flamethrower|p1a: Galvantula
|-supereffective|p1a: Galvantula
|-damage|p1a: Galvantula|0 fnt
|faint|p1a: Galvantula
|
|-heal|p2a: Clefable|358\/394 tox|[from] item: Leftovers
|
|switch|p1a: Quagsire|Quagsire, M|347\/352
|-damage|p1a: Quagsire|325\/352|[from] Stealth Rock
|turn|26
|
|move|p2a: Clefable|Calm Mind|p2a: Clefable
|-boost|p2a: Clefable|spa|1
|-boost|p2a: Clefable|spd|1
|move|p1a: Quagsire|Earthquake|p2a: Clefable
|-damage|p2a: Clefable|267\/394 tox
|
|-heal|p2a: Clefable|291\/394 tox|[from] item: Leftovers
|-heal|p1a: Quagsire|347\/352|[from] item: Leftovers
|turn|27
|
|move|p2a: Clefable|Calm Mind|p2a: Clefable
|-boost|p2a: Clefable|spa|1
|-boost|p2a: Clefable|spd|1
|move|p1a: Quagsire|Earthquake|p2a: Clefable
|-damage|p2a: Clefable|200\/394 tox
|
|-heal|p2a: Clefable|224\/394 tox|[from] item: Leftovers
|-heal|p1a: Quagsire|352\/352|[from] item: Leftovers
|turn|28
|
|move|p2a: Clefable|Calm Mind|p2a: Clefable
|-boost|p2a: Clefable|spa|1
|-boost|p2a: Clefable|spd|1
|move|p1a: Quagsire|Earthquake|p2a: Clefable
|-damage|p2a: Clefable|128\/394 tox
|
|-heal|p2a: Clefable|152\/394 tox|[from] item: Leftovers
|turn|29
|
|move|p2a: Clefable|Soft-Boiled|p2a: Clefable
|-heal|p2a: Clefable|349\/394 tox
|move|p1a: Quagsire|Earthquake|p2a: Clefable
|-damage|p2a: Clefable|247\/394 tox
|
|-heal|p2a: Clefable|271\/394 tox|[from] item: Leftovers
|turn|30
|leave|Smea
|player|p1
|-message|Player 1 lost due to inactivity.
|
|win|looiiyut
|leave|BTickle