|join|looiiyut
|join|Team Poke'King
|player|p1|looiiyut|210
|player|p2|Team Poke'King|99
|gametype|singles
|gen|6
|tier|OU
|clearpoke
|poke|p1|Politoed, F, shiny
|poke|p1|Kabutops, F
|poke|p1|Toxicroak, F
|poke|p1|Greninja, M
|poke|p1|Zapdos
|poke|p1|Mawile, F
|poke|p2|Jirachi
|poke|p2|Scizor, M
|poke|p2|Infernape, M
|poke|p2|Celebi
|poke|p2|Gyarados, F
|poke|p2|Starmie
|rule|Swagger Clause: Swagger is banned
|rule|Baton Pass Clause: Limit one PokÃ©mon knowing Baton Pass
|rule|Sleep Clause Mod: Limit one foe put to sleep
|rule|Species Clause: Limit one of each PokÃ©mon
|rule|OHKO Clause: OHKO moves are banned
|rule|Moody Clause: Moody is banned
|rule|Evasion Moves Clause: Evasion moves are banned
|rule|Endless Battle Clause: Forcing endless battles is banned
|rule|HP Percentage Mod: HP is reported as percentages
|teampreview
|chat|looiiyut|oh nice team
|chat|looiiyut|gl hf
|chat|Team Poke'King|not to bad yourself
|chat|Team Poke'King|wait for the host
|join|bradysnyder0624
|chat|Team Poke'King|brady can you message the hosts?
|chat|bradysnyder0624|ok about what?
|chat|Team Poke'King|that the final is on? cause im pretty sure they wanna advertise it
|chat|bradysnyder0624|ok brb
|chat|bradysnyder0624|i think he went to a different battle
|chat|Team Poke'King|oh really
|chat|bradysnyder0624|he looks afk
|chat|Team Poke'King|ok 1 min
|chat|Team Poke'King|hold up
|chat|Team Poke'King|cause im pretty sure they want us to wait
|chat|looiiyut|ok man
|chat|Team Poke'King|soo while we wait.. im from new zealand :P
|chat|bradysnyder0624|1 min later
|chat|looiiyut|I'm italian
|chat|Team Poke'King|oh aye do you live there now?
|chat|bradysnyder0624|captain america!
|chat|looiiyut|yes
|chat|Team Poke'King|always wanetd to go to italy adn america
|chat|looiiyut|yes, italy is a beautiful place
|chat|looiiyut|i live near the sea 
|chat|looiiyut|next to venic
|chat|looiiyut|*venice
|chat|Team Poke'King|is that with all the canoes and water streets?
|chat|looiiyut|yes!
|chat|Team Poke'King|i gotta get ready for my C&E tournament while i wait
|chat|looiiyut|Gondola is the canoa :)
|chat|Team Poke'King|and yeah i read so books and see so many movies about that place
|chat|bradysnyder0624|guys
|chat|bradysnyder0624|the host is offline!!!
|chat|looiiyut|What is C&E tournament?
|chat|Team Poke'King|is he
|chat|Team Poke'King|and its an 8 man on right now
|chat|Team Poke'King|ok lets just do this
|
|start
|switch|p1a: Zapdos|Zapdos|383\/383
|switch|p2a: God|Jirachi|404\/404
|-ability|p1a: Zapdos|Pressure
|turn|1
|chat|bradysnyder0624|i'll host
|
|move|p1a: Zapdos|Heat Wave|p2a: God
|-supereffective|p2a: God
|-damage|p2a: God|256\/404
|move|p2a: God|Stealth Rock|p1a: Zapdos
|-sidestart|p1: looiiyut|move: Stealth Rock
|
|-heal|p2a: God|281\/404|[from] item: Leftovers
|turn|2
|chat|bradysnyder0624|if i can..
|
|switch|p2a: Kong|Infernape, M|294\/294
|move|p1a: Zapdos|Heat Wave|p2a: Kong
|-resisted|p2a: Kong
|-damage|p2a: Kong|253\/294
|
|turn|3
|
|move|p2a: Kong|Flare Blitz|p1a: Zapdos
|-damage|p1a: Zapdos|103\/383
|-damage|p2a: Kong|161\/294|[from] recoil|[of] p1a: Zapdos
|move|p1a: Zapdos|Thunderbolt|p2a: Kong
|-damage|p2a: Kong|43\/294
|
|-heal|p1a: Zapdos|126\/383|[from] item: Leftovers
|turn|4
|
|switch|p1a: Politoed|Politoed, F, shiny|384\/384
|-damage|p1a: Politoed|336\/384|[from] Stealth Rock
|-weather|RainDance
|move|p2a: Kong|Flare Blitz|p1a: Politoed
|-resisted|p1a: Politoed
|-damage|p1a: Politoed|246\/384
|-damage|p2a: Kong|13\/294|[from] recoil|[of] p1a: Politoed
|
|-weather|RainDance|[upkeep]
|turn|5
|
|switch|p2a: Buba|Celebi|399\/399
|move|p1a: Politoed|Scald|p2a: Buba
|-resisted|p2a: Buba
|-damage|p2a: Buba|342\/399
|-status|p2a: Buba|brn
|
|-weather|RainDance|[upkeep]
|-damage|p2a: Buba|293\/399 brn|[from] brn
|turn|6
|chat|bradysnyder0624|oh
|
|switch|p1a: Zapdos|Zapdos|126\/383
|-damage|p1a: Zapdos|31\/383|[from] Stealth Rock
|-ability|p1a: Zapdos|Pressure
|move|p2a: Buba|Leaf Storm|p1a: Zapdos
|-resisted|p1a: Zapdos
|-damage|p1a: Zapdos|0 fnt
|-unboost|p2a: Buba|spa|2
|-damage|p2a: Buba|254\/399 brn|[from] item: Life Orb
|faint|p1a: Zapdos
|
|-weather|RainDance|[upkeep]
|-damage|p2a: Buba|205\/399 brn|[from] brn
|
|switch|p1a: Kabutops|Kabutops, F|262\/262
|-damage|p1a: Kabutops|230\/262|[from] Stealth Rock
|turn|7
|chat|bradysnyder0624|this is just like last one
|
|switch|p2a: God|Jirachi|281\/404
|move|p1a: Kabutops|Knock Off|p2a: God
|-supereffective|p2a: God
|-damage|p2a: God|42\/404
|-enditem|p2a: God|Leftovers|[from] move: Knock Off|[of] p1a: Kabutops
|-damage|p1a: Kabutops|204\/262|[from] item: Life Orb
|
|-weather|RainDance|[upkeep]
|turn|8
|
|move|p1a: Kabutops|Waterfall|p2a: God
|-damage|p2a: God|0 fnt
|-damage|p1a: Kabutops|178\/262|[from] item: Life Orb
|faint|p2a: God
|
|-weather|RainDance|[upkeep]
|
|switch|p2a: Kong|Infernape, M|13\/294
|turn|9
|
|move|p1a: Kabutops|Aqua Jet|p2a: Kong
|-supereffective|p2a: Kong
|-damage|p2a: Kong|0 fnt
|-damage|p1a: Kabutops|152\/262|[from] item: Life Orb
|faint|p2a: Kong
|
|-weather|RainDance|[upkeep]
|
|switch|p2a: NightFury|Gyarados, F|370\/370
|-ability|p2a: NightFury|Intimidate|[of] p1a: Kabutops
|-unboost|p1a: Kabutops|atk|1
|turn|10
|
|switch|p1a: Toxicroak|Toxicroak, F|307\/307
|-damage|p1a: Toxicroak|288\/307|[from] Stealth Rock
|move|p2a: NightFury|Dragon Dance|p2a: NightFury
|-boost|p2a: NightFury|atk|1
|-boost|p2a: NightFury|spe|1
|
|-weather|RainDance|[upkeep]
|-heal|p1a: Toxicroak|307\/307|[from] ability: Dry Skin
|turn|11
|chat|Team Poke'King|m what have you got on it..
|
|move|p1a: Toxicroak|Fake Out|p2a: NightFury
|-damage|p2a: NightFury|300\/370
|-damage|p1a: Toxicroak|277\/307|[from] item: Life Orb
|cant|p2a: NightFury|flinch
|
|-weather|none
|-heal|p2a: NightFury|323\/370|[from] item: Leftovers
|turn|12
|
|move|p1a: Toxicroak|Sucker Punch|p2a: NightFury
|-damage|p2a: NightFury|194\/370
|-damage|p1a: Toxicroak|247\/307|[from] item: Life Orb
|move|p2a: NightFury|Earthquake|p1a: Toxicroak
|-supereffective|p1a: Toxicroak
|-damage|p1a: Toxicroak|0 fnt
|faint|p1a: Toxicroak
|
|-heal|p2a: NightFury|217\/370|[from] item: Leftovers
|
|switch|p1a: Greninja|Greninja, M|286\/286
|-damage|p1a: Greninja|251\/286|[from] Stealth Rock
|turn|13
|
|move|p1a: Greninja|Extrasensory|p2a: NightFury
|-start|p1a: Greninja|typechange|Psychic|[from] Protean
|-damage|p2a: NightFury|68\/370
|-damage|p1a: Greninja|223\/286|[from] item: Life Orb
|move|p2a: NightFury|Earthquake|p1a: Greninja
|-damage|p1a: Greninja|0 fnt
|faint|p1a: Greninja
|
|-heal|p2a: NightFury|91\/370|[from] item: Leftovers
|
|switch|p1a: Politoed|Politoed, F, shiny|246\/384
|-damage|p1a: Politoed|198\/384|[from] Stealth Rock
|-weather|RainDance
|turn|14
|
|move|p2a: NightFury|Earthquake|p1a: Politoed
|-damage|p1a: Politoed|57\/384
|move|p1a: Politoed|Scald|p2a: NightFury
|-resisted|p2a: NightFury
|-damage|p2a: NightFury|34\/370
|-status|p2a: NightFury|brn
|
|-weather|RainDance|[upkeep]
|-heal|p2a: NightFury|57\/370 brn|[from] item: Leftovers
|-damage|p2a: NightFury|11\/370 brn|[from] brn
|turn|15
|
|move|p2a: NightFury|Earthquake|p1a: Politoed
|-damage|p1a: Politoed|0 fnt
|faint|p1a: Politoed
|
|-weather|RainDance|[upkeep]
|-heal|p2a: NightFury|34\/370 brn|[from] item: Leftovers
|-damage|p2a: NightFury|0 fnt|[from] brn
|faint|p2a: NightFury
|chat|Team Poke'King|hehehe
|chat|Team Poke'King|that sweep tho
|chat|Team Poke'King|hes my main
|chat|looiiyut|i thought mega garydos
|chat|bradysnyder0624|ivs after?
|
|switch|p1a: Kabutops|Kabutops, F|152\/262
|-damage|p1a: Kabutops|120\/262|[from] Stealth Rock
|switch|p2a: WhereAmI?|Scizor, M|344\/344
|turn|16
|
|move|p1a: Kabutops|Aqua Jet|p2a: WhereAmI?
|-crit|p2a: WhereAmI?
|-damage|p2a: WhereAmI?|152\/344
|-damage|p1a: Kabutops|94\/262|[from] item: Life Orb
|move|p2a: WhereAmI?|Bullet Punch|p1a: Kabutops
|-damage|p1a: Kabutops|0 fnt
|faint|p1a: Kabutops
|
|-weather|RainDance|[upkeep]
|
|switch|p1a: Mawile|Mawile, F|303\/303
|-damage|p1a: Mawile|285\/303|[from] Stealth Rock
|-ability|p1a: Mawile|Intimidate|[of] p2a: WhereAmI?
|-unboost|p2a: WhereAmI?|atk|1
|turn|17
|chat|Team Poke'King|whats ivs?
|chat|looiiyut|mawile?
|chat|Team Poke'King|whats the diff between mega and no mega gyardos?
|chat|bradysnyder0624|gyarados
|
|switch|p2a: Ready2Die?|Starmie|262\/262
|detailschange|p1a: Mawile|Mawile-Mega, F
|message|Mawile has Mega Evolved into Mega Mawile!
|move|p1a: Mawile|Fire Fang|p2a: Ready2Die?
|-resisted|p2a: Ready2Die?
|-damage|p2a: Ready2Die?|224\/262
|
|-weather|RainDance|[upkeep]
|turn|18
|chat|bradysnyder0624|mawile is cool too
|chat|looiiyut|if i use stone edge with kabutops 
|
|move|p1a: Mawile|Sucker Punch|p2a: Ready2Die?
|-supereffective|p2a: Ready2Die?
|-damage|p2a: Ready2Die?|0 fnt
|faint|p2a: Ready2Die?
|
|-weather|RainDance|[upkeep]
|
|switch|p2a: Buba|Celebi|205\/399
|turn|19
|chat|looiiyut|it's ok on gyaridos
|chat|looiiyut|but no on mega gyarados
|
|move|p1a: Mawile|Sucker Punch|p2a: Buba
|-fail|p2a: Buba
|move|p2a: Buba|Thunder Wave|p1a: Mawile
|-status|p1a: Mawile|par
|
|-weather|RainDance|[upkeep]
|turn|20
|chat|bradysnyder0624|failed?
|
|move|p1a: Mawile|Sucker Punch|p2a: Buba
|-fail|p2a: Buba
|move|p2a: Buba|Rest|p2a: Buba
|-status|p2a: Buba|slp
|-heal|p2a: Buba|399\/399 slp|[silent]
|-status|p2a: Buba|slp|[from] move: Rest
|
|-weather|RainDance|[upkeep]
|turn|21
|
|switch|p2a: WhereAmI?|Scizor, M|152\/344
|move|p1a: Mawile|Play Rough|p2a: WhereAmI?|[miss]
|-miss|p1a: Mawile|p2a: WhereAmI?
|
|-weather|none
|turn|22
|
|move|p2a: WhereAmI?|Bullet Punch|p1a: Mawile
|-damage|p1a: Mawile|132\/303 par
|move|p1a: Mawile|Fire Fang|p2a: WhereAmI?
|-supereffective|p2a: WhereAmI?
|-damage|p2a: WhereAmI?|0 fnt
|faint|p2a: WhereAmI?
|
|chat|bradysnyder0624|avoid tooo?
|
|switch|p2a: Buba|Celebi|399\/399
|turn|23
|chat|Team Poke'King|...
|chat|Team Poke'King|will i survive
|chat|bradysnyder0624|buba vs mega mawvile
|chat|Team Poke'King|hes scared shitless
|
|move|p2a: Buba|Leaf Storm|p1a: Mawile
|-resisted|p1a: Mawile
|-damage|p1a: Mawile|0 fnt
|-unboost|p2a: Buba|spa|2
|-damage|p2a: Buba|360\/399|[from] item: Life Orb
|faint|p1a: Mawile
|
|win|Team Poke'King
|chat|bradysnyder0624|very close
|chat|looiiyut|not mega evo?
|chat|looiiyut|gg
|chat|Team Poke'King|gg
|chat|bradysnyder0624|wow!
|chat|Team Poke'King|why no sucker punch?
|chat|bradysnyder0624|FTW
|chat|looiiyut|lol
|chat|bradysnyder0624|awesome match
|chat|looiiyut|i thought another move
|chat|bradysnyder0624|share
|chat|looiiyut|it's ok
|chat|looiiyut|i lost two final today
|chat|looiiyut|i'm so sad :)
|chat|looiiyut|lol
|chat|Team Poke'King|ist alrightman it was so fun