|join|looiiyut
|join|TTM BlueZ
|player|p1|looiiyut|210
|player|p2|TTM BlueZ|293
|gametype|singles
|gen|6
|tier|OU
|clearpoke
|poke|p1|Politoed, F, shiny
|poke|p1|Kabutops, F
|poke|p1|Toxicroak, F
|poke|p1|Greninja, M
|poke|p1|Zapdos
|poke|p1|Mawile, M
|poke|p2|Hippowdon, M
|poke|p2|Tentacruel, F
|poke|p2|Sylveon, M, shiny
|poke|p2|Charizard, F, shiny
|poke|p2|Keldeo
|poke|p2|Breloom, F
|rule|Swagger Clause: Swagger is banned
|rule|Baton Pass Clause: Limit one PokÃ©mon knowing Baton Pass
|rule|Sleep Clause Mod: Limit one foe put to sleep
|rule|Species Clause: Limit one of each PokÃ©mon
|rule|OHKO Clause: OHKO moves are banned
|rule|Moody Clause: Moody is banned
|rule|Evasion Moves Clause: Evasion moves are banned
|rule|Endless Battle Clause: Forcing endless battles is banned
|rule|HP Percentage Mod: HP is reported as percentages
|teampreview
|chat|looiiyut|gl hf
|chat|TTM BlueZ|u2!
|
|start
|switch|p1a: Toxicroak|Toxicroak, F|307\/307
|switch|p2a: Breloom|Breloom, F|262\/262
|turn|1
|
|move|p1a: Toxicroak|Fake Out|p2a: Breloom
|-damage|p2a: Breloom|192\/262
|-damage|p1a: Toxicroak|277\/307|[from] item: Life Orb
|cant|p2a: Breloom|flinch
|
|turn|2
|
|move|p1a: Toxicroak|Poison Jab|p2a: Breloom
|-supereffective|p2a: Breloom
|-damage|p2a: Breloom|0 fnt
|-damage|p1a: Toxicroak|247\/307|[from] item: Life Orb
|faint|p2a: Breloom
|
|
|switch|p2a: Hippowdon|Hippowdon, M|420\/420
|-weather|Sandstorm
|turn|3
|
|switch|p1a: Politoed|Politoed, F, shiny|384\/384
|-weather|RainDance
|move|p2a: Hippowdon|Stealth Rock|p1a: Politoed
|-sidestart|p1: looiiyut|move: Stealth Rock
|
|-weather|RainDance|[upkeep]
|turn|4
|
|switch|p1a: Kabutops|Kabutops, F|262\/262
|-damage|p1a: Kabutops|230\/262|[from] Stealth Rock
|switch|p2a: Sylveon|Sylveon, M, shiny|390\/390
|
|-weather|RainDance|[upkeep]
|turn|5
|
|switch|p2a: Hippowdon|Hippowdon, M|420\/420
|-weather|Sandstorm
|move|p1a: Kabutops|Waterfall|p2a: Hippowdon
|-supereffective|p2a: Hippowdon
|-damage|p2a: Hippowdon|178\/420
|-damage|p1a: Kabutops|204\/262|[from] item: Life Orb
|
|-weather|Sandstorm|[upkeep]
|-heal|p2a: Hippowdon|204\/420|[from] item: Leftovers
|turn|6
|
|switch|p2a: Tentacruel|Tentacruel, F|364\/364
|move|p1a: Kabutops|Waterfall|p2a: Tentacruel
|-resisted|p2a: Tentacruel
|-damage|p2a: Tentacruel|282\/364
|-damage|p1a: Kabutops|178\/262|[from] item: Life Orb
|
|-weather|Sandstorm|[upkeep]
|-damage|p2a: Tentacruel|260\/364|[from] sandstorm
|-heal|p2a: Tentacruel|282\/364|[from] item: Black Sludge
|turn|7
|
|switch|p1a: Toxicroak|Toxicroak, F|247\/307
|-damage|p1a: Toxicroak|228\/307|[from] Stealth Rock
|move|p2a: Tentacruel|Scald|p1a: Toxicroak
|-heal|p1a: Toxicroak|304\/307|[from] ability: Dry Skin|[of] p2a: Tentacruel
|
|-weather|Sandstorm|[upkeep]
|-damage|p1a: Toxicroak|285\/307|[from] sandstorm
|-damage|p2a: Tentacruel|260\/364|[from] sandstorm
|-heal|p2a: Tentacruel|282\/364|[from] item: Black Sludge
|turn|8
|
|switch|p2a: Hippowdon|Hippowdon, M|204\/420
|move|p1a: Toxicroak|Fake Out|p2a: Hippowdon
|-damage|p2a: Hippowdon|168\/420
|-damage|p1a: Toxicroak|255\/307|[from] item: Life Orb
|
|-weather|Sandstorm|[upkeep]
|-damage|p1a: Toxicroak|236\/307|[from] sandstorm
|-heal|p2a: Hippowdon|194\/420|[from] item: Leftovers
|turn|9
|
|switch|p1a: Politoed|Politoed, F, shiny|384\/384
|-damage|p1a: Politoed|336\/384|[from] Stealth Rock
|-weather|RainDance
|move|p2a: Hippowdon|Slack Off|p2a: Hippowdon
|-heal|p2a: Hippowdon|404\/420
|
|-weather|RainDance|[upkeep]
|-heal|p2a: Hippowdon|420\/420|[from] item: Leftovers
|turn|10
|
|switch|p2a: Sylveon|Sylveon, M, shiny|390\/390
|move|p1a: Politoed|Scald|p2a: Sylveon
|-damage|p2a: Sylveon|306\/390
|
|-weather|RainDance|[upkeep]
|-heal|p2a: Sylveon|330\/390|[from] item: Leftovers
|turn|11
|
|move|p1a: Politoed|Toxic|p2a: Sylveon
|-status|p2a: Sylveon|tox
|move|p2a: Sylveon|Hyper Voice|p1a: Politoed
|-damage|p1a: Politoed|164\/384
|
|-weather|RainDance|[upkeep]
|-heal|p2a: Sylveon|354\/390 tox|[from] item: Leftovers
|-damage|p2a: Sylveon|330\/390 tox|[from] psn
|turn|12
|
|switch|p1a: Mawile|Mawile, M|303\/303
|-damage|p1a: Mawile|285\/303|[from] Stealth Rock
|-ability|p1a: Mawile|Intimidate|[of] p2a: Sylveon
|-unboost|p2a: Sylveon|atk|1
|move|p2a: Sylveon|Hyper Voice|p1a: Mawile
|-resisted|p1a: Mawile
|-damage|p1a: Mawile|142\/303
|
|-weather|RainDance|[upkeep]
|-heal|p2a: Sylveon|354\/390 tox|[from] item: Leftovers
|-damage|p2a: Sylveon|306\/390 tox|[from] psn
|turn|13
|
|switch|p2a: Hippowdon|Hippowdon, M|420\/420
|-weather|Sandstorm
|detailschange|p1a: Mawile|Mawile-Mega, M
|message|Mawile has Mega Evolved into Mega Mawile!
|move|p1a: Mawile|Play Rough|p2a: Hippowdon|[miss]
|-miss|p1a: Mawile|p2a: Hippowdon
|
|-weather|Sandstorm|[upkeep]
|turn|14
|
|move|p1a: Mawile|Play Rough|p2a: Hippowdon
|-damage|p2a: Hippowdon|227\/420
|move|p2a: Hippowdon|Earthquake|p1a: Mawile
|-supereffective|p1a: Mawile
|-damage|p1a: Mawile|0 fnt
|faint|p1a: Mawile
|
|-weather|Sandstorm|[upkeep]
|-heal|p2a: Hippowdon|253\/420|[from] item: Leftovers
|
|switch|p1a: Greninja|Greninja, M|286\/286
|-damage|p1a: Greninja|251\/286|[from] Stealth Rock
|turn|15
|
|switch|p2a: Sylveon|Sylveon, M, shiny|306\/390 tox
|move|p1a: Greninja|Surf|p2a: Sylveon
|-start|p1a: Greninja|typechange|Water|[from] Protean
|-damage|p2a: Sylveon|189\/390 tox
|-damage|p1a: Greninja|223\/286|[from] item: Life Orb
|
|-weather|Sandstorm|[upkeep]
|-damage|p1a: Greninja|206\/286|[from] sandstorm
|-damage|p2a: Sylveon|165\/390 tox|[from] sandstorm
|-heal|p2a: Sylveon|189\/390 tox|[from] item: Leftovers
|-damage|p2a: Sylveon|165\/390 tox|[from] psn
|turn|16
|
|move|p1a: Greninja|Surf|p2a: Sylveon
|-damage|p2a: Sylveon|52\/390 tox
|-damage|p1a: Greninja|178\/286|[from] item: Life Orb
|move|p2a: Sylveon|Wish|p2a: Sylveon
|
|-weather|Sandstorm|[upkeep]
|-damage|p1a: Greninja|161\/286|[from] sandstorm
|-damage|p2a: Sylveon|28\/390 tox|[from] sandstorm
|-heal|p2a: Sylveon|52\/390 tox|[from] item: Leftovers
|-damage|p2a: Sylveon|4\/390 tox|[from] psn
|turn|17
|
|switch|p1a: Politoed|Politoed, F, shiny|164\/384
|-damage|p1a: Politoed|116\/384|[from] Stealth Rock
|-weather|RainDance
|move|p2a: Sylveon|Protect|p2a: Sylveon
|-fail|p2a: Sylveon
|
|-weather|RainDance|[upkeep]
|-heal|p2a: Sylveon|199\/390 tox|[from] move: Wish|[wisher] Sylveon
|-heal|p2a: Sylveon|223\/390 tox|[from] item: Leftovers
|-damage|p2a: Sylveon|151\/390 tox|[from] psn
|turn|18
|
|move|p1a: Politoed|Scald|p2a: Sylveon
|-damage|p2a: Sylveon|63\/390 tox
|move|p2a: Sylveon|Heal Bell|p2a: Sylveon
|-cureteam|p2a: Sylveon|[from] move: HealBell
|
|-weather|RainDance|[upkeep]
|-heal|p2a: Sylveon|87\/390|[from] item: Leftovers
|turn|19
|
|move|p2a: Sylveon|Protect|p2a: Sylveon
|-singleturn|p2a: Sylveon|Protect
|move|p1a: Politoed|Scald|p2a: Sylveon
|-activate|p2a: Sylveon|Protect
|
|-weather|RainDance|[upkeep]
|-heal|p2a: Sylveon|111\/390|[from] item: Leftovers
|turn|20
|
|switch|p1a: Toxicroak|Toxicroak, F|236\/307
|-damage|p1a: Toxicroak|217\/307|[from] Stealth Rock
|move|p2a: Sylveon|Wish|p2a: Sylveon
|
|-weather|RainDance|[upkeep]
|-heal|p1a: Toxicroak|255\/307|[from] ability: Dry Skin
|-heal|p2a: Sylveon|135\/390|[from] item: Leftovers
|turn|21
|
|move|p2a: Sylveon|Protect|p2a: Sylveon
|-singleturn|p2a: Sylveon|Protect
|move|p1a: Toxicroak|Poison Jab|p2a: Sylveon
|-activate|p2a: Sylveon|Protect
|
|-weather|RainDance|[upkeep]
|-heal|p1a: Toxicroak|293\/307|[from] ability: Dry Skin
|-heal|p2a: Sylveon|330\/390|[from] move: Wish|[wisher] Sylveon
|-heal|p2a: Sylveon|354\/390|[from] item: Leftovers
|turn|22
|
|switch|p2a: Tentacruel|Tentacruel, F|282\/364
|move|p1a: Toxicroak|Drain Punch|p2a: Tentacruel
|-resisted|p2a: Tentacruel
|-damage|p2a: Tentacruel|207\/364
|-damage|p1a: Toxicroak|255\/307|[from] ability: Liquid Ooze|[of] p2a: Tentacruel
|-damage|p1a: Toxicroak|225\/307|[from] item: Life Orb
|
|-weather|RainDance|[upkeep]
|-heal|p1a: Toxicroak|263\/307|[from] ability: Dry Skin
|-heal|p2a: Tentacruel|229\/364|[from] item: Black Sludge
|turn|23
|
|move|p1a: Toxicroak|Sucker Punch|p2a: Tentacruel
|-damage|p2a: Tentacruel|126\/364
|-damage|p1a: Toxicroak|233\/307|[from] item: Life Orb
|move|p2a: Tentacruel|Sludge Bomb|p1a: Toxicroak
|-resisted|p1a: Toxicroak
|-damage|p1a: Toxicroak|176\/307
|
|-weather|RainDance|[upkeep]
|-heal|p1a: Toxicroak|214\/307|[from] ability: Dry Skin
|-heal|p2a: Tentacruel|148\/364|[from] item: Black Sludge
|turn|24
|
|switch|p2a: Hippowdon|Hippowdon, M|253\/420
|-weather|Sandstorm
|move|p1a: Toxicroak|Drain Punch|p2a: Hippowdon
|-damage|p2a: Hippowdon|148\/420
|-heal|p1a: Toxicroak|267\/307|[from] drain|[of] p2a: Hippowdon
|-damage|p1a: Toxicroak|237\/307|[from] item: Life Orb
|
|-weather|Sandstorm|[upkeep]
|-damage|p1a: Toxicroak|218\/307|[from] sandstorm
|-heal|p2a: Hippowdon|174\/420|[from] item: Leftovers
|turn|25
|
|move|p1a: Toxicroak|Drain Punch|p2a: Hippowdon
|-damage|p2a: Hippowdon|73\/420
|-heal|p1a: Toxicroak|269\/307|[from] drain|[of] p2a: Hippowdon
|-damage|p1a: Toxicroak|239\/307|[from] item: Life Orb
|move|p2a: Hippowdon|Slack Off|p2a: Hippowdon
|-heal|p2a: Hippowdon|283\/420
|
|-weather|Sandstorm|[upkeep]
|-damage|p1a: Toxicroak|220\/307|[from] sandstorm
|-heal|p2a: Hippowdon|309\/420|[from] item: Leftovers
|turn|26
|join|Nyokolol
|
|switch|p1a: Politoed|Politoed, F, shiny|116\/384
|-damage|p1a: Politoed|68\/384|[from] Stealth Rock
|-weather|RainDance
|move|p2a: Hippowdon|Earthquake|p1a: Politoed
|-damage|p1a: Politoed|0 fnt
|faint|p1a: Politoed
|
|-weather|RainDance|[upkeep]
|-heal|p2a: Hippowdon|335\/420|[from] item: Leftovers
|
|switch|p1a: Kabutops|Kabutops, F|178\/262
|-damage|p1a: Kabutops|146\/262|[from] Stealth Rock
|turn|27
|chat|TTM BlueZ|I really like your team's synergy
|leave|Nyokolol
|chat|looiiyut|your team is strong man
|chat|TTM BlueZ|haha thanks
|
|switch|p2a: Keldeo|Keldeo|324\/324
|move|p1a: Kabutops|Waterfall|p2a: Keldeo
|-resisted|p2a: Keldeo
|-damage|p2a: Keldeo|181\/324
|-damage|p1a: Kabutops|120\/262|[from] item: Life Orb
|
|-weather|RainDance|[upkeep]
|-heal|p2a: Keldeo|201\/324|[from] item: Leftovers
|turn|28
|chat|looiiyut|hippo + sylveon are my main counter
|
|switch|p1a: Toxicroak|Toxicroak, F|220\/307
|-damage|p1a: Toxicroak|201\/307|[from] Stealth Rock
|move|p2a: Keldeo|Secret Sword|p1a: Toxicroak
|-crit|p1a: Toxicroak
|-resisted|p1a: Toxicroak
|-damage|p1a: Toxicroak|53\/307
|
|-weather|RainDance|[upkeep]
|-heal|p1a: Toxicroak|91\/307|[from] ability: Dry Skin
|-heal|p2a: Keldeo|221\/324|[from] item: Leftovers
|turn|29
|chat|TTM BlueZ|haha whelp...that would explain it
|
|move|p1a: Toxicroak|Fake Out|p2a: Keldeo
|-damage|p2a: Keldeo|161\/324
|-damage|p1a: Toxicroak|61\/307|[from] item: Life Orb
|cant|p2a: Keldeo|flinch
|
|-weather|RainDance|[upkeep]
|-heal|p1a: Toxicroak|99\/307|[from] ability: Dry Skin
|-heal|p2a: Keldeo|181\/324|[from] item: Leftovers
|turn|30
|
|switch|p1a: Zapdos|Zapdos|383\/383
|-damage|p1a: Zapdos|288\/383|[from] Stealth Rock
|-ability|p1a: Zapdos|Pressure
|move|p2a: Keldeo|Secret Sword|p1a: Zapdos
|-resisted|p1a: Zapdos
|-damage|p1a: Zapdos|214\/383
|
|-weather|RainDance|[upkeep]
|-heal|p2a: Keldeo|201\/324|[from] item: Leftovers
|-heal|p1a: Zapdos|237\/383|[from] item: Leftovers
|turn|31
|
|switch|p2a: Hippowdon|Hippowdon, M|335\/420
|-weather|Sandstorm
|move|p1a: Zapdos|Thunderbolt|p2a: Hippowdon
|-immune|p2a: Hippowdon|[msg]
|
|-weather|Sandstorm|[upkeep]
|-damage|p1a: Zapdos|214\/383|[from] sandstorm
|-heal|p1a: Zapdos|237\/383|[from] item: Leftovers
|-heal|p2a: Hippowdon|361\/420|[from] item: Leftovers
|turn|32
|
|switch|p1a: Toxicroak|Toxicroak, F|99\/307
|-damage|p1a: Toxicroak|80\/307|[from] Stealth Rock
|move|p2a: Hippowdon|Earthquake|p1a: Toxicroak
|-supereffective|p1a: Toxicroak
|-damage|p1a: Toxicroak|0 fnt
|faint|p1a: Toxicroak
|
|-weather|Sandstorm|[upkeep]
|-heal|p2a: Hippowdon|387\/420|[from] item: Leftovers
|
|switch|p1a: Greninja|Greninja, M|161\/286
|-damage|p1a: Greninja|126\/286|[from] Stealth Rock
|turn|33
|
|switch|p1a: Kabutops|Kabutops, F|120\/262
|-damage|p1a: Kabutops|88\/262|[from] Stealth Rock
|switch|p2a: Sylveon|Sylveon, M, shiny|354\/390
|
|-weather|Sandstorm|[upkeep]
|-damage|p2a: Sylveon|330\/390|[from] sandstorm
|-heal|p2a: Sylveon|354\/390|[from] item: Leftovers
|turn|34
|
|move|p2a: Sylveon|Protect|p2a: Sylveon
|-singleturn|p2a: Sylveon|Protect
|move|p1a: Kabutops|Waterfall|p2a: Sylveon
|-activate|p2a: Sylveon|Protect
|
|-weather|Sandstorm|[upkeep]
|-damage|p2a: Sylveon|330\/390|[from] sandstorm
|-heal|p2a: Sylveon|354\/390|[from] item: Leftovers
|turn|35
|
|switch|p2a: Keldeo|Keldeo|201\/324
|move|p1a: Kabutops|Stone Edge|p2a: Keldeo
|-resisted|p2a: Keldeo
|-damage|p2a: Keldeo|68\/324
|-damage|p1a: Kabutops|62\/262|[from] item: Life Orb
|
|-weather|none
|-heal|p2a: Keldeo|88\/324|[from] item: Leftovers
|turn|36
|
|move|p1a: Kabutops|Aqua Jet|p2a: Keldeo
|-resisted|p2a: Keldeo
|-damage|p2a: Keldeo|33\/324
|-damage|p1a: Kabutops|36\/262|[from] item: Life Orb
|move|p2a: Keldeo|Secret Sword|p1a: Kabutops
|-supereffective|p1a: Kabutops
|-damage|p1a: Kabutops|0 fnt
|faint|p1a: Kabutops
|
|-heal|p2a: Keldeo|53\/324|[from] item: Leftovers
|
|switch|p1a: Zapdos|Zapdos|237\/383
|-damage|p1a: Zapdos|142\/383|[from] Stealth Rock
|-ability|p1a: Zapdos|Pressure
|turn|37
|
|switch|p1a: Greninja|Greninja, M|126\/286
|-damage|p1a: Greninja|91\/286|[from] Stealth Rock
|move|p2a: Keldeo|Icy Wind|p1a: Greninja
|-resisted|p1a: Greninja
|-damage|p1a: Greninja|46\/286
|-unboost|p1a: Greninja|spe|1
|
|-heal|p2a: Keldeo|73\/324|[from] item: Leftovers
|turn|38
|
|move|p2a: Keldeo|Secret Sword|p1a: Greninja
|-supereffective|p1a: Greninja
|-damage|p1a: Greninja|0 fnt
|faint|p1a: Greninja
|
|-heal|p2a: Keldeo|93\/324|[from] item: Leftovers
|chat|looiiyut|gg 
|chat|TTM BlueZ|yeah, gg
|chat|TTM BlueZ|you really had me going there in the beginning
|chat|looiiyut|it's my first tournament lol
|
|switch|p1a: Zapdos|Zapdos|142\/383
|-damage|p1a: Zapdos|47\/383|[from] Stealth Rock
|-ability|p1a: Zapdos|Pressure
|turn|39
|chat|TTM BlueZ|you're pretty good for your first time in a tournament!
|
|move|p2a: Keldeo|Icy Wind|p1a: Zapdos
|-supereffective|p1a: Zapdos
|-damage|p1a: Zapdos|0 fnt
|faint|p1a: Zapdos
|
|win|TTM BlueZ
|chat|looiiyut|thanks
|chat|looiiyut|good luck 
|chat|TTM BlueZ|thanks!
|chat|looiiyut|for next match