|join|looiiyut
|join|illestt
|player|p1|looiiyut|210
|player|p2|illestt|148
|gametype|singles
|gen|6
|tier|OU
|rated
|clearpoke
|poke|p1|Heracross, F
|poke|p1|Sylveon, M
|poke|p1|Heatran, F
|poke|p1|Mew
|poke|p1|Azumarill, F
|poke|p1|Reuniclus, M
|poke|p2|Mamoswine, F
|poke|p2|Landorus-Therian, M
|poke|p2|Magnezone, shiny
|poke|p2|Pinsir, M, shiny
|poke|p2|Latios, M
|poke|p2|Azumarill, F
|rule|Swagger Clause: Swagger is banned
|rule|Baton Pass Clause: Limit one PokÃ©mon knowing Baton Pass
|rule|Sleep Clause Mod: Limit one foe put to sleep
|rule|Species Clause: Limit one of each PokÃ©mon
|rule|OHKO Clause: OHKO moves are banned
|rule|Moody Clause: Moody is banned
|rule|Evasion Moves Clause: Evasion moves are banned
|rule|Endless Battle Clause: Forcing endless battles is banned
|rule|HP Percentage Mod: HP is shown in percentages
|teampreview
|c|âlooiiyut|gl hf
|
|start
|switch|p1a: Heracross|Heracross, F|309\/309
|switch|p2a: Digimon|Pinsir, M, shiny|271\/271
|turn|1
|
|switch|p1a: Reuniclus|Reuniclus, M|424\/424
|detailschange|p2a: Digimon|Pinsir-Mega, M, shiny
|message|Pinsir has Mega Evolved into Mega Pinsir!
|move|p2a: Digimon|Return|p1a: Reuniclus
|-damage|p1a: Reuniclus|204\/424
|
|-heal|p1a: Reuniclus|230\/424|[from] item: Leftovers
|turn|2
|
|switch|p2a: SadTech|Magnezone, shiny|282\/282
|move|p1a: Reuniclus|Psychic|p2a: SadTech
|-resisted|p2a: SadTech
|-damage|p2a: SadTech|216\/282
|
|-heal|p1a: Reuniclus|256\/424|[from] item: Leftovers
|turn|3
|
|move|p2a: SadTech|Volt Switch|p1a: Reuniclus
|-damage|p1a: Reuniclus|55\/424
|
|switch|p2a: Water Bomb|Azumarill, F|404\/404
|move|p1a: Reuniclus|Focus Blast|p2a: Water Bomb
|-resisted|p2a: Water Bomb
|-damage|p2a: Water Bomb|356\/404
|
|-heal|p1a: Reuniclus|81\/424|[from] item: Leftovers
|turn|4
|
|switch|p1a: Mew|Mew|403\/403
|move|p2a: Water Bomb|Aqua Jet|p1a: Mew
|-damage|p1a: Mew|331\/403
|
|-heal|p1a: Mew|356\/403|[from] item: Leftovers
|turn|5
|
|switch|p2a: SadTech|Magnezone, shiny|216\/282
|move|p1a: Mew|Will-O-Wisp|p2a: SadTech
|-status|p2a: SadTech|brn
|
|-heal|p1a: Mew|381\/403|[from] item: Leftovers
|-damage|p2a: SadTech|181\/282 brn|[from] brn
|turn|6
|
|move|p1a: Mew|Soft-Boiled|p1a: Mew
|-heal|p1a: Mew|403\/403
|move|p2a: SadTech|Thunderbolt|p1a: Mew
|-damage|p1a: Mew|151\/403
|
|-heal|p1a: Mew|176\/403|[from] item: Leftovers
|-damage|p2a: SadTech|146\/282 brn|[from] brn
|turn|7
|
|move|p1a: Mew|Soft-Boiled|p1a: Mew
|-heal|p1a: Mew|378\/403
|move|p2a: SadTech|Thunderbolt|p1a: Mew
|-damage|p1a: Mew|128\/403
|
|-heal|p1a: Mew|153\/403|[from] item: Leftovers
|-damage|p2a: SadTech|111\/282 brn|[from] brn
|turn|8
|
|switch|p1a: Sylveon|Sylveon, M|393\/393
|move|p2a: SadTech|Thunderbolt|p1a: Sylveon
|-crit|p1a: Sylveon
|-damage|p1a: Sylveon|119\/393
|-status|p1a: Sylveon|par
|
|-heal|p1a: Sylveon|143\/393 par|[from] item: Leftovers
|-damage|p2a: SadTech|76\/282 brn|[from] brn
|turn|9
|
|cant|p1a: Sylveon|par
|move|p2a: SadTech|Thunderbolt|p1a: Sylveon
|-damage|p1a: Sylveon|0 fnt
|faint|p1a: Sylveon
|
|-damage|p2a: SadTech|41\/282 brn|[from] brn
|
|switch|p1a: Azumarill|Azumarill, F|404\/404
|turn|10
|
|move|p1a: Azumarill|Aqua Jet|p2a: SadTech
|-damage|p2a: SadTech|0 fnt
|faint|p2a: SadTech
|
|
|switch|p2a: Water Bomb|Azumarill, F|356\/404
|turn|11
|
|switch|p1a: Reuniclus|Reuniclus, M|81\/424
|move|p2a: Water Bomb|Play Rough|p1a: Reuniclus
|-damage|p1a: Reuniclus|0 fnt
|faint|p1a: Reuniclus
|
|
|switch|p1a: Mew|Mew|153\/403
|turn|12
|
|move|p1a: Mew|Soft-Boiled|p1a: Mew
|-heal|p1a: Mew|355\/403
|move|p2a: Water Bomb|Knock Off|p1a: Mew
|-supereffective|p1a: Mew
|-damage|p1a: Mew|141\/403
|-enditem|p1a: Mew|Leftovers|[from] move: Knock Off|[of] p2a: Water Bomb
|
|turn|13
|
|switch|p2a: Sephiroth|Latios, M|301\/301
|move|p1a: Mew|Will-O-Wisp|p2a: Sephiroth
|-status|p2a: Sephiroth|brn
|
|-damage|p2a: Sephiroth|264\/301 brn|[from] brn
|turn|14
|
|switch|p1a: Azumarill|Azumarill, F|404\/404
|move|p2a: Sephiroth|Psyshock|p1a: Azumarill
|-damage|p1a: Azumarill|165\/404
|-damage|p2a: Sephiroth|234\/301 brn|[from] item: Life Orb
|
|-damage|p2a: Sephiroth|197\/301 brn|[from] brn
|turn|15
|
|switch|p1a: Heatran|Heatran, F|386\/386
|move|p2a: Sephiroth|Psyshock|p1a: Heatran
|-resisted|p1a: Heatran
|-damage|p1a: Heatran|302\/386
|-damage|p2a: Sephiroth|167\/301 brn|[from] item: Life Orb
|
|-heal|p1a: Heatran|326\/386|[from] item: Leftovers
|-damage|p2a: Sephiroth|130\/301 brn|[from] brn
|turn|16
|
|move|p2a: Sephiroth|Surf|p1a: Heatran
|-supereffective|p1a: Heatran
|-damage|p1a: Heatran|121\/386
|-damage|p2a: Sephiroth|100\/301 brn|[from] item: Life Orb
|move|p1a: Heatran|Stealth Rock|p2a: Sephiroth
|-sidestart|p2: illestt|move: Stealth Rock
|
|-heal|p1a: Heatran|145\/386|[from] item: Leftovers
|-damage|p2a: Sephiroth|63\/301 brn|[from] brn
|turn|17
|
|switch|p1a: Azumarill|Azumarill, F|165\/404
|move|p2a: Sephiroth|Defog|p1a: Azumarill
|-unboost|p1a: Azumarill|evasion|1
|-sideend|p2: illestt|Stealth Rock|[from] move: Defog|[of] p2a: Sephiroth
|
|-damage|p2a: Sephiroth|26\/301 brn|[from] brn
|turn|18
|
|move|p1a: Azumarill|Aqua Jet|p2a: Sephiroth
|-resisted|p2a: Sephiroth
|-damage|p2a: Sephiroth|0 fnt
|faint|p2a: Sephiroth
|
|
|switch|p2a: Digimon|Pinsir-Mega, M, shiny|271\/271
|turn|19
|
|move|p2a: Digimon|Return|p1a: Azumarill
|-damage|p1a: Azumarill|0 fnt
|faint|p1a: Azumarill
|
|c|âlooiiyut|gg
|-message|looiiyut forfeited.
|
|win|illestt
|raw|Ladder updating...
|c|âillestt|gg
|leave|looiiyut
|player|p1
|raw|looiiyut's rating: 1588 &rarr; <strong>1568<\/strong><br \/>(-20 for losing)
|raw|illestt's rating: 1585 &rarr; <strong>1605<\/strong><br \/>(+20 for winning)