|join|SDNanar
|join|looiiyut
|player|p1|SDNanar|167
|player|p2|looiiyut|210
|gametype|singles
|gen|6
|tier|OU
|rated
|clearpoke
|poke|p1|Skarmory, F, shiny
|poke|p1|Chansey, F
|poke|p1|Quagsire, F
|poke|p1|Cresselia, F
|poke|p1|Heatran, M, shiny
|poke|p1|Sableye, M, shiny
|poke|p2|Jirachi
|poke|p2|Azumarill, M
|poke|p2|Poliwrath, M
|poke|p2|Heracross, F
|poke|p2|Raikou
|poke|p2|Flygon, M
|rule|Swagger Clause: Swagger is banned
|rule|Baton Pass Clause: Limit one PokÃ©mon knowing Baton Pass
|rule|Sleep Clause Mod: Limit one foe put to sleep
|rule|Species Clause: Limit one of each PokÃ©mon
|rule|OHKO Clause: OHKO moves are banned
|rule|Moody Clause: Moody is banned
|rule|Evasion Moves Clause: Evasion moves are banned
|rule|Endless Battle Clause: Forcing endless battles is banned
|rule|HP Percentage Mod: HP is shown in percentages
|teampreview
|
|start
|switch|p1a: Sableye|Sableye, M, shiny|304\/304
|switch|p2a: Heracross|Heracross, F|309\/309
|turn|1
|
|detailschange|p1a: Sableye|Sableye-Mega, M, shiny
|-mega|p1a: Sableye|Sableye|Sablenite
|move|p1a: Sableye|Will-O-Wisp|p2a: Heracross
|-status|p2a: Heracross|brn
|move|p2a: Heracross|Pin Missile|p1a: Sableye
|-damage|p1a: Sableye|261\/304
|-damage|p1a: Sableye|219\/304
|-damage|p1a: Sableye|177\/304
|-damage|p1a: Sableye|134\/304
|-damage|p1a: Sableye|94\/304
|-hitcount|p1a: Sableye|5
|
|-damage|p2a: Heracross|271\/309 brn|[from] brn
|turn|2
|
|switch|p1a: Skarmory|Skarmory, F, shiny|334\/334
|move|p2a: Heracross|Pin Missile|p1a: Skarmory
|-resisted|p1a: Skarmory
|-damage|p1a: Skarmory|325\/334
|-resisted|p1a: Skarmory
|-damage|p1a: Skarmory|316\/334
|-resisted|p1a: Skarmory
|-damage|p1a: Skarmory|307\/334
|-hitcount|p1a: Skarmory|3
|
|-damage|p2a: Heracross|233\/309 brn|[from] brn
|turn|3
|
|switch|p2a: Raikou|Raikou|321\/321
|-ability|p2a: Raikou|Pressure
|move|p1a: Skarmory|Spikes|p2a: Raikou
|-sidestart|p2: looiiyut|Spikes
|
|turn|4
|
|switch|p2a: Heracross|Heracross, F|233\/309 brn
|-damage|p2a: Heracross|195\/309 brn|[from] Spikes
|switch|p1a: Quagsire|Quagsire, F|394\/394
|
|-damage|p2a: Heracross|157\/309 brn|[from] brn
|turn|5
|
|switch|p1a: Skarmory|Skarmory, F, shiny|307\/334
|move|p2a: Heracross|Close Combat|p1a: Skarmory
|-damage|p1a: Skarmory|142\/334
|-unboost|p2a: Heracross|def|1
|-unboost|p2a: Heracross|spd|1
|
|-damage|p2a: Heracross|119\/309 brn|[from] brn
|turn|6
|
|switch|p1a: Sableye|Sableye-Mega, M, shiny|94\/304
|move|p2a: Heracross|Bullet Seed|p1a: Sableye
|-damage|p1a: Sableye|65\/304
|-damage|p1a: Sableye|38\/304
|-damage|p1a: Sableye|12\/304
|-damage|p1a: Sableye|0 fnt
|-hitcount|p1a: Sableye|4
|faint|p1a: Sableye
|
|-damage|p2a: Heracross|81\/309 brn|[from] brn
|
|switch|p1a: Cresselia|Cresselia, F|444\/444
|turn|7
|
|switch|p1a: Skarmory|Skarmory, F, shiny|142\/334
|move|p2a: Heracross|Pin Missile|p1a: Skarmory
|-resisted|p1a: Skarmory
|-damage|p1a: Skarmory|133\/334
|-resisted|p1a: Skarmory
|-damage|p1a: Skarmory|124\/334
|-hitcount|p1a: Skarmory|2
|
|-damage|p2a: Heracross|43\/309 brn|[from] brn
|turn|8
|
|switch|p1a: Cresselia|Cresselia, F|444\/444
|move|p2a: Heracross|Close Combat|p1a: Cresselia
|-resisted|p1a: Cresselia
|-damage|p1a: Cresselia|351\/444
|-unboost|p2a: Heracross|def|1
|-unboost|p2a: Heracross|spd|1
|
|-heal|p1a: Cresselia|378\/444|[from] item: Leftovers
|-damage|p2a: Heracross|5\/309 brn|[from] brn
|turn|9
|
|move|p2a: Heracross|Bullet Seed|p1a: Cresselia
|-damage|p1a: Cresselia|347\/444
|-crit|p1a: Cresselia
|-damage|p1a: Cresselia|302\/444
|-damage|p1a: Cresselia|272\/444
|-damage|p1a: Cresselia|245\/444
|-hitcount|p1a: Cresselia|4
|move|p1a: Cresselia|Moonlight|p1a: Cresselia
|-heal|p1a: Cresselia|444\/444
|
|-damage|p2a: Heracross|0 fnt|[from] brn
|faint|p2a: Heracross
|
|switch|p2a: Nano malefico|Jirachi|404\/404
|-damage|p2a: Nano malefico|354\/404|[from] Spikes
|turn|10
|
|switch|p1a: Heatran|Heatran, M, shiny|385\/385
|move|p2a: Nano malefico|Stealth Rock|p1a: Heatran
|-sidestart|p1: SDNanar|move: Stealth Rock
|
|-heal|p2a: Nano malefico|379\/404|[from] item: Leftovers
|turn|11
|
|switch|p2a: Wrongtoad|Poliwrath, M|384\/384
|-damage|p2a: Wrongtoad|336\/384|[from] Spikes
|move|p1a: Heatran|Stealth Rock|p2a: Wrongtoad
|-sidestart|p2: looiiyut|move: Stealth Rock
|
|-heal|p2a: Wrongtoad|360\/384|[from] item: Leftovers
|turn|12
|
|switch|p1a: Quagsire|Quagsire, F|394\/394
|-damage|p1a: Quagsire|370\/394|[from] Stealth Rock
|move|p2a: Wrongtoad|Circle Throw|p1a: Quagsire
|-damage|p1a: Quagsire|310\/394
|drag|p1a: Chansey|Chansey, F|642\/642
|-damage|p1a: Chansey|562\/642|[from] Stealth Rock
|
|-heal|p2a: Wrongtoad|384\/384|[from] item: Leftovers
|turn|13
|
|switch|p1a: Cresselia|Cresselia, F|444\/444
|-damage|p1a: Cresselia|389\/444|[from] Stealth Rock
|move|p2a: Wrongtoad|Circle Throw|p1a: Cresselia
|-resisted|p1a: Cresselia
|-damage|p1a: Cresselia|369\/444
|drag|p1a: Quagsire|Quagsire, F|310\/394
|-damage|p1a: Quagsire|286\/394|[from] Stealth Rock
|
|-heal|p1a: Quagsire|310\/394|[from] item: Leftovers
|turn|14
|
|move|p2a: Wrongtoad|Scald|p1a: Quagsire
|-damage|p1a: Quagsire|217\/394
|move|p1a: Quagsire|Toxic|p2a: Wrongtoad
|-status|p2a: Wrongtoad|tox
|
|-heal|p1a: Quagsire|241\/394|[from] item: Leftovers
|-damage|p2a: Wrongtoad|360\/384 tox|[from] psn
|turn|15
|
|move|p2a: Wrongtoad|Scald|p1a: Quagsire
|-damage|p1a: Quagsire|150\/394
|-status|p1a: Quagsire|brn
|move|p1a: Quagsire|Recover|p1a: Quagsire
|-heal|p1a: Quagsire|347\/394 brn
|
|-heal|p2a: Wrongtoad|384\/384 tox|[from] item: Leftovers
|-heal|p1a: Quagsire|371\/394 brn|[from] item: Leftovers
|-damage|p2a: Wrongtoad|336\/384 tox|[from] psn
|-damage|p1a: Quagsire|322\/394 brn|[from] brn
|turn|16
|
|move|p1a: Quagsire|Toxic|p2a: Wrongtoad
|-fail|p2a: Wrongtoad|tox
|move|p2a: Wrongtoad|Circle Throw|p1a: Quagsire
|-damage|p1a: Quagsire|264\/394 brn
|drag|p1a: Chansey|Chansey, F|562\/642
|-damage|p1a: Chansey|482\/642|[from] Stealth Rock
|
|-heal|p2a: Wrongtoad|360\/384 tox|[from] item: Leftovers
|-damage|p2a: Wrongtoad|288\/384 tox|[from] psn
|turn|17
|
|move|p1a: Chansey|Protect|p1a: Chansey
|-singleturn|p1a: Chansey|Protect
|move|p2a: Wrongtoad|Rest|p2a: Wrongtoad
|-status|p2a: Wrongtoad|slp
|-heal|p2a: Wrongtoad|384\/384 slp|[silent]
|-status|p2a: Wrongtoad|slp|[from] move: Rest
|
|turn|18
|
|cant|p2a: Wrongtoad|slp
|move|p2a: Wrongtoad|Sleep Talk|p2a: Wrongtoad
|move|p2a: Wrongtoad|Scald|p1a: Chansey|[from]Sleep Talk
|-damage|p1a: Chansey|446\/642
|-status|p1a: Chansey|brn
|move|p1a: Chansey|Heal Bell|p1a: Chansey
|-cureteam|p1a: Chansey|[from] move: HealBell
|
|turn|19
|
|cant|p2a: Wrongtoad|slp
|move|p2a: Wrongtoad|Sleep Talk|p2a: Wrongtoad
|move|p2a: Wrongtoad|Scald|p1a: Chansey|[from]Sleep Talk
|-crit|p1a: Chansey
|-damage|p1a: Chansey|394\/642
|move|p1a: Chansey|Wish|p1a: Chansey
|
|turn|20
|
|move|p1a: Chansey|Protect|p1a: Chansey
|-singleturn|p1a: Chansey|Protect
|-curestatus|p2a: Wrongtoad|slp
|move|p2a: Wrongtoad|Circle Throw|p1a: Chansey
|-activate|p1a: Chansey|Protect
|
|-heal|p1a: Chansey|642\/642|[from] move: Wish|[wisher] Chansey
|turn|21
|
|move|p1a: Chansey|Wish|p1a: Chansey
|move|p2a: Wrongtoad|Circle Throw|p1a: Chansey
|-supereffective|p1a: Chansey
|-damage|p1a: Chansey|478\/642
|drag|p1a: Skarmory|Skarmory, F, shiny|124\/334
|-damage|p1a: Skarmory|83\/334|[from] Stealth Rock
|
|turn|22
|
|move|p1a: Skarmory|Roost|p1a: Skarmory
|-heal|p1a: Skarmory|250\/334
|move|p2a: Wrongtoad|Circle Throw|p1a: Skarmory
|-supereffective|p1a: Skarmory
|-damage|p1a: Skarmory|178\/334
|drag|p1a: Quagsire|Quagsire, F|264\/394
|-damage|p1a: Quagsire|240\/394|[from] Stealth Rock
|
|-heal|p1a: Quagsire|394\/394|[from] move: Wish|[wisher] Chansey
|turn|23
|
|move|p2a: Wrongtoad|Scald|p1a: Quagsire
|-damage|p1a: Quagsire|298\/394
|move|p1a: Quagsire|Toxic|p2a: Wrongtoad
|-status|p2a: Wrongtoad|tox
|
|-heal|p1a: Quagsire|322\/394|[from] item: Leftovers
|-damage|p2a: Wrongtoad|360\/384 tox|[from] psn
|turn|24
|
|switch|p1a: Chansey|Chansey, F|478\/642
|-damage|p1a: Chansey|398\/642|[from] Stealth Rock
|move|p2a: Wrongtoad|Scald|p1a: Chansey
|-damage|p1a: Chansey|361\/642
|-status|p1a: Chansey|brn
|
|-heal|p2a: Wrongtoad|384\/384 tox|[from] item: Leftovers
|-damage|p2a: Wrongtoad|336\/384 tox|[from] psn
|-damage|p1a: Chansey|281\/642 brn|[from] brn
|turn|25
|
|switch|p1a: Quagsire|Quagsire, F|322\/394
|-damage|p1a: Quagsire|298\/394|[from] Stealth Rock
|move|p2a: Wrongtoad|Circle Throw|p1a: Quagsire
|-damage|p1a: Quagsire|243\/394
|drag|p1a: Chansey|Chansey, F|281\/642
|-damage|p1a: Chansey|201\/642|[from] Stealth Rock
|
|-heal|p2a: Wrongtoad|360\/384 tox|[from] item: Leftovers
|-damage|p2a: Wrongtoad|288\/384 tox|[from] psn
|turn|26
|
|switch|p1a: Heatran|Heatran, M, shiny|385\/385
|-damage|p1a: Heatran|337\/385|[from] Stealth Rock
|move|p2a: Wrongtoad|Circle Throw|p1a: Heatran
|-supereffective|p1a: Heatran
|-damage|p1a: Heatran|205\/385
|drag|p1a: Cresselia|Cresselia, F|369\/444
|-damage|p1a: Cresselia|314\/444|[from] Stealth Rock
|
|-heal|p1a: Cresselia|341\/444|[from] item: Leftovers
|-heal|p2a: Wrongtoad|312\/384 tox|[from] item: Leftovers
|-damage|p2a: Wrongtoad|216\/384 tox|[from] psn
|turn|27
|
|switch|p1a: Skarmory|Skarmory, F, shiny|178\/334
|-damage|p1a: Skarmory|137\/334|[from] Stealth Rock
|move|p2a: Wrongtoad|Rest|p2a: Wrongtoad
|-status|p2a: Wrongtoad|slp
|-heal|p2a: Wrongtoad|384\/384 slp|[silent]
|-status|p2a: Wrongtoad|slp|[from] move: Rest
|
|turn|28
|
|move|p1a: Skarmory|Roost|p1a: Skarmory
|-heal|p1a: Skarmory|304\/334
|cant|p2a: Wrongtoad|slp
|move|p2a: Wrongtoad|Sleep Talk|p2a: Wrongtoad
|move|p2a: Wrongtoad|Scald|p1a: Skarmory|[from]Sleep Talk
|-damage|p1a: Skarmory|213\/334
|-status|p1a: Skarmory|brn
|
|-damage|p1a: Skarmory|172\/334 brn|[from] brn
|turn|29
|
|cant|p2a: Wrongtoad|slp
|move|p2a: Wrongtoad|Sleep Talk|p2a: Wrongtoad
|move|p2a: Wrongtoad|Circle Throw|p1a: Skarmory|[from]Sleep Talk
|-damage|p1a: Skarmory|133\/334 brn
|drag|p1a: Cresselia|Cresselia, F|341\/444
|-damage|p1a: Cresselia|286\/444|[from] Stealth Rock
|
|-heal|p1a: Cresselia|313\/444|[from] item: Leftovers
|turn|30
|-message|SDNanar forfeited.
|
|win|looiiyut
|raw|Ladder updating...
|leave|SDNanar
|player|p1
|raw|SDNanar's rating: 1500 &rarr; <strong>1478<\/strong><br \/>(-22 for losing)
|raw|looiiyut's rating: 1479 &rarr; <strong>1500<\/strong><br \/>(+21 for winning)