|join|Sweep
|join|looiiyut
|player|p1|Sweep|1
|player|p2|looiiyut|210
|gametype|singles
|gen|6
|tier|OU
|rated
|clearpoke
|poke|p1|Crawdaunt, F
|poke|p1|Ferrothorn, M
|poke|p1|Gengar, M
|poke|p1|Hippowdon, F
|poke|p1|Latios, M
|poke|p1|Aerodactyl, M
|poke|p2|Jirachi
|poke|p2|Azumarill, M
|poke|p2|Poliwrath, M
|poke|p2|Heracross, F
|poke|p2|Raikou
|poke|p2|Flygon, M
|rule|Swagger Clause: Swagger is banned
|rule|Baton Pass Clause: Limit one PokÃ©mon knowing Baton Pass
|rule|Sleep Clause Mod: Limit one foe put to sleep
|rule|Species Clause: Limit one of each PokÃ©mon
|rule|OHKO Clause: OHKO moves are banned
|rule|Moody Clause: Moody is banned
|rule|Evasion Moves Clause: Evasion moves are banned
|rule|Endless Battle Clause: Forcing endless battles is banned
|rule|HP Percentage Mod: HP is shown in percentages
|teampreview
|join|mouse de frank
|c|âlooiiyut|gl hf
|
|start
|switch|p1a: Gengar|Gengar, M|261\/261
|switch|p2a: Heracross|Heracross, F|309\/309
|turn|1
|c|âSweep|you too
|
|detailschange|p2a: Heracross|Heracross-Mega, F
|-mega|p2a: Heracross|Heracross|Heracronite
|move|p1a: Gengar|Sludge Wave|p2a: Heracross
|-damage|p2a: Heracross|82\/309
|-damage|p1a: Gengar|235\/261|[from] item: Life Orb
|move|p2a: Heracross|Rock Blast|p1a: Gengar
|-damage|p1a: Gengar|176\/261
|-damage|p1a: Gengar|115\/261
|-crit|p1a: Gengar
|-damage|p1a: Gengar|34\/261
|-crit|p1a: Gengar
|-damage|p1a: Gengar|0 fnt
|-hitcount|p1a: Gengar|4
|faint|p1a: Gengar
|
|
|switch|p1a: Aerodactyl|Aerodactyl, M|309\/309
|-ability|p1a: Aerodactyl|Pressure
|turn|2
|
|switch|p2a: Flygon|Flygon, M|363\/363
|detailschange|p1a: Aerodactyl|Aerodactyl-Mega, M
|-mega|p1a: Aerodactyl|Aerodactyl|Aerodactylite
|move|p1a: Aerodactyl|Aqua Tail|p2a: Flygon
|-damage|p2a: Flygon|177\/363
|
|-heal|p2a: Flygon|199\/363|[from] item: Leftovers
|turn|3
|
|move|p1a: Aerodactyl|Aerial Ace|p2a: Flygon
|-damage|p2a: Flygon|33\/363
|move|p2a: Flygon|U-turn|p1a: Aerodactyl
|-resisted|p1a: Aerodactyl
|-damage|p1a: Aerodactyl|275\/309
|
|switch|p2a: Azumarill|Azumarill, M|401\/401
|
|turn|4
|
|switch|p1a: Ferrothorn|Ferrothorn, M|352\/352
|move|p2a: Azumarill|Superpower|p1a: Ferrothorn
|-supereffective|p1a: Ferrothorn
|-damage|p1a: Ferrothorn|126\/352
|-damage|p2a: Azumarill|351\/401|[from] ability: Iron Barbs|[of] p1a: Ferrothorn
|-unboost|p2a: Azumarill|atk|1
|-unboost|p2a: Azumarill|def|1
|
|-heal|p1a: Ferrothorn|148\/352|[from] item: Leftovers
|turn|5
|
|switch|p2a: Nano malefico|Jirachi|404\/404
|switch|p1a: Hippowdon|Hippowdon, F|419\/419
|-weather|Sandstorm
|
|-weather|Sandstorm|[upkeep]
|turn|6
|
|switch|p2a: Flygon|Flygon, M|33\/363
|move|p1a: Hippowdon|Stealth Rock|p2a: Flygon
|-sidestart|p2: looiiyut|move: Stealth Rock
|
|-weather|Sandstorm|[upkeep]
|-heal|p2a: Flygon|55\/363|[from] item: Leftovers
|turn|7
|
|switch|p1a: Latios|Latios, M|309\/309
|move|p2a: Flygon|Roost|p2a: Flygon
|-heal|p2a: Flygon|237\/363
|
|-weather|Sandstorm|[upkeep]
|-damage|p1a: Latios|290\/309|[from] Sandstorm
|-heal|p2a: Flygon|259\/363|[from] item: Leftovers
|turn|8
|
|switch|p2a: Nano malefico|Jirachi|404\/404
|-damage|p2a: Nano malefico|379\/404|[from] Stealth Rock
|move|p1a: Latios|Hidden Power|p2a: Nano malefico
|-supereffective|p2a: Nano malefico
|-damage|p2a: Nano malefico|252\/404
|-damage|p1a: Latios|260\/309|[from] item: Life Orb
|
|-weather|Sandstorm|[upkeep]
|-damage|p1a: Latios|241\/309|[from] Sandstorm
|-heal|p2a: Nano malefico|277\/404|[from] item: Leftovers
|turn|9
|
|switch|p1a: Hippowdon|Hippowdon, F|419\/419
|move|p2a: Nano malefico|Body Slam|p1a: Hippowdon
|-damage|p1a: Hippowdon|370\/419
|
|-weather|none
|-heal|p2a: Nano malefico|302\/404|[from] item: Leftovers
|-heal|p1a: Hippowdon|396\/419|[from] item: Leftovers
|turn|10
|
|switch|p2a: Flygon|Flygon, M|259\/363
|-damage|p2a: Flygon|237\/363|[from] Stealth Rock
|move|p1a: Hippowdon|Earthquake|p2a: Flygon
|-immune|p2a: Flygon|[msg]
|
|-heal|p2a: Flygon|259\/363|[from] item: Leftovers
|-heal|p1a: Hippowdon|419\/419|[from] item: Leftovers
|turn|11
|
|switch|p1a: Crawdaunt|Crawdaunt, F|269\/269
|move|p2a: Flygon|Defog|p1a: Crawdaunt
|-unboost|p1a: Crawdaunt|evasion|1
|-sideend|p2: looiiyut|Stealth Rock|[from] move: Defog|[of] p2a: Flygon
|
|-heal|p2a: Flygon|281\/363|[from] item: Leftovers
|turn|12
|
|switch|p2a: Wrongtoad|Poliwrath, M|384\/384
|move|p1a: Crawdaunt|Knock Off|p2a: Wrongtoad
|-resisted|p2a: Wrongtoad
|-damage|p2a: Wrongtoad|281\/384
|-enditem|p2a: Wrongtoad|Leftovers|[from] move: Knock Off|[of] p1a: Crawdaunt
|-damage|p1a: Crawdaunt|243\/269|[from] item: Life Orb
|
|turn|13
|
|switch|p1a: Latios|Latios, M|241\/309
|move|p2a: Wrongtoad|Circle Throw|p1a: Latios
|-resisted|p1a: Latios
|-damage|p1a: Latios|202\/309
|drag|p1a: Hippowdon|Hippowdon, F|419\/419
|-weather|Sandstorm
|
|-weather|Sandstorm|[upkeep]
|-damage|p2a: Wrongtoad|257\/384|[from] Sandstorm
|turn|14
|
|move|p2a: Wrongtoad|Scald|p1a: Hippowdon
|-supereffective|p1a: Hippowdon
|-damage|p1a: Hippowdon|257\/419
|move|p1a: Hippowdon|Stealth Rock|p2a: Wrongtoad
|-sidestart|p2: looiiyut|move: Stealth Rock
|
|-weather|Sandstorm|[upkeep]
|-damage|p2a: Wrongtoad|233\/384|[from] Sandstorm
|-heal|p1a: Hippowdon|283\/419|[from] item: Leftovers
|turn|15
|
|switch|p1a: Ferrothorn|Ferrothorn, M|148\/352
|move|p2a: Wrongtoad|Circle Throw|p1a: Ferrothorn
|-supereffective|p1a: Ferrothorn
|-damage|p1a: Ferrothorn|56\/352
|-damage|p2a: Wrongtoad|185\/384|[from] ability: Iron Barbs|[of] p1a: Ferrothorn
|drag|p1a: Aerodactyl|Aerodactyl-Mega, M|275\/309
|
|-weather|Sandstorm|[upkeep]
|-damage|p2a: Wrongtoad|161\/384|[from] Sandstorm
|turn|16
|
|move|p1a: Aerodactyl|Aerial Ace|p2a: Wrongtoad
|-supereffective|p2a: Wrongtoad
|-damage|p2a: Wrongtoad|0 fnt
|faint|p2a: Wrongtoad
|
|-weather|Sandstorm|[upkeep]
|
|switch|p2a: Azumarill|Azumarill, M|351\/401
|-damage|p2a: Azumarill|301\/401|[from] Stealth Rock
|turn|17
|
|switch|p1a: Ferrothorn|Ferrothorn, M|56\/352
|move|p2a: Azumarill|Waterfall|p1a: Ferrothorn
|-resisted|p1a: Ferrothorn
|-damage|p1a: Ferrothorn|2\/352
|-damage|p2a: Azumarill|251\/401|[from] ability: Iron Barbs|[of] p1a: Ferrothorn
|
|-weather|none
|-heal|p1a: Ferrothorn|24\/352|[from] item: Leftovers
|turn|18
|
|move|p2a: Azumarill|Waterfall|p1a: Ferrothorn
|-resisted|p1a: Ferrothorn
|-damage|p1a: Ferrothorn|0 fnt
|-damage|p2a: Azumarill|201\/401|[from] ability: Iron Barbs|[of] p1a: Ferrothorn
|faint|p1a: Ferrothorn
|
|
|switch|p1a: Aerodactyl|Aerodactyl-Mega, M|275\/309
|turn|19
|
|move|p1a: Aerodactyl|Stone Edge|p2a: Azumarill
|-damage|p2a: Azumarill|0 fnt
|faint|p2a: Azumarill
|
|
|switch|p2a: Flygon|Flygon, M|281\/363
|-damage|p2a: Flygon|259\/363|[from] Stealth Rock
|turn|20
|
|move|p1a: Aerodactyl|Aerial Ace|p2a: Flygon
|-damage|p2a: Flygon|78\/363
|move|p2a: Flygon|U-turn|p1a: Aerodactyl
|-resisted|p1a: Aerodactyl
|-damage|p1a: Aerodactyl|243\/309
|
|switch|p2a: Raikou|Raikou|321\/321
|-damage|p2a: Raikou|281\/321|[from] Stealth Rock
|-ability|p2a: Raikou|Pressure
|
|turn|21
|
|move|p1a: Aerodactyl|Earthquake|p2a: Raikou
|-supereffective|p2a: Raikou
|-damage|p2a: Raikou|0 fnt
|faint|p2a: Raikou
|
|
|switch|p2a: Heracross|Heracross-Mega, F|82\/309
|-damage|p2a: Heracross|44\/309|[from] Stealth Rock
|turn|22
|c|âlooiiyut|gg
|-message|looiiyut forfeited.
|
|win|Sweep
|raw|Ladder updating...
|raw|Sweep's rating: 1599 &rarr; <strong>1619<\/strong><br \/>(+20 for winning)
|raw|looiiyut's rating: 1599 &rarr; <strong>1579<\/strong><br \/>(-20 for losing)
|c|âSweep|gg poli looks kinda cool o.o
|leave|Sweep
|player|p1
|leave|mouse de frank