|join|Boomburst Glalie
|join|looiiyut
|player|p1|Boomburst Glalie|277
|player|p2|looiiyut|210
|gametype|singles
|gen|6
|tier|OU
|rated
|clearpoke
|poke|p1|Pidgeot, M, shiny
|poke|p1|Dugtrio, M, shiny
|poke|p1|Celebi
|poke|p1|Heatran, M, shiny
|poke|p1|Keldeo-Resolute, shiny
|poke|p1|Latios, M
|poke|p2|Camerupt, F
|poke|p2|Clefable, F
|poke|p2|Tyranitar, F
|poke|p2|Breloom, M
|poke|p2|Mandibuzz, F
|poke|p2|Manaphy
|rule|Swagger Clause: Swagger is banned
|rule|Baton Pass Clause: Limit one PokÃ©mon knowing Baton Pass
|rule|Sleep Clause Mod: Limit one foe put to sleep
|rule|Species Clause: Limit one of each PokÃ©mon
|rule|OHKO Clause: OHKO moves are banned
|rule|Moody Clause: Moody is banned
|rule|Evasion Moves Clause: Evasion moves are banned
|rule|Endless Battle Clause: Forcing endless battles is banned
|rule|HP Percentage Mod: HP is shown in percentages
|teampreview
|
|start
|switch|p1a: Pidgeot|Pidgeot, M, shiny|307\/307
|switch|p2a: Mandibuzz|Mandibuzz, F|424\/424
|turn|1
|
|detailschange|p1a: Pidgeot|Pidgeot-Mega, M, shiny
|-mega|p1a: Pidgeot|Pidgeot|Pidgeotite
|move|p1a: Pidgeot|Hurricane|p2a: Mandibuzz
|-damage|p2a: Mandibuzz|246\/424
|-start|p2a: Mandibuzz|confusion
|-activate|p2a: Mandibuzz|confusion
|-damage|p2a: Mandibuzz|227\/424|[from] confusion
|
|-heal|p2a: Mandibuzz|253\/424|[from] item: Leftovers
|turn|2
|
|switch|p2a: Tyranitar|Tyranitar, F|404\/404
|-weather|Sandstorm
|move|p1a: Pidgeot|U-turn|p2a: Tyranitar
|-supereffective|p2a: Tyranitar
|-damage|p2a: Tyranitar|340\/404
|
|switch|p1a: Dugtrio|Dugtrio, M, shiny|213\/213
|
|-weather|Sandstorm|[upkeep]
|turn|3
|
|move|p1a: Dugtrio|Earthquake|p2a: Tyranitar
|-supereffective|p2a: Tyranitar
|-damage|p2a: Tyranitar|122\/404
|move|p2a: Tyranitar|Crunch|p1a: Dugtrio
|-damage|p1a: Dugtrio|0 fnt
|faint|p1a: Dugtrio
|
|-weather|Sandstorm|[upkeep]
|
|switch|p1a: Keldeo-Resolute|Keldeo-Resolute, shiny|324\/324
|turn|4
|
|switch|p2a: Manaphy|Manaphy|404\/404
|move|p1a: Keldeo-Resolute|Scald|p2a: Manaphy
|-crit|p2a: Manaphy
|-resisted|p2a: Manaphy
|-damage|p2a: Manaphy|301\/404
|
|-weather|Sandstorm|[upkeep]
|-damage|p1a: Keldeo-Resolute|304\/324|[from] sandstorm
|-damage|p2a: Manaphy|276\/404|[from] sandstorm
|-heal|p2a: Manaphy|301\/404|[from] item: Leftovers
|turn|5
|
|switch|p2a: Mandibuzz|Mandibuzz, F|253\/424
|move|p1a: Keldeo-Resolute|Hidden Power|p2a: Mandibuzz
|-supereffective|p2a: Mandibuzz
|-damage|p2a: Mandibuzz|102\/424
|
|-weather|Sandstorm|[upkeep]
|-damage|p1a: Keldeo-Resolute|284\/324|[from] sandstorm
|-heal|p2a: Mandibuzz|128\/424|[from] item: Leftovers
|turn|6
|
|switch|p2a: Breloom|Breloom, M|323\/323
|move|p1a: Keldeo-Resolute|Hidden Power|p2a: Breloom
|-resisted|p2a: Breloom
|-damage|p2a: Breloom|281\/323
|
|-weather|none
|-status|p2a: Breloom|tox|[from] item: Toxic Orb
|turn|7
|
|switch|p1a: Celebi|Celebi|401\/401
|switch|p2a: Mandibuzz|Mandibuzz, F|128\/424
|
|-heal|p2a: Mandibuzz|154\/424|[from] item: Leftovers
|turn|8
|
|move|p1a: Celebi|Nasty Plot|p1a: Celebi
|-boost|p1a: Celebi|spa|2
|move|p2a: Mandibuzz|Roost|p2a: Mandibuzz
|-heal|p2a: Mandibuzz|366\/424
|
|-heal|p2a: Mandibuzz|392\/424|[from] item: Leftovers
|turn|9
|
|switch|p2a: Clefable|Clefable, F|394\/394
|move|p1a: Celebi|Baton Pass|p1a: Celebi
|
|switch|p1a: Heatran|Heatran, M, shiny|384\/384
|
|turn|10
|
|switch|p2a: Tyranitar|Tyranitar, F|122\/404
|-weather|Sandstorm
|move|p1a: Heatran|Stealth Rock|p2a: Tyranitar
|-sidestart|p2: looiiyut|move: Stealth Rock
|
|-weather|Sandstorm|[upkeep]
|turn|11
|
|switch|p1a: Celebi|Celebi|401\/401
|move|p2a: Tyranitar|Superpower|p1a: Celebi
|-resisted|p1a: Celebi
|-damage|p1a: Celebi|353\/401
|-unboost|p2a: Tyranitar|atk|1
|-unboost|p2a: Tyranitar|def|1
|
|-weather|Sandstorm|[upkeep]
|-damage|p1a: Celebi|328\/401|[from] sandstorm
|-heal|p1a: Celebi|353\/401|[from] item: Leftovers
|turn|12
|
|move|p1a: Celebi|Nasty Plot|p1a: Celebi
|-boost|p1a: Celebi|spa|2
|move|p2a: Tyranitar|Crunch|p1a: Celebi
|-supereffective|p1a: Celebi
|-damage|p1a: Celebi|231\/401
|
|-weather|Sandstorm|[upkeep]
|-damage|p1a: Celebi|206\/401|[from] sandstorm
|-heal|p1a: Celebi|231\/401|[from] item: Leftovers
|turn|13
|
|move|p1a: Celebi|Recover|p1a: Celebi
|-heal|p1a: Celebi|401\/401
|move|p2a: Tyranitar|Pursuit|p1a: Celebi
|-supereffective|p1a: Celebi
|-damage|p1a: Celebi|329\/401
|
|-weather|Sandstorm|[upkeep]
|-damage|p1a: Celebi|304\/401|[from] sandstorm
|-heal|p1a: Celebi|329\/401|[from] item: Leftovers
|turn|14
|
|move|p1a: Celebi|Baton Pass|p1a: Celebi
|
|switch|p1a: Keldeo-Resolute|Keldeo-Resolute, shiny|284\/324
|move|p2a: Tyranitar|Pursuit|p1a: Keldeo-Resolute
|-resisted|p1a: Keldeo-Resolute
|-damage|p1a: Keldeo-Resolute|260\/324
|-boost|p1a: Keldeo-Resolute|atk|1|[from] ability: Justified
|
|-weather|none
|turn|15
|
|move|p1a: Keldeo-Resolute|Scald|p2a: Tyranitar
|-supereffective|p2a: Tyranitar
|-damage|p2a: Tyranitar|0 fnt
|faint|p2a: Tyranitar
|
|
|switch|p2a: Breloom|Breloom, M|281\/323 tox
|-damage|p2a: Breloom|261\/323 tox|[from] Stealth Rock
|turn|16
|
|move|p1a: Keldeo-Resolute|Icy Wind|p2a: Breloom
|-supereffective|p2a: Breloom
|-damage|p2a: Breloom|0 fnt
|faint|p2a: Breloom
|
|
|switch|p2a: Clefable|Clefable, F|394\/394
|-damage|p2a: Clefable|345\/394|[from] Stealth Rock
|turn|17
|
|switch|p1a: Heatran|Heatran, M, shiny|384\/384
|move|p2a: Clefable|Calm Mind|p2a: Clefable
|-boost|p2a: Clefable|spa|1
|-boost|p2a: Clefable|spd|1
|
|-heal|p2a: Clefable|369\/394|[from] item: Leftovers
|turn|18
|
|switch|p2a: Manaphy|Manaphy|301\/404
|-damage|p2a: Manaphy|251\/404|[from] Stealth Rock
|move|p1a: Heatran|Toxic|p2a: Manaphy
|-status|p2a: Manaphy|tox
|
|-heal|p2a: Manaphy|276\/404 tox|[from] item: Leftovers
|-damage|p2a: Manaphy|251\/404 tox|[from] psn
|turn|19
|
|switch|p1a: Latios|Latios, M|302\/302
|move|p2a: Manaphy|Rain Dance|p2a: Manaphy
|-weather|RainDance
|
|-weather|RainDance|[upkeep]
|-curestatus|p2a: Manaphy|tox
|-heal|p2a: Manaphy|276\/404|[from] item: Leftovers
|turn|20
|
|move|p1a: Latios|Trick|p2a: Manaphy
|-activate|p1a: Latios|move: Trick|[of] p2a: Manaphy
|-item|p2a: Manaphy|Choice Scarf|[from] move: Trick
|-item|p1a: Latios|Leftovers|[from] move: Trick
|move|p2a: Manaphy|Rest|p2a: Manaphy
|-status|p2a: Manaphy|slp
|-heal|p2a: Manaphy|404\/404 slp|[silent]
|-status|p2a: Manaphy|slp|[from] move: Rest
|
|-weather|RainDance|[upkeep]
|-curestatus|p2a: Manaphy|slp
|turn|21
|
|switch|p2a: Clefable|Clefable, F|369\/394
|-damage|p2a: Clefable|320\/394|[from] Stealth Rock
|move|p1a: Latios|Psyshock|p2a: Clefable
|-damage|p2a: Clefable|190\/394
|
|-weather|RainDance|[upkeep]
|-heal|p2a: Clefable|214\/394|[from] item: Leftovers
|turn|22
|
|switch|p1a: Heatran|Heatran, M, shiny|384\/384
|move|p2a: Clefable|Moonblast|p1a: Heatran
|-resisted|p1a: Heatran
|-damage|p1a: Heatran|365\/384
|
|-weather|RainDance|[upkeep]
|-heal|p1a: Heatran|384\/384|[from] item: Leftovers
|-heal|p2a: Clefable|238\/394|[from] item: Leftovers
|turn|23
|
|switch|p2a: Manaphy|Manaphy|404\/404
|-damage|p2a: Manaphy|354\/404|[from] Stealth Rock
|move|p1a: Heatran|Toxic|p2a: Manaphy
|-status|p2a: Manaphy|tox
|
|-weather|none
|-damage|p2a: Manaphy|329\/404 tox|[from] psn
|turn|24
|c|âlooiiyut|gg
|-message|looiiyut forfeited.
|
|win|Boomburst Glalie
|raw|Ladder updating...
|raw|Boomburst Glalie's rating: 1506 &rarr; <strong>1525<\/strong><br \/>(+19 for winning)
|raw|looiiyut's rating: 1475 &rarr; <strong>1457<\/strong><br \/>(-18 for losing)
|leave|looiiyut
|player|p2