|join|lil manaphy
|join|looiiyut
|player|p1|lil manaphy|272
|player|p2|looiiyut|210
|gametype|singles
|gen|6
|tier|OU
|rated
|clearpoke
|poke|p1|Lopunny, F
|poke|p1|Manaphy
|poke|p1|Scizor, M
|poke|p1|Celebi
|poke|p1|Heatran, M
|poke|p1|Mandibuzz, F
|poke|p2|Jirachi
|poke|p2|Azumarill, M
|poke|p2|Poliwrath, M
|poke|p2|Heracross, M
|poke|p2|Raikou
|poke|p2|Flygon, F
|rule|Swagger Clause: Swagger is banned
|rule|Baton Pass Clause: Limit one PokÃ©mon knowing Baton Pass
|rule|Sleep Clause Mod: Limit one foe put to sleep
|rule|Species Clause: Limit one of each PokÃ©mon
|rule|OHKO Clause: OHKO moves are banned
|rule|Moody Clause: Moody is banned
|rule|Evasion Moves Clause: Evasion moves are banned
|rule|Endless Battle Clause: Forcing endless battles is banned
|rule|HP Percentage Mod: HP is shown in percentages
|teampreview
|c|âlooiiyut|gl hf
|
|start
|switch|p1a: Couture|Lopunny, F|271\/271
|switch|p2a: Azumarill|Azumarill, M|401\/401
|turn|1
|
|detailschange|p1a: Couture|Lopunny-Mega, F
|-mega|p1a: Couture|Lopunny|Lopunnite
|move|p1a: Couture|Fake Out|p2a: Azumarill
|-damage|p2a: Azumarill|319\/401
|cant|p2a: Azumarill|flinch
|
|turn|2
|
|switch|p1a: Celebi|Celebi|404\/404
|move|p2a: Azumarill|Play Rough|p1a: Celebi
|-damage|p1a: Celebi|193\/404
|
|-heal|p1a: Celebi|218\/404|[from] item: Leftovers
|turn|3
|join|Eric Wrona
|
|switch|p2a: Nano malefico|Jirachi|404\/404
|move|p1a: Celebi|Giga Drain|p2a: Nano malefico
|-resisted|p2a: Nano malefico
|-damage|p2a: Nano malefico|370\/404
|-heal|p1a: Celebi|235\/404|[from] drain|[of] p2a: Nano malefico
|
|-heal|p1a: Celebi|260\/404|[from] item: Leftovers
|-heal|p2a: Nano malefico|395\/404|[from] item: Leftovers
|turn|4
|
|switch|p1a: Mandibuzz|Mandibuzz, F|423\/423
|move|p2a: Nano malefico|Stealth Rock|p1a: Mandibuzz
|-sidestart|p1: lil manaphy|move: Stealth Rock
|
|-heal|p2a: Nano malefico|404\/404|[from] item: Leftovers
|turn|5
|
|switch|p2a: Raikou|Raikou|321\/321
|-ability|p2a: Raikou|Pressure
|move|p1a: Mandibuzz|Defog|p2a: Raikou
|-unboost|p2a: Raikou|evasion|1
|-sideend|p1: lil manaphy|Stealth Rock|[from] move: Defog|[of] p1a: Mandibuzz
|
|turn|6
|
|switch|p1a: Celebi|Celebi|260\/404
|move|p2a: Raikou|Thunderbolt|p1a: Celebi
|-resisted|p1a: Celebi
|-damage|p1a: Celebi|209\/404
|
|-heal|p1a: Celebi|234\/404|[from] item: Leftovers
|turn|7
|
|move|p2a: Raikou|Volt Switch|p1a: Celebi
|-resisted|p1a: Celebi
|-damage|p1a: Celebi|195\/404
|
|switch|p2a: Flygon|Flygon, F|363\/363
|move|p1a: Celebi|Baton Pass|p1a: Celebi
|
|switch|p1a: Couture|Lopunny-Mega, F|271\/271
|
|turn|8
|
|move|p1a: Couture|Fake Out|p2a: Flygon
|-damage|p2a: Flygon|285\/363
|cant|p2a: Flygon|flinch
|
|-heal|p2a: Flygon|307\/363|[from] item: Leftovers
|turn|9
|
|move|p1a: Couture|Power-Up Punch|p2a: Flygon
|-damage|p2a: Flygon|229\/363
|-boost|p1a: Couture|atk|1
|move|p2a: Flygon|U-turn|p1a: Couture
|-resisted|p1a: Couture
|-damage|p1a: Couture|241\/271
|
|switch|p2a: Azumarill|Azumarill, M|319\/401
|
|turn|10
|
|move|p1a: Couture|Return|p2a: Azumarill
|-damage|p2a: Azumarill|0 fnt
|faint|p2a: Azumarill
|
|join|falsdjfjka
|
|switch|p2a: Heracross|Heracross, M|309\/309
|turn|11
|
|detailschange|p2a: Heracross|Heracross-Mega, M
|-mega|p2a: Heracross|Heracross|Heracronite
|move|p1a: Couture|Return|p2a: Heracross
|-damage|p2a: Heracross|60\/309
|move|p2a: Heracross|Close Combat|p1a: Couture
|-supereffective|p1a: Couture
|-damage|p1a: Couture|0 fnt
|-unboost|p2a: Heracross|def|1
|-unboost|p2a: Heracross|spd|1
|faint|p1a: Couture
|
|
|switch|p1a: Scizor|Scizor, M|343\/343
|turn|12
|
|move|p1a: Scizor|Pursuit|p2a: Heracross|[from]Pursuit
|-resisted|p2a: Heracross
|-damage|p2a: Heracross|0 fnt
|faint|p2a: Heracross
|
|
|switch|p2a: Nano malefico|Jirachi|404\/404
|turn|13
|
|switch|p1a: Heatran|Heatran, M|386\/386
|move|p2a: Nano malefico|Stealth Rock|p1a: Heatran
|-sidestart|p1: lil manaphy|move: Stealth Rock
|
|turn|14
|
|switch|p2a: Flygon|Flygon, F|229\/363
|move|p1a: Heatran|Stealth Rock|p2a: Flygon
|-sidestart|p2: looiiyut|move: Stealth Rock
|
|-heal|p2a: Flygon|251\/363|[from] item: Leftovers
|turn|15
|
|switch|p1a: Mandibuzz|Mandibuzz, F|423\/423
|-damage|p1a: Mandibuzz|318\/423|[from] Stealth Rock
|move|p2a: Flygon|U-turn|p1a: Mandibuzz
|-damage|p1a: Mandibuzz|274\/423
|-damage|p2a: Flygon|191\/363|[from] item: Rocky Helmet|[of] p1a: Mandibuzz
|leave|falsdjfjka
|
|switch|p2a: Raikou|Raikou|321\/321
|-damage|p2a: Raikou|281\/321|[from] Stealth Rock
|-ability|p2a: Raikou|Pressure
|
|turn|16
|
|switch|p1a: Heatran|Heatran, M|386\/386
|-damage|p1a: Heatran|338\/386|[from] Stealth Rock
|move|p2a: Raikou|Thunderbolt|p1a: Heatran
|-damage|p1a: Heatran|239\/386
|
|-heal|p1a: Heatran|263\/386|[from] item: Leftovers
|turn|17
|
|move|p2a: Raikou|Volt Switch|p1a: Heatran
|-damage|p1a: Heatran|185\/386
|
|switch|p2a: Flygon|Flygon, F|191\/363
|-damage|p2a: Flygon|169\/363|[from] Stealth Rock
|move|p1a: Heatran|Toxic|p2a: Flygon|[miss]
|-miss|p1a: Heatran|p2a: Flygon
|
|-heal|p2a: Flygon|191\/363|[from] item: Leftovers
|-heal|p1a: Heatran|209\/386|[from] item: Leftovers
|turn|18
|
|move|p1a: Heatran|Protect|p1a: Heatran
|-singleturn|p1a: Heatran|Protect
|move|p2a: Flygon|Roost|p2a: Flygon
|-heal|p2a: Flygon|363\/363
|
|-heal|p1a: Heatran|233\/386|[from] item: Leftovers
|turn|19
|
|switch|p1a: Scizor|Scizor, M|343\/343
|-damage|p1a: Scizor|301\/343|[from] Stealth Rock
|move|p2a: Flygon|U-turn|p1a: Scizor
|-resisted|p1a: Scizor
|-damage|p1a: Scizor|268\/343
|
|switch|p2a: Nano malefico|Jirachi|404\/404
|-damage|p2a: Nano malefico|379\/404|[from] Stealth Rock
|
|-heal|p2a: Nano malefico|404\/404|[from] item: Leftovers
|turn|20
|
|switch|p2a: Wrongtoad|Poliwrath, M|384\/384
|-damage|p2a: Wrongtoad|360\/384|[from] Stealth Rock
|switch|p1a: Heatran|Heatran, M|233\/386
|-damage|p1a: Heatran|185\/386|[from] Stealth Rock
|
|-heal|p1a: Heatran|209\/386|[from] item: Leftovers
|-heal|p2a: Wrongtoad|384\/384|[from] item: Leftovers
|turn|21
|
|switch|p1a: small|Manaphy|341\/341
|-damage|p1a: small|299\/341|[from] Stealth Rock
|move|p2a: Wrongtoad|Circle Throw|p1a: small
|-damage|p1a: small|235\/341
|drag|p1a: Heatran|Heatran, M|209\/386
|-damage|p1a: Heatran|161\/386|[from] Stealth Rock
|
|-heal|p1a: Heatran|185\/386|[from] item: Leftovers
|turn|22
|
|move|p1a: Heatran|Protect|p1a: Heatran
|-singleturn|p1a: Heatran|Protect
|move|p2a: Wrongtoad|Circle Throw|p1a: Heatran
|-activate|p1a: Heatran|Protect
|
|-heal|p1a: Heatran|209\/386|[from] item: Leftovers
|turn|23
|
|switch|p1a: Mandibuzz|Mandibuzz, F|274\/423
|-damage|p1a: Mandibuzz|169\/423|[from] Stealth Rock
|move|p2a: Wrongtoad|Circle Throw|p1a: Mandibuzz
|-damage|p1a: Mandibuzz|120\/423
|-damage|p2a: Wrongtoad|320\/384|[from] item: Rocky Helmet|[of] p1a: Mandibuzz
|drag|p1a: Scizor|Scizor, M|268\/343
|-damage|p1a: Scizor|226\/343|[from] Stealth Rock
|
|-heal|p2a: Wrongtoad|344\/384|[from] item: Leftovers
|turn|24
|
|move|p1a: Scizor|Superpower|p2a: Wrongtoad
|-damage|p2a: Wrongtoad|184\/384
|-unboost|p1a: Scizor|atk|1
|-unboost|p1a: Scizor|def|1
|move|p2a: Wrongtoad|Scald|p1a: Scizor
|-damage|p1a: Scizor|139\/343
|
|-heal|p2a: Wrongtoad|208\/384|[from] item: Leftovers
|turn|25
|
|move|p1a: Scizor|Superpower|p2a: Wrongtoad
|-damage|p2a: Wrongtoad|82\/384
|-unboost|p1a: Scizor|atk|1
|-unboost|p1a: Scizor|def|1
|move|p2a: Wrongtoad|Circle Throw|p1a: Scizor
|-damage|p1a: Scizor|0 fnt
|faint|p1a: Scizor
|
|-heal|p2a: Wrongtoad|106\/384|[from] item: Leftovers
|
|switch|p1a: small|Manaphy|235\/341
|-damage|p1a: small|193\/341|[from] Stealth Rock
|turn|26
|
|move|p1a: small|Psychic|p2a: Wrongtoad
|-supereffective|p2a: Wrongtoad
|-damage|p2a: Wrongtoad|0 fnt
|faint|p2a: Wrongtoad
|
|-heal|p1a: small|214\/341|[from] item: Leftovers
|
|switch|p2a: Raikou|Raikou|281\/321
|-damage|p2a: Raikou|241\/321|[from] Stealth Rock
|-ability|p2a: Raikou|Pressure
|turn|27
|
|switch|p1a: Celebi|Celebi|195\/404
|-damage|p1a: Celebi|145\/404|[from] Stealth Rock
|move|p2a: Raikou|Thunderbolt|p1a: Celebi
|-resisted|p1a: Celebi
|-damage|p1a: Celebi|94\/404
|
|-heal|p1a: Celebi|119\/404|[from] item: Leftovers
|turn|28
|
|move|p2a: Raikou|Hidden Power|p1a: Celebi
|-supereffective|p1a: Celebi
|-damage|p1a: Celebi|25\/404
|move|p1a: Celebi|Recover|p1a: Celebi
|-heal|p1a: Celebi|227\/404
|
|-heal|p1a: Celebi|252\/404|[from] item: Leftovers
|turn|29
|
|move|p2a: Raikou|Volt Switch|p1a: Celebi
|-resisted|p1a: Celebi
|-damage|p1a: Celebi|207\/404
|
|switch|p2a: Nano malefico|Jirachi|404\/404
|-damage|p2a: Nano malefico|379\/404|[from] Stealth Rock
|move|p1a: Celebi|Recover|p1a: Celebi
|-heal|p1a: Celebi|404\/404
|
|-heal|p2a: Nano malefico|404\/404|[from] item: Leftovers
|turn|30
|
|switch|p1a: Heatran|Heatran, M|209\/386
|-damage|p1a: Heatran|161\/386|[from] Stealth Rock
|move|p2a: Nano malefico|Body Slam|p1a: Heatran
|-resisted|p1a: Heatran
|-damage|p1a: Heatran|129\/386
|-status|p1a: Heatran|par
|
|-heal|p1a: Heatran|153\/386 par|[from] item: Leftovers
|turn|31
|
|switch|p2a: Flygon|Flygon, F|363\/363
|-damage|p2a: Flygon|341\/363|[from] Stealth Rock
|move|p1a: Heatran|Lava Plume|p2a: Flygon
|-resisted|p2a: Flygon
|-damage|p2a: Flygon|276\/363
|
|-heal|p2a: Flygon|298\/363|[from] item: Leftovers
|-heal|p1a: Heatran|177\/386 par|[from] item: Leftovers
|turn|32
|
|move|p2a: Flygon|U-turn|p1a: Heatran
|-resisted|p1a: Heatran
|-damage|p1a: Heatran|164\/386 par
|
|switch|p2a: Raikou|Raikou|241\/321
|-damage|p2a: Raikou|201\/321|[from] Stealth Rock
|-ability|p2a: Raikou|Pressure
|move|p1a: Heatran|Toxic|p2a: Raikou
|-status|p2a: Raikou|tox
|
|-heal|p1a: Heatran|188\/386 par|[from] item: Leftovers
|-damage|p2a: Raikou|181\/321 tox|[from] psn
|turn|33
|
|move|p1a: Heatran|Protect|p1a: Heatran
|-singleturn|p1a: Heatran|Protect
|move|p2a: Raikou|Volt Switch|p1a: Heatran
|-activate|p1a: Heatran|Protect
|
|-heal|p1a: Heatran|212\/386 par|[from] item: Leftovers
|-damage|p2a: Raikou|141\/321 tox|[from] psn
|turn|34
|
|move|p2a: Raikou|Volt Switch|p1a: Heatran
|-damage|p1a: Heatran|137\/386 par
|
|switch|p2a: Flygon|Flygon, F|298\/363
|-damage|p2a: Flygon|276\/363|[from] Stealth Rock
|cant|p1a: Heatran|par
|
|-heal|p2a: Flygon|298\/363|[from] item: Leftovers
|-heal|p1a: Heatran|161\/386 par|[from] item: Leftovers
|turn|35
|
|move|p2a: Flygon|Earthquake|p1a: Heatran
|-supereffective|p1a: Heatran
|-damage|p1a: Heatran|0 fnt
|faint|p1a: Heatran
|
|-heal|p2a: Flygon|320\/363|[from] item: Leftovers
|
|switch|p1a: Mandibuzz|Mandibuzz, F|120\/423
|-damage|p1a: Mandibuzz|15\/423|[from] Stealth Rock
|turn|36
|
|move|p2a: Flygon|U-turn|p1a: Mandibuzz
|-damage|p1a: Mandibuzz|0 fnt
|-damage|p2a: Flygon|260\/363|[from] item: Rocky Helmet|[of] p1a: Mandibuzz
|faint|p1a: Mandibuzz
|
|switch|p2a: Raikou|Raikou|141\/321 tox
|-damage|p2a: Raikou|101\/321 tox|[from] Stealth Rock
|-ability|p2a: Raikou|Pressure
|
|-damage|p2a: Raikou|81\/321 tox|[from] psn
|
|switch|p1a: Celebi|Celebi|404\/404
|-damage|p1a: Celebi|354\/404|[from] Stealth Rock
|turn|37
|
|move|p2a: Raikou|Volt Switch|p1a: Celebi
|-resisted|p1a: Celebi
|-damage|p1a: Celebi|309\/404
|
|switch|p2a: Flygon|Flygon, F|260\/363
|-damage|p2a: Flygon|238\/363|[from] Stealth Rock
|move|p1a: Celebi|Baton Pass|p1a: Celebi
|
|switch|p1a: small|Manaphy|214\/341
|-damage|p1a: small|172\/341|[from] Stealth Rock
|
|-heal|p1a: small|193\/341|[from] item: Leftovers
|-heal|p2a: Flygon|260\/363|[from] item: Leftovers
|turn|38
|
|move|p1a: small|Tail Glow|p1a: small
|-boost|p1a: small|spa|3
|move|p2a: Flygon|Earthquake|p1a: small
|-damage|p1a: small|61\/341
|
|-heal|p1a: small|82\/341|[from] item: Leftovers
|-heal|p2a: Flygon|282\/363|[from] item: Leftovers
|turn|39
|
|move|p1a: small|Scald|p2a: Flygon
|-damage|p2a: Flygon|0 fnt
|faint|p2a: Flygon
|
|-heal|p1a: small|103\/341|[from] item: Leftovers
|
|switch|p2a: Nano malefico|Jirachi|404\/404
|-damage|p2a: Nano malefico|379\/404|[from] Stealth Rock
|turn|40
|
|move|p1a: small|Rain Dance|p1a: small
|-weather|RainDance
|move|p2a: Nano malefico|Body Slam|p1a: small
|-crit|p1a: small
|-damage|p1a: small|0 fnt
|faint|p1a: small
|
|-weather|RainDance|[upkeep]
|-heal|p2a: Nano malefico|404\/404|[from] item: Leftovers
|-message|lil manaphy forfeited.
|
|win|looiiyut
|raw|Ladder updating...
|leave|lil manaphy
|player|p1
|raw|lil manaphy's rating: 1784 &rarr; <strong>1755<\/strong><br \/>(-29 for losing)
|raw|looiiyut's rating: 1598 &rarr; <strong>1628<\/strong><br \/>(+30 for winning)
|leave|Eric Wrona