|join|AbouJaJa
|join|looiiyut
|player|p1|AbouJaJa|122
|player|p2|looiiyut|210
|gametype|singles
|gen|6
|tier|OU
|rated
|clearpoke
|poke|p1|Venusaur, M
|poke|p1|Klefki, M
|poke|p1|Espeon, F
|poke|p1|Scolipede, M
|poke|p1|Clefable, M
|poke|p1|Suicune
|poke|p2|Jirachi
|poke|p2|Azumarill, F
|poke|p2|Poliwrath, M
|poke|p2|Heracross, F
|poke|p2|Raikou
|poke|p2|Flygon, M
|rule|Swagger Clause: Swagger is banned
|rule|Baton Pass Clause: Limit one PokÃ©mon knowing Baton Pass
|rule|Sleep Clause Mod: Limit one foe put to sleep
|rule|Species Clause: Limit one of each PokÃ©mon
|rule|OHKO Clause: OHKO moves are banned
|rule|Moody Clause: Moody is banned
|rule|Evasion Moves Clause: Evasion moves are banned
|rule|Endless Battle Clause: Forcing endless battles is banned
|rule|HP Percentage Mod: HP is shown in percentages
|teampreview
|c|âlooiiyut|gl hf
|c|âAbouJaJa|you too
|
|start
|switch|p1a: Klefki|Klefki, M|318\/318
|switch|p2a: Heracross|Heracross, F|309\/309
|turn|1
|
|switch|p2a: Flygon|Flygon, M|363\/363
|move|p1a: Klefki|Reflect|p1a: Klefki
|-sidestart|p1: AbouJaJa|Reflect
|
|turn|2
|
|move|p1a: Klefki|Toxic|p2a: Flygon
|-status|p2a: Flygon|tox
|move|p2a: Flygon|Earthquake|p1a: Klefki
|-supereffective|p1a: Klefki
|-damage|p1a: Klefki|167\/318
|
|-damage|p2a: Flygon|341\/363 tox|[from] psn
|turn|3
|
|move|p1a: Klefki|Light Screen|p1a: Klefki
|-sidestart|p1: AbouJaJa|move: Light Screen
|move|p2a: Flygon|Earthquake|p1a: Klefki
|-supereffective|p1a: Klefki
|-damage|p1a: Klefki|32\/318
|
|-heal|p2a: Flygon|363\/363 tox|[from] item: Leftovers
|-damage|p2a: Flygon|319\/363 tox|[from] psn
|turn|4
|
|move|p1a: Klefki|Toxic|p2a: Flygon
|-fail|p2a: Flygon|tox
|move|p2a: Flygon|Defog|p1a: Klefki
|-unboost|p1a: Klefki|evasion|1
|-sideend|p1: AbouJaJa|Reflect
|-sideend|p1: AbouJaJa|Reflect|[from] move: Defog|[of] p1a: Klefki
|-sideend|p1: AbouJaJa|move: Light Screen
|-sideend|p1: AbouJaJa|Light Screen|[from] move: Defog|[of] p1a: Klefki
|
|-heal|p2a: Flygon|341\/363 tox|[from] item: Leftovers
|-damage|p2a: Flygon|275\/363 tox|[from] psn
|turn|5
|
|move|p1a: Klefki|Reflect|p1a: Klefki
|-sidestart|p1: AbouJaJa|Reflect
|move|p2a: Flygon|Earthquake|p1a: Klefki
|-supereffective|p1a: Klefki
|-damage|p1a: Klefki|0 fnt
|faint|p1a: Klefki
|
|-heal|p2a: Flygon|297\/363 tox|[from] item: Leftovers
|-damage|p2a: Flygon|209\/363 tox|[from] psn
|
|switch|p1a: Scolipede|Scolipede, M|323\/323
|turn|6
|
|move|p1a: Scolipede|Iron Defense|p1a: Scolipede
|-boost|p1a: Scolipede|def|2
|move|p2a: Flygon|Defog|p1a: Scolipede
|-unboost|p1a: Scolipede|evasion|1
|-sideend|p1: AbouJaJa|Reflect
|-sideend|p1: AbouJaJa|Reflect|[from] move: Defog|[of] p1a: Scolipede
|
|-heal|p2a: Flygon|231\/363 tox|[from] item: Leftovers
|-damage|p2a: Flygon|121\/363 tox|[from] psn
|-boost|p1a: Scolipede|spe|1|[from] ability: Speed Boost
|turn|7
|
|move|p1a: Scolipede|Iron Defense|p1a: Scolipede
|-boost|p1a: Scolipede|def|2
|move|p2a: Flygon|U-turn|p1a: Scolipede
|-resisted|p1a: Scolipede
|-damage|p1a: Scolipede|312\/323
|
|switch|p2a: Raikou|Raikou|321\/321
|-ability|p2a: Raikou|Pressure
|
|-boost|p1a: Scolipede|spe|1|[from] ability: Speed Boost
|turn|8
|
|move|p1a: Scolipede|Substitute|p1a: Scolipede
|-start|p1a: Scolipede|Substitute
|-damage|p1a: Scolipede|232\/323
|move|p2a: Raikou|Volt Switch|p1a: Scolipede
|-end|p1a: Scolipede|Substitute
|
|switch|p2a: Wrongtoad|Poliwrath, M|384\/384
|
|-boost|p1a: Scolipede|spe|1|[from] ability: Speed Boost
|turn|9
|
|move|p1a: Scolipede|Substitute|p1a: Scolipede
|-start|p1a: Scolipede|Substitute
|-damage|p1a: Scolipede|152\/323
|move|p2a: Wrongtoad|Circle Throw|p1a: Scolipede
|-resisted|p1a: Scolipede
|-activate|p1a: Scolipede|Substitute|[damage]
|
|-boost|p1a: Scolipede|spe|1|[from] ability: Speed Boost
|turn|10
|
|move|p1a: Scolipede|Baton Pass|p1a: Scolipede
|
|switch|p1a: Espeon|Espeon, F|334\/334
|move|p2a: Wrongtoad|Scald|p1a: Espeon
|-activate|p1a: Espeon|Substitute|[damage]
|
|turn|11
|
|move|p1a: Espeon|Calm Mind|p1a: Espeon
|-boost|p1a: Espeon|spa|1
|-boost|p1a: Espeon|spd|1
|move|p2a: Wrongtoad|Scald|p1a: Espeon
|-end|p1a: Espeon|Substitute
|
|turn|12
|
|move|p1a: Espeon|Calm Mind|p1a: Espeon
|-boost|p1a: Espeon|spa|1
|-boost|p1a: Espeon|spd|1
|move|p2a: Wrongtoad|Circle Throw|p1a: Espeon
|-resisted|p1a: Espeon
|-damage|p1a: Espeon|321\/334
|drag|p1a: Suicune|Suicune|404\/404
|-ability|p1a: Suicune|Pressure
|
|turn|13
|c|âAbouJaJa|oh right
|
|switch|p1a: Clefable|Clefable, M|394\/394
|move|p2a: Wrongtoad|Circle Throw|p1a: Clefable
|-crit|p1a: Clefable
|-resisted|p1a: Clefable
|-damage|p1a: Clefable|332\/394
|drag|p1a: Venusaur|Venusaur, M|363\/363
|
|turn|14
|
|switch|p2a: Raikou|Raikou|321\/321
|-ability|p2a: Raikou|Pressure
|detailschange|p1a: Venusaur|Venusaur-Mega, M
|-mega|p1a: Venusaur|Venusaur|Venusaurite
|move|p1a: Venusaur|Giga Drain|p2a: Raikou
|-damage|p2a: Raikou|228\/321
|
|turn|15
|
|move|p2a: Raikou|Extrasensory|p1a: Venusaur
|-supereffective|p1a: Venusaur
|-damage|p1a: Venusaur|219\/363
|move|p1a: Venusaur|Hidden Power|p2a: Raikou
|-damage|p2a: Raikou|183\/321
|
|turn|16
|
|move|p2a: Raikou|Extrasensory|p1a: Venusaur
|-supereffective|p1a: Venusaur
|-damage|p1a: Venusaur|67\/363
|move|p1a: Venusaur|Synthesis|p1a: Venusaur
|-heal|p1a: Venusaur|248\/363
|
|turn|17
|
|switch|p1a: Espeon|Espeon, F|321\/334
|move|p2a: Raikou|Extrasensory|p1a: Espeon
|-resisted|p1a: Espeon
|-damage|p1a: Espeon|273\/334
|
|-heal|p1a: Espeon|293\/334|[from] item: Leftovers
|turn|18
|
|switch|p1a: Venusaur|Venusaur-Mega, M|248\/363
|move|p2a: Raikou|Volt Switch|p1a: Venusaur
|-crit|p1a: Venusaur
|-resisted|p1a: Venusaur
|-damage|p1a: Venusaur|174\/363
|
|switch|p2a: Heracross|Heracross, F|309\/309
|
|turn|19
|
|detailschange|p2a: Heracross|Heracross-Mega, F
|-mega|p2a: Heracross|Heracross|Heracronite
|move|p2a: Heracross|Pin Missile|p1a: Venusaur
|-damage|p1a: Venusaur|123\/363
|-damage|p1a: Venusaur|75\/363
|-damage|p1a: Venusaur|26\/363
|-damage|p1a: Venusaur|0 fnt
|-hitcount|p1a: Venusaur|4
|faint|p1a: Venusaur
|
|
|switch|p1a: Clefable|Clefable, M|332\/394
|turn|20
|
|switch|p2a: Nano malefico|Jirachi|404\/404
|move|p1a: Clefable|Moonblast|p2a: Nano malefico
|-resisted|p2a: Nano malefico
|-damage|p2a: Nano malefico|362\/404
|-unboost|p2a: Nano malefico|spa|1
|
|-heal|p2a: Nano malefico|387\/404|[from] item: Leftovers
|-heal|p1a: Clefable|356\/394|[from] item: Leftovers
|turn|21
|
|switch|p1a: Suicune|Suicune|404\/404
|-ability|p1a: Suicune|Pressure
|move|p2a: Nano malefico|Stealth Rock|p1a: Suicune
|-sidestart|p1: AbouJaJa|move: Stealth Rock
|
|-heal|p2a: Nano malefico|404\/404|[from] item: Leftovers
|turn|22
|
|switch|p2a: Flygon|Flygon, M|121\/363 tox
|move|p1a: Suicune|Calm Mind|p1a: Suicune
|-boost|p1a: Suicune|spa|1
|-boost|p1a: Suicune|spd|1
|
|-heal|p2a: Flygon|143\/363 tox|[from] item: Leftovers
|-damage|p2a: Flygon|121\/363 tox|[from] psn
|turn|23
|
|move|p2a: Flygon|U-turn|p1a: Suicune
|-damage|p1a: Suicune|360\/404
|
|switch|p2a: Wrongtoad|Poliwrath, M|384\/384
|move|p1a: Suicune|Calm Mind|p1a: Suicune
|-boost|p1a: Suicune|spa|1
|-boost|p1a: Suicune|spd|1
|
|-heal|p1a: Suicune|385\/404|[from] item: Leftovers
|turn|24
|
|move|p1a: Suicune|Scald|p2a: Wrongtoad
|-immune|p2a: Wrongtoad|[msg]
|move|p2a: Wrongtoad|Circle Throw|p1a: Suicune
|-damage|p1a: Suicune|337\/404
|drag|p1a: Espeon|Espeon, F|293\/334
|-damage|p1a: Espeon|252\/334|[from] Stealth Rock
|
|-heal|p1a: Espeon|272\/334|[from] item: Leftovers
|turn|25
|
|switch|p2a: Nano malefico|Jirachi|404\/404
|move|p1a: Espeon|Dazzling Gleam|p2a: Nano malefico
|-resisted|p2a: Nano malefico
|-damage|p2a: Nano malefico|377\/404
|
|-heal|p1a: Espeon|292\/334|[from] item: Leftovers
|-heal|p2a: Nano malefico|402\/404|[from] item: Leftovers
|turn|26
|-message|AbouJaJa forfeited.
|
|win|looiiyut
|raw|Ladder updating...
|leave|AbouJaJa
|player|p1
|raw|AbouJaJa's rating: 1671 &rarr; <strong>1646<\/strong><br \/>(-25 for losing)
|raw|looiiyut's rating: 1589 &rarr; <strong>1613<\/strong><br \/>(+24 for winning)