|join|looiiyut
|join|kurosama34
|player|p1|looiiyut|210
|player|p2|kurosama34|68
|gametype|singles
|gen|6
|tier|OU (suspect test)
|rated
|clearpoke
|poke|p1|Politoed, F, shiny
|poke|p1|Kabutops, M
|poke|p1|Toxicroak, M
|poke|p1|Greninja, F
|poke|p1|Mawile, M
|poke|p1|Zapdos
|poke|p2|Charizard, M
|poke|p2|Quagsire, M
|poke|p2|Latios, M
|poke|p2|Tentacruel, M
|poke|p2|Bisharp, M
|poke|p2|Klefki, F
|rule|Swagger Clause: Swagger is banned
|rule|Baton Pass Clause: Limit one PokÃ©mon knowing Baton Pass
|rule|Sleep Clause Mod: Limit one foe put to sleep
|rule|Species Clause: Limit one of each PokÃ©mon
|rule|OHKO Clause: OHKO moves are banned
|rule|Moody Clause: Moody is banned
|rule|Evasion Moves Clause: Evasion moves are banned
|rule|Endless Battle Clause: Forcing endless battles is banned
|rule|HP Percentage Mod: HP is reported as percentages
|teampreview
|
|start
|switch|p1a: Greninja|Greninja, F|286\/286
|switch|p2a: Tentacruel|Tentacruel, M|302\/302
|turn|1
|
|move|p1a: Greninja|Extrasensory|p2a: Tentacruel
|-start|p1a: Greninja|typechange|Psychic|[from] Protean
|-supereffective|p2a: Tentacruel
|-damage|p2a: Tentacruel|104\/302
|-damage|p1a: Greninja|258\/286|[from] item: Life Orb
|move|p2a: Tentacruel|Sludge Wave|p1a: Greninja
|-crit|p1a: Greninja
|-damage|p1a: Greninja|33\/286
|-status|p1a: Greninja|psn
|
|-damage|p1a: Greninja|0 fnt|[from] psn
|faint|p1a: Greninja
|
|switch|p1a: Zapdos|Zapdos|371\/371
|-ability|p1a: Zapdos|Pressure
|turn|2
|
|switch|p2a: Klefki|Klefki, F|256\/256
|switch|p1a: Politoed|Politoed, F, shiny|384\/384
|-weather|RainDance
|
|-weather|RainDance|[upkeep]
|turn|3
|
|move|p2a: Klefki|Toxic|p1a: Politoed
|-status|p1a: Politoed|tox
|move|p1a: Politoed|Scald|p2a: Klefki
|-damage|p2a: Klefki|153\/256
|
|-weather|RainDance|[upkeep]
|-heal|p2a: Klefki|169\/256|[from] item: Leftovers
|-damage|p1a: Politoed|360\/384 tox|[from] psn
|turn|4
|
|switch|p2a: Tentacruel|Tentacruel, M|104\/302
|switch|p1a: Kabutops|Kabutops, M|262\/262
|
|-weather|RainDance|[upkeep]
|turn|5
|
|move|p1a: Kabutops|Knock Off|p2a: Tentacruel
|-crit|p2a: Tentacruel
|-damage|p2a: Tentacruel|0 fnt
|-enditem|p2a: Tentacruel|Assault Vest|[from] move: Knock Off|[of] p1a: Kabutops
|-damage|p1a: Kabutops|236\/262|[from] item: Life Orb
|faint|p2a: Tentacruel
|
|-weather|RainDance|[upkeep]
|
|switch|p2a: Quagsire|Quagsire, M|394\/394
|turn|6
|
|move|p1a: Kabutops|Waterfall|p2a: Quagsire
|-damage|p2a: Quagsire|167\/394
|-damage|p1a: Kabutops|210\/262|[from] item: Life Orb
|cant|p2a: Quagsire|flinch
|
|-weather|RainDance|[upkeep]
|-heal|p2a: Quagsire|191\/394|[from] item: Leftovers
|turn|7
|
|switch|p2a: Klefki|Klefki, F|169\/256
|move|p1a: Kabutops|Waterfall|p2a: Klefki
|-damage|p2a: Klefki|0 fnt
|-damage|p1a: Kabutops|184\/262|[from] item: Life Orb
|faint|p2a: Klefki
|
|-weather|RainDance|[upkeep]
|
|switch|p2a: Bisharp|Bisharp, M|272\/272
|turn|8
|
|move|p1a: Kabutops|Aqua Jet|p2a: Bisharp
|-damage|p2a: Bisharp|126\/272
|-damage|p1a: Kabutops|158\/262|[from] item: Life Orb
|move|p2a: Bisharp|Sucker Punch|p1a: Kabutops
|-fail|p1a: Kabutops
|
|-weather|RainDance|[upkeep]
|-heal|p2a: Bisharp|143\/272|[from] item: Leftovers
|turn|9
|
|move|p1a: Kabutops|Waterfall|p2a: Bisharp
|-damage|p2a: Bisharp|0 fnt
|-damage|p1a: Kabutops|132\/262|[from] item: Life Orb
|faint|p2a: Bisharp
|
|-weather|none
|
|switch|p2a: Charizard|Charizard, M|298\/298
|turn|10
|
|switch|p1a: Politoed|Politoed, F, shiny|360\/384 tox
|-weather|RainDance
|detailschange|p2a: Charizard|Charizard-Mega-X, M
|message|Charizard has Mega Evolved into Mega Charizard!
|move|p2a: Charizard|Dragon Dance|p2a: Charizard
|-boost|p2a: Charizard|atk|1
|-boost|p2a: Charizard|spe|1
|
|-weather|RainDance|[upkeep]
|-damage|p1a: Politoed|336\/384 tox|[from] psn
|turn|11
|
|move|p2a: Charizard|Dragon Dance|p2a: Charizard
|-boost|p2a: Charizard|atk|1
|-boost|p2a: Charizard|spe|1
|move|p1a: Politoed|Encore|p2a: Charizard
|-start|p2a: Charizard|Encore
|
|-weather|RainDance|[upkeep]
|-damage|p1a: Politoed|288\/384 tox|[from] psn
|turn|12
|
|switch|p1a: Kabutops|Kabutops, M|132\/262
|move|p2a: Charizard|Dragon Dance|p2a: Charizard
|-boost|p2a: Charizard|atk|1
|-boost|p2a: Charizard|spe|1
|
|-weather|RainDance|[upkeep]
|turn|13
|
|move|p2a: Charizard|Dragon Dance|p2a: Charizard
|-boost|p2a: Charizard|atk|1
|-boost|p2a: Charizard|spe|1
|move|p1a: Kabutops|Stone Edge|p2a: Charizard|[miss]
|-miss|p1a: Kabutops|p2a: Charizard
|
|-weather|RainDance|[upkeep]
|turn|14
|
|move|p2a: Charizard|Dragon Dance|p2a: Charizard
|-boost|p2a: Charizard|atk|1
|-boost|p2a: Charizard|spe|1
|move|p1a: Kabutops|Stone Edge|p2a: Charizard
|-supereffective|p2a: Charizard
|-damage|p2a: Charizard|0 fnt
|-damage|p1a: Kabutops|106\/262|[from] item: Life Orb
|faint|p2a: Charizard
|
|-weather|RainDance|[upkeep]
|-message|kurosama34 forfeited.
|
|win|looiiyut
|raw|Ladder updating...
|leave|kurosama34
|player|p2
|raw|Ladder (probably) updated, but score could not be retrieved (timeout).
|raw|Ladder (probably) updated, but score could not be retrieved (Error: socket hang up).