|join|Patodragon.v30
|join|looiiyut
|player|p1|Patodragon.v30|101
|player|p2|looiiyut|210
|gametype|singles
|gen|6
|tier|OU (suspect test)
|rated
|clearpoke
|poke|p1|Garchomp, F
|poke|p1|Azumarill, F
|poke|p1|Bisharp, F
|poke|p1|Mew
|poke|p1|Heracross, F
|poke|p1|Thundurus, M
|poke|p2|Heracross, F
|poke|p2|Sylveon, M
|poke|p2|Heatran, F
|poke|p2|Mew
|poke|p2|Azumarill, F
|poke|p2|Zapdos
|rule|Swagger Clause: Swagger is banned
|rule|Baton Pass Clause: Limit one PokÃ©mon knowing Baton Pass
|rule|Sleep Clause Mod: Limit one foe put to sleep
|rule|Species Clause: Limit one of each PokÃ©mon
|rule|OHKO Clause: OHKO moves are banned
|rule|Moody Clause: Moody is banned
|rule|Evasion Moves Clause: Evasion moves are banned
|rule|Endless Battle Clause: Forcing endless battles is banned
|rule|HP Percentage Mod: HP is reported as percentages
|teampreview
|
|start
|switch|p1a: Garchomp|Garchomp, F|358\/358
|switch|p2a: Mew|Mew|377\/377
|turn|1
|
|move|p1a: Garchomp|Stealth Rock|p2a: Mew
|-sidestart|p2: looiiyut|move: Stealth Rock
|move|p2a: Mew|Will-O-Wisp|p1a: Garchomp|[miss]
|-miss|p2a: Mew|p1a: Garchomp
|
|turn|2
|
|switch|p1a: Mew|Mew|404\/404
|move|p2a: Mew|Will-O-Wisp|p1a: Mew|[miss]
|-miss|p2a: Mew|p1a: Mew
|
|turn|3
|
|move|p1a: Mew|Taunt|p2a: Mew
|-start|p2a: Mew|move: Taunt
|move|p2a: Mew|Volt Switch|p1a: Mew
|-damage|p1a: Mew|361\/404
|
|switch|p2a: Heatran|Heatran, F|386\/386
|-damage|p2a: Heatran|338\/386|[from] Stealth Rock
|
|-heal|p1a: Mew|386\/404|[from] item: Leftovers
|-heal|p2a: Heatran|362\/386|[from] item: Leftovers
|turn|4
|
|move|p1a: Mew|Taunt|p2a: Heatran
|-start|p2a: Heatran|move: Taunt
|move|p2a: Heatran|Lava Plume|p1a: Mew
|-damage|p1a: Mew|299\/404
|
|-heal|p1a: Mew|324\/404|[from] item: Leftovers
|-heal|p2a: Heatran|386\/386|[from] item: Leftovers
|turn|5
|
|move|p1a: Mew|Knock Off|p2a: Heatran
|-damage|p2a: Heatran|316\/386
|-enditem|p2a: Heatran|Leftovers|[from] move: Knock Off|[of] p1a: Mew
|move|p2a: Heatran|Lava Plume|p1a: Mew
|-damage|p1a: Mew|234\/404
|-status|p1a: Mew|brn
|
|-heal|p1a: Mew|259\/404 brn|[from] item: Leftovers
|-damage|p1a: Mew|209\/404 brn|[from] brn
|turn|6
|
|move|p1a: Mew|Roost|p1a: Mew
|-heal|p1a: Mew|404\/404 brn
|move|p2a: Heatran|Lava Plume|p1a: Mew
|-damage|p1a: Mew|308\/404 brn
|
|-heal|p1a: Mew|333\/404 brn|[from] item: Leftovers
|-damage|p1a: Mew|283\/404 brn|[from] brn
|-end|p2a: Heatran|move: Taunt
|turn|7
|
|move|p1a: Mew|Taunt|p2a: Heatran
|-start|p2a: Heatran|move: Taunt
|move|p2a: Heatran|Lava Plume|p1a: Mew
|-damage|p1a: Mew|193\/404 brn
|
|-heal|p1a: Mew|218\/404 brn|[from] item: Leftovers
|-damage|p1a: Mew|168\/404 brn|[from] brn
|turn|8
|
|move|p1a: Mew|Roost|p1a: Mew
|-heal|p1a: Mew|370\/404 brn
|move|p2a: Heatran|Lava Plume|p1a: Mew
|-damage|p1a: Mew|282\/404 brn
|
|-heal|p1a: Mew|307\/404 brn|[from] item: Leftovers
|-damage|p1a: Mew|257\/404 brn|[from] brn
|turn|9
|
|switch|p1a: Garchomp|Garchomp, F|358\/358
|move|p2a: Heatran|Lava Plume|p1a: Garchomp
|-crit|p1a: Garchomp
|-resisted|p1a: Garchomp
|-damage|p1a: Garchomp|240\/358
|-status|p1a: Garchomp|brn
|
|-damage|p1a: Garchomp|196\/358 brn|[from] brn
|-end|p2a: Heatran|move: Taunt
|turn|10
|
|switch|p1a: Heracross|Heracross, F|302\/302
|switch|p2a: Zapdos|Zapdos|384\/384
|-damage|p2a: Zapdos|288\/384|[from] Stealth Rock
|-ability|p2a: Zapdos|Pressure
|
|turn|11
|
|detailschange|p1a: Heracross|Heracross-Mega, F
|message|Heracross has Mega Evolved into Mega Heracross!
|move|p1a: Heracross|Rock Blast|p2a: Zapdos
|-supereffective|p2a: Zapdos
|-damage|p2a: Zapdos|200\/384
|-supereffective|p2a: Zapdos
|-damage|p2a: Zapdos|114\/384
|-supereffective|p2a: Zapdos
|-damage|p2a: Zapdos|30\/384
|-supereffective|p2a: Zapdos
|-damage|p2a: Zapdos|0 fnt
|-hitcount|p2a: Zapdos|4
|faint|p2a: Zapdos
|
|
|switch|p2a: Sylveon|Sylveon, M|393\/393
|-damage|p2a: Sylveon|344\/393|[from] Stealth Rock
|turn|12
|
|switch|p1a: Garchomp|Garchomp, F|196\/358 brn
|move|p2a: Sylveon|Hyper Voice|p1a: Garchomp
|-crit|p1a: Garchomp
|-supereffective|p1a: Garchomp
|-damage|p1a: Garchomp|0 fnt
|faint|p1a: Garchomp
|
|-heal|p2a: Sylveon|368\/393|[from] item: Leftovers
|
|switch|p1a: Bisharp|Bisharp, F|272\/272
|turn|13
|
|move|p1a: Bisharp|Swords Dance|p1a: Bisharp
|-boost|p1a: Bisharp|atk|2
|move|p2a: Sylveon|Hyper Voice|p1a: Bisharp
|-damage|p1a: Bisharp|58\/272
|
|-heal|p2a: Sylveon|392\/393|[from] item: Leftovers
|turn|14
|
|move|p1a: Bisharp|Iron Head|p2a: Sylveon
|-supereffective|p2a: Sylveon
|-damage|p2a: Sylveon|0 fnt
|-damage|p1a: Bisharp|31\/272|[from] item: Life Orb
|faint|p2a: Sylveon
|
|
|switch|p2a: Azumarill|Azumarill, F|404\/404
|-damage|p2a: Azumarill|354\/404|[from] Stealth Rock
|turn|15
|
|move|p1a: Bisharp|Sucker Punch|p2a: Azumarill
|-resisted|p2a: Azumarill
|-damage|p2a: Azumarill|128\/404
|-damage|p1a: Bisharp|4\/272|[from] item: Life Orb
|move|p2a: Azumarill|Aqua Jet|p1a: Bisharp
|-damage|p1a: Bisharp|0 fnt
|faint|p1a: Bisharp
|
|
|switch|p1a: Azumarill|Azumarill, F|374\/374
|turn|16
|
|move|p1a: Azumarill|Waterfall|p2a: Azumarill
|-resisted|p2a: Azumarill
|-damage|p2a: Azumarill|0 fnt
|faint|p2a: Azumarill
|
|
|switch|p2a: Heracross|Heracross, F|321\/321
|-damage|p2a: Heracross|281\/321|[from] Stealth Rock
|turn|17
|
|detailschange|p2a: Heracross|Heracross-Mega, F
|message|Heracross has Mega Evolved into Mega Heracross!
|move|p2a: Heracross|Bullet Seed|p1a: Azumarill
|-supereffective|p1a: Azumarill
|-damage|p1a: Azumarill|280\/374
|-supereffective|p1a: Azumarill
|-damage|p1a: Azumarill|186\/374
|-supereffective|p1a: Azumarill
|-damage|p1a: Azumarill|80\/374
|-supereffective|p1a: Azumarill
|-damage|p1a: Azumarill|0 fnt
|-hitcount|p1a: Azumarill|4
|faint|p1a: Azumarill
|
|
|switch|p1a: Mew|Mew|257\/404 brn
|turn|18
|
|move|p1a: Mew|Will-O-Wisp|p2a: Heracross
|-status|p2a: Heracross|brn
|move|p2a: Heracross|Pin Missile|p1a: Mew
|-supereffective|p1a: Mew
|-damage|p1a: Mew|197\/404 brn
|-supereffective|p1a: Mew
|-damage|p1a: Mew|131\/404 brn
|-supereffective|p1a: Mew
|-damage|p1a: Mew|65\/404 brn
|-supereffective|p1a: Mew
|-damage|p1a: Mew|0 fnt
|-hitcount|p1a: Mew|4
|faint|p1a: Mew
|
|-damage|p2a: Heracross|241\/321 brn|[from] brn
|chat|Patodragon.v30|jesus
|chat|Patodragon.v30|that power
|
|switch|p1a: Thundurus|Thundurus, M|299\/299
|turn|19
|
|move|p1a: Thundurus|Thunderbolt|p2a: Heracross
|-damage|p2a: Heracross|58\/321 brn
|-damage|p1a: Thundurus|270\/299|[from] item: Life Orb
|move|p2a: Heracross|Rock Blast|p1a: Thundurus
|-supereffective|p1a: Thundurus
|-damage|p1a: Thundurus|212\/299
|-supereffective|p1a: Thundurus
|-damage|p1a: Thundurus|158\/299
|-supereffective|p1a: Thundurus
|-damage|p1a: Thundurus|102\/299
|-supereffective|p1a: Thundurus
|-damage|p1a: Thundurus|52\/299
|-supereffective|p1a: Thundurus
|-damage|p1a: Thundurus|0 fnt
|-hitcount|p1a: Thundurus|5
|faint|p1a: Thundurus
|
|-damage|p2a: Heracross|18\/321 brn|[from] brn
|chat|Patodragon.v30|gg
|
|switch|p1a: Heracross|Heracross-Mega, F|302\/302
|turn|20
|
|move|p1a: Heracross|Pin Missile|p2a: Heracross
|-resisted|p2a: Heracross
|-damage|p2a: Heracross|0 fnt
|-hitcount|p2a: Heracross|1
|faint|p2a: Heracross
|
|
|switch|p2a: Mew|Mew|377\/377
|-damage|p2a: Mew|330\/377|[from] Stealth Rock
|turn|21
|
|move|p1a: Heracross|Pin Missile|p2a: Mew
|-supereffective|p2a: Mew
|-damage|p2a: Mew|240\/377
|-supereffective|p2a: Mew
|-damage|p2a: Mew|150\/377
|-supereffective|p2a: Mew
|-damage|p2a: Mew|70\/377
|-supereffective|p2a: Mew
|-damage|p2a: Mew|0 fnt
|-hitcount|p2a: Mew|4
|faint|p2a: Mew
|
|chat|looiiyut|jolly?
|
|switch|p2a: Heatran|Heatran, F|316\/386
|-damage|p2a: Heatran|268\/386|[from] Stealth Rock
|turn|22
|chat|Patodragon.v30|yep
|
|move|p1a: Heracross|Close Combat|p2a: Heatran
|-supereffective|p2a: Heatran
|-damage|p2a: Heatran|0 fnt
|-unboost|p1a: Heracross|def|1
|-unboost|p1a: Heracross|spd|1
|faint|p2a: Heatran
|
|win|Patodragon.v30
|raw|Ladder updating...
|raw|Patodragon.v30's rating: 1316 &rarr; <strong>1332<\/strong><br \/>(+16 for winning)
|raw|looiiyut's rating: 1244 &rarr; <strong>1224<\/strong><br \/>(-20 for losing)
|chat|Patodragon.v30|beat smeagle
|chat|Patodragon.v30|and breloom
|chat|looiiyut|i know
|chat|looiiyut|but i prefer adamant
|chat|looiiyut|wp
|chat|Patodragon.v30|got sd to make up for it
|chat|Patodragon.v30|same
|leave|looiiyut
|player|p2
|chat|Patodragon.v30|gg