|join|Alvi
|join|looiiyut
|player|p1|Alvi|101
|player|p2|looiiyut|210
|gametype|singles
|gen|6
|tier|OU (suspect test)
|rated
|clearpoke
|poke|p1|Smeargle, M, shiny
|poke|p1|Whimsicott, F
|poke|p1|Espeon, M, shiny
|poke|p1|Gothitelle, M
|poke|p1|Azelf
|poke|p1|Talonflame, M
|poke|p2|Heracross, M
|poke|p2|Sylveon, F
|poke|p2|Heatran, M
|poke|p2|Mew
|poke|p2|Azumarill, F
|poke|p2|Zapdos
|rule|Swagger Clause: Swagger is banned
|rule|Baton Pass Clause: Limit one PokÃ©mon knowing Baton Pass
|rule|Sleep Clause Mod: Limit one foe put to sleep
|rule|Species Clause: Limit one of each PokÃ©mon
|rule|OHKO Clause: OHKO moves are banned
|rule|Moody Clause: Moody is banned
|rule|Evasion Moves Clause: Evasion moves are banned
|rule|Endless Battle Clause: Forcing endless battles is banned
|rule|HP Percentage Mod: HP is reported as percentages
|teampreview
|
|start
|switch|p1a: Talonflame|Talonflame, M|360\/360
|switch|p2a: Zapdos|Zapdos|384\/384
|-ability|p2a: Zapdos|Pressure
|turn|1
|join|m057
|
|move|p1a: Talonflame|Taunt|p2a: Zapdos
|-start|p2a: Zapdos|move: Taunt
|move|p2a: Zapdos|Thunderbolt|p1a: Talonflame
|-supereffective|p1a: Talonflame
|-enditem|p1a: Talonflame|Focus Sash
|-damage|p1a: Talonflame|1\/360
|
|turn|2
|
|move|p1a: Talonflame|Tailwind|p1a: Talonflame
|-sidestart|p1: Alvi|move: Tailwind
|move|p2a: Zapdos|Volt Switch|p1a: Talonflame
|-crit|p1a: Talonflame
|-supereffective|p1a: Talonflame
|-damage|p1a: Talonflame|0 fnt
|faint|p1a: Talonflame
|
|switch|p2a: Heatran|Heatran, M|386\/386
|
|
|switch|p1a: Azelf|Azelf|354\/354
|turn|3
|
|move|p1a: Azelf|Light Screen|p1a: Azelf
|-sidestart|p1: Alvi|move: Light Screen
|move|p2a: Heatran|Taunt|p1a: Azelf
|-start|p1a: Azelf|move: Taunt
|
|turn|4
|
|move|p1a: Azelf|Explosion|p2a: Heatran
|-resisted|p2a: Heatran
|-damage|p2a: Heatran|304\/386
|faint|p1a: Azelf
|move|p2a: Heatran|Stealth Rock|p1: Azelf
|-sidestart|p1: Alvi|move: Stealth Rock
|
|-heal|p2a: Heatran|328\/386|[from] item: Leftovers
|
|switch|p1a: Whimsicott|Whimsicott, F|324\/324
|-damage|p1a: Whimsicott|284\/324|[from] Stealth Rock
|turn|5
|
|move|p1a: Whimsicott|Encore|p2a: Heatran
|-start|p2a: Heatran|Encore
|move|p2a: Heatran|Stealth Rock|p1a: Whimsicott
|-fail|p1a: Whimsicott
|
|-heal|p2a: Heatran|352\/386|[from] item: Leftovers
|-sideend|p1: Alvi|move: Tailwind
|turn|6
|
|switch|p2a: Sylveon|Sylveon, F|393\/393
|move|p1a: Whimsicott|Memento|p2a: Sylveon
|-unboost|p2a: Sylveon|atk|2
|-unboost|p2a: Sylveon|spa|2
|faint|p1a: Whimsicott
|
|
|switch|p1a: Smeargle|Smeargle, M, shiny|273\/273
|-damage|p1a: Smeargle|239\/273|[from] Stealth Rock
|turn|7
|
|move|p1a: Smeargle|Geomancy|p1a: Smeargle|[still]
|-prepare|p1a: Smeargle|Geomancy|p1a: Smeargle
|-enditem|p1a: Smeargle|Power Herb
|-anim|p1a: Smeargle|Geomancy|p1a: Smeargle
|-boost|p1a: Smeargle|spa|2
|-boost|p1a: Smeargle|spd|2
|-boost|p1a: Smeargle|spe|2
|move|p2a: Sylveon|Hyper Voice|p1a: Smeargle
|-crit|p1a: Smeargle
|-damage|p1a: Smeargle|0 fnt
|faint|p1a: Smeargle
|
|-message|Alvi forfeited.
|
|win|looiiyut
|raw|Ladder updating...
|leave|Alvi
|player|p1
|raw|Alvi's rating: 1365 &rarr; <strong>1335<\/strong><br \/>(-30 for losing)
|raw|looiiyut's rating: 1169 &rarr; <strong>1207<\/strong><br \/>(+38 for winning)
|chat|looiiyut|yes
|chat|looiiyut|i love critic
|chat|looiiyut|!rank looiiyut