|join|LadderSoTall
|join|fdfdfddd
|player|p1|LadderSoTall|31
|player|p2|fdfdfddd|170
|gametype|singles
|gen|6
|tier|ORAS OU
|rated
|rule|Sleep Clause Mod: Limit one foe put to sleep
|rule|Species Clause: Limit one of each PokÃ©mon
|rule|OHKO Clause: OHKO moves are banned
|rule|Moody Clause: Moody is banned
|rule|Evasion Moves Clause: Evasion moves are banned
|rule|Endless Battle Clause: Forcing endless battles is banned
|rule|HP Percentage Mod: HP is shown in percentages
|clearpoke
|poke|p1|Greninja, M, shiny
|poke|p1|Sableye, M
|poke|p1|Diggersby, M
|poke|p1|Dugtrio, M, shiny
|poke|p1|Skarmory, M, shiny
|poke|p1|Chansey, F
|poke|p2|Tyranitar, M
|poke|p2|Greninja, F
|poke|p2|Pidgeot, M
|poke|p2|Ferrothorn, F
|poke|p2|Excadrill, M
|poke|p2|Gardevoir, M
|rule|Swagger Clause: Swagger is banned
|rule|Baton Pass Clause: Limit one PokÃ©mon knowing Baton Pass
|teampreview
|
|start
|switch|p1a: Shadow|Sableye, M|304\/304
|switch|p2a: Gardevoir|Gardevoir, M|277\/277
|-ability|p2a: Gardevoir|Prankster|[from] ability: Trace|[of] p1a: Shadow
|turn|1
|
|switch|p1a: Chansey|Chansey, F|704\/704
|move|p2a: Gardevoir|Moonblast|p1a: Chansey
|-damage|p1a: Chansey|590\/704
|
|turn|2
|
|switch|p2a: Ferrothorn|Ferrothorn, F|352\/352
|move|p1a: Chansey|Stealth Rock|p2a: Ferrothorn
|-sidestart|p2: fdfdfddd|move: Stealth Rock
|
|turn|3
|
|switch|p1a: Shadow|Sableye, M|304\/304
|move|p2a: Ferrothorn|Leech Seed|p1a: Shadow
|-start|p1a: Shadow|move: Leech Seed
|
|-damage|p1a: Shadow|266\/304|[from] Leech Seed|[of] p2a: Ferrothorn
|turn|4
|
|detailschange|p1a: Shadow|Sableye-Mega, M
|message|Sableye has Mega Evolved into Mega Sableye!
|move|p2a: Ferrothorn|Protect|p2a: Ferrothorn
|-singleturn|p2a: Ferrothorn|Protect
|move|p1a: Shadow|Will-O-Wisp|p2a: Ferrothorn
|-activate|p2a: Ferrothorn|Protect
|
|-damage|p1a: Shadow|228\/304|[from] Leech Seed|[of] p2a: Ferrothorn
|turn|5
|
|switch|p2a: Gardevoir|Gardevoir, M|277\/277
|-damage|p2a: Gardevoir|243\/277|[from] Stealth Rock
|-ability|p2a: Gardevoir|Magic Bounce|[from] ability: Trace|[of] p1a: Shadow
|move|p1a: Shadow|Will-O-Wisp|p2a: Gardevoir
|move|p2a: Gardevoir|Will-O-Wisp|p1a: Shadow|[from]Magic Bounce
|-status|p1a: Shadow|brn
|
|-damage|p1a: Shadow|190\/304 brn|[from] Leech Seed|[of] p2a: Gardevoir
|-heal|p2a: Gardevoir|277\/277|[silent]
|-damage|p1a: Shadow|152\/304 brn|[from] brn
|turn|6
|c|âLadderSoTall|huh
|c|âfdfdfddd|trace
|
|switch|p1a: Chansey|Chansey, F|590\/704
|move|p2a: Gardevoir|Moonblast|p1a: Chansey
|-crit|p1a: Chansey
|-damage|p1a: Chansey|440\/704
|
|turn|7
|
|switch|p2a: Ferrothorn|Ferrothorn, F|352\/352
|-damage|p2a: Ferrothorn|330\/352|[from] Stealth Rock
|move|p1a: Chansey|Soft-Boiled|p1a: Chansey
|-heal|p1a: Chansey|704\/704
|
|-heal|p2a: Ferrothorn|352\/352|[from] item: Leftovers
|turn|8
|
|switch|p1a: Shadow|Sableye-Mega, M|152\/304 brn
|move|p2a: Ferrothorn|Gyro Ball|p1a: Shadow
|-damage|p1a: Shadow|131\/304 brn
|
|-damage|p1a: Shadow|93\/304 brn|[from] brn
|turn|9
|
|switch|p2a: Gardevoir|Gardevoir, M|277\/277
|-damage|p2a: Gardevoir|243\/277|[from] Stealth Rock
|-ability|p2a: Gardevoir|Magic Bounce|[from] ability: Trace|[of] p1a: Shadow
|move|p1a: Shadow|Recover|p1a: Shadow
|-heal|p1a: Shadow|245\/304 brn
|
|-damage|p1a: Shadow|207\/304 brn|[from] brn
|turn|10
|
|switch|p1a: Chansey|Chansey, F|704\/704
|move|p2a: Gardevoir|Moonblast|p1a: Chansey
|-damage|p1a: Chansey|589\/704
|
|turn|11
|
|move|p2a: Gardevoir|Moonblast|p1a: Chansey
|-damage|p1a: Chansey|480\/704
|move|p1a: Chansey|Thunder Wave|p2a: Gardevoir
|move|p2a: Gardevoir|Thunder Wave|p1a: Chansey|[from]Magic Bounce
|-status|p1a: Chansey|par
|
|turn|12
|
|switch|p2a: Ferrothorn|Ferrothorn, F|352\/352
|-damage|p2a: Ferrothorn|330\/352|[from] Stealth Rock
|move|p1a: Chansey|Soft-Boiled|p1a: Chansey
|-heal|p1a: Chansey|704\/704 par
|
|-heal|p2a: Ferrothorn|352\/352|[from] item: Leftovers
|turn|13
|
|switch|p1a: Shadow|Sableye-Mega, M|207\/304 brn
|move|p2a: Ferrothorn|Leech Seed|p1a: Shadow
|move|p1a: Shadow|Leech Seed|p2a: Ferrothorn|[from]Magic Bounce
|-immune|p2a: Ferrothorn|[msg]
|
|-damage|p1a: Shadow|169\/304 brn|[from] brn
|turn|14
|
|switch|p2a: Gardevoir|Gardevoir, M|243\/277
|-damage|p2a: Gardevoir|209\/277|[from] Stealth Rock
|-ability|p2a: Gardevoir|Magic Bounce|[from] ability: Trace|[of] p1a: Shadow
|move|p1a: Shadow|Recover|p1a: Shadow
|-heal|p1a: Shadow|304\/304 brn
|
|-damage|p1a: Shadow|266\/304 brn|[from] brn
|turn|15
|
|switch|p1a: Chansey|Chansey, F|704\/704
|move|p2a: Gardevoir|Moonblast|p1a: Chansey
|-damage|p1a: Chansey|596\/704
|
|turn|16
|
|switch|p2a: Ferrothorn|Ferrothorn, F|352\/352
|-damage|p2a: Ferrothorn|330\/352|[from] Stealth Rock
|move|p1a: Chansey|Seismic Toss|p2a: Ferrothorn
|-damage|p2a: Ferrothorn|230\/352
|-damage|p1a: Chansey|508\/704|[from] ability: Iron Barbs|[of] p2a: Ferrothorn
|
|-heal|p2a: Ferrothorn|252\/352|[from] item: Leftovers
|turn|17
|
|switch|p1a: Shadow|Sableye-Mega, M|266\/304 brn
|switch|p2a: Gardevoir|Gardevoir, M|209\/277
|-damage|p2a: Gardevoir|175\/277|[from] Stealth Rock
|-ability|p2a: Gardevoir|Magic Bounce|[from] ability: Trace|[of] p1a: Shadow
|
|-damage|p1a: Shadow|228\/304 brn|[from] brn
|turn|18
|
|switch|p1a: Chansey|Chansey, F|508\/704
|move|p2a: Gardevoir|Trick|p1a: Chansey
|-activate|p2a: Gardevoir|move: Trick|[of] p1a: Chansey
|-item|p1a: Chansey|Choice Scarf|[from] move: Trick
|-item|p2a: Gardevoir|Eviolite|[from] move: Trick
|
|turn|19
|
|move|p2a: Gardevoir|Psyshock|p1a: Chansey
|-damage|p1a: Chansey|226\/704
|move|p1a: Chansey|Seismic Toss|p2a: Gardevoir
|-damage|p2a: Gardevoir|75\/277
|
|turn|20
|
|switch|p1a: Skarmory|Skarmory, M, shiny|334\/334
|move|p2a: Gardevoir|Psyshock|p1a: Skarmory
|-resisted|p1a: Skarmory
|-damage|p1a: Skarmory|293\/334
|
|turn|21
|
|move|p2a: Gardevoir|Trick|p1a: Skarmory
|-activate|p2a: Gardevoir|move: Trick|[of] p1a: Skarmory
|-item|p1a: Skarmory|Eviolite|[from] move: Trick
|-item|p2a: Gardevoir|Shed Shell|[from] move: Trick
|move|p1a: Skarmory|Brave Bird|p2a: Gardevoir
|-damage|p2a: Gardevoir|0 fnt
|-damage|p1a: Skarmory|268\/334|[from] recoil|[of] p2a: Gardevoir
|faint|p2a: Gardevoir
|
|
|switch|p2a: Pidgeot|Pidgeot, M|307\/307
|-damage|p2a: Pidgeot|231\/307|[from] Stealth Rock
|turn|22
|
|switch|p1a: Chansey|Chansey, F|226\/704
|detailschange|p2a: Pidgeot|Pidgeot-Mega, M
|message|Pidgeot has Mega Evolved into Mega Pidgeot!
|move|p2a: Pidgeot|Roost|p2a: Pidgeot
|-heal|p2a: Pidgeot|307\/307
|
|turn|23
|
|move|p2a: Pidgeot|Hurricane|p1a: Chansey
|-damage|p1a: Chansey|19\/704
|-start|p1a: Chansey|confusion
|-activate|p1a: Chansey|confusion
|move|p1a: Chansey|Soft-Boiled|p1a: Chansey
|-heal|p1a: Chansey|371\/704
|
|turn|24
|
|move|p2a: Pidgeot|U-turn|p1a: Chansey
|-damage|p1a: Chansey|274\/704
|
|switch|p2a: Tyranitar|Tyranitar, M|365\/365
|-damage|p2a: Tyranitar|320\/365|[from] Stealth Rock
|-weather|Sandstorm
|-activate|p1a: Chansey|confusion
|-damage|p1a: Chansey|263\/704|[from] confusion
|
|-weather|Sandstorm|[upkeep]
|-damage|p1a: Chansey|219\/704|[from] sandstorm
|turn|25
|
|switch|p1a: Skarmory|Skarmory, M, shiny|268\/334
|move|p2a: Tyranitar|Stealth Rock|p1a: Skarmory
|-sidestart|p1: LadderSoTall|move: Stealth Rock
|
|-weather|Sandstorm|[upkeep]
|turn|26
|
|switch|p2a: Greninja|Greninja, F|285\/285
|-damage|p2a: Greninja|250\/285|[from] Stealth Rock
|move|p1a: Skarmory|Spikes|p2a: Greninja
|-sidestart|p2: fdfdfddd|Spikes
|
|-weather|Sandstorm|[upkeep]
|-damage|p2a: Greninja|233\/285|[from] sandstorm
|turn|27
|
|switch|p1a: Chansey|Chansey, F|219\/704
|-damage|p1a: Chansey|131\/704|[from] Stealth Rock
|move|p2a: Greninja|Ice Beam|p1a: Chansey
|-start|p2a: Greninja|typechange|Ice|[from] Protean
|-damage|p1a: Chansey|0 fnt
|-damage|p2a: Greninja|205\/285|[from] item: Life Orb
|faint|p1a: Chansey
|
|-weather|Sandstorm|[upkeep]
|-damage|p2a: Greninja|188\/285|[from] sandstorm
|
|switch|p1a: Greninja|Greninja, M, shiny|285\/285
|-damage|p1a: Greninja|250\/285|[from] Stealth Rock
|turn|28
|
|switch|p2a: Ferrothorn|Ferrothorn, F|252\/352
|-damage|p2a: Ferrothorn|230\/352|[from] Stealth Rock
|-damage|p2a: Ferrothorn|186\/352|[from] Spikes
|move|p1a: Greninja|Scald|p2a: Ferrothorn
|-start|p1a: Greninja|typechange|Water|[from] Protean
|-resisted|p2a: Ferrothorn
|-damage|p2a: Ferrothorn|141\/352
|
|-weather|Sandstorm|[upkeep]
|-damage|p1a: Greninja|233\/285|[from] sandstorm
|-heal|p2a: Ferrothorn|163\/352|[from] item: Leftovers
|turn|29
|
|switch|p1a: Shadow|Sableye-Mega, M|228\/304 brn
|-damage|p1a: Shadow|190\/304 brn|[from] Stealth Rock
|move|p2a: Ferrothorn|Leech Seed|p1a: Shadow
|move|p1a: Shadow|Leech Seed|p2a: Ferrothorn|[from]Magic Bounce
|-immune|p2a: Ferrothorn|[msg]
|
|-weather|Sandstorm|[upkeep]
|-damage|p1a: Shadow|171\/304 brn|[from] sandstorm
|-heal|p2a: Ferrothorn|185\/352|[from] item: Leftovers
|-damage|p1a: Shadow|133\/304 brn|[from] brn
|turn|30
|
|move|p1a: Shadow|Recover|p1a: Shadow
|-heal|p1a: Shadow|285\/304 brn
|move|p2a: Ferrothorn|Gyro Ball|p1a: Shadow
|-damage|p1a: Shadow|266\/304 brn
|
|-weather|Sandstorm|[upkeep]
|-damage|p1a: Shadow|247\/304 brn|[from] sandstorm
|-heal|p2a: Ferrothorn|207\/352|[from] item: Leftovers
|-damage|p1a: Shadow|209\/304 brn|[from] brn
|turn|31
|
|move|p2a: Ferrothorn|Protect|p2a: Ferrothorn
|-singleturn|p2a: Ferrothorn|Protect
|move|p1a: Shadow|Will-O-Wisp|p2a: Ferrothorn
|-activate|p2a: Ferrothorn|Protect
|
|-weather|none
|-heal|p2a: Ferrothorn|229\/352|[from] item: Leftovers
|-damage|p1a: Shadow|171\/304 brn|[from] brn
|turn|32
|
|switch|p2a: Tyranitar|Tyranitar, M|320\/365
|-damage|p2a: Tyranitar|275\/365|[from] Spikes
|-damage|p2a: Tyranitar|230\/365|[from] Stealth Rock
|-weather|Sandstorm
|move|p1a: Shadow|Recover|p1a: Shadow
|-heal|p1a: Shadow|304\/304 brn
|
|-weather|Sandstorm|[upkeep]
|-damage|p1a: Shadow|285\/304 brn|[from] sandstorm
|-damage|p1a: Shadow|247\/304 brn|[from] brn
|turn|33
|
|move|p2a: Tyranitar|Earthquake|p1a: Shadow
|-damage|p1a: Shadow|179\/304 brn
|move|p1a: Shadow|Will-O-Wisp|p2a: Tyranitar|[miss]
|-miss|p1a: Shadow|p2a: Tyranitar
|
|-weather|Sandstorm|[upkeep]
|-damage|p1a: Shadow|160\/304 brn|[from] sandstorm
|-damage|p1a: Shadow|122\/304 brn|[from] brn
|turn|34
|
|move|p2a: Tyranitar|Earthquake|p1a: Shadow
|-damage|p1a: Shadow|52\/304 brn
|move|p1a: Shadow|Recover|p1a: Shadow
|-heal|p1a: Shadow|204\/304 brn
|
|-weather|Sandstorm|[upkeep]
|-damage|p1a: Shadow|185\/304 brn|[from] sandstorm
|-damage|p1a: Shadow|147\/304 brn|[from] brn
|turn|35
|
|move|p2a: Tyranitar|Earthquake|p1a: Shadow
|-damage|p1a: Shadow|80\/304 brn
|move|p1a: Shadow|Recover|p1a: Shadow
|-heal|p1a: Shadow|232\/304 brn
|
|-weather|Sandstorm|[upkeep]
|-damage|p1a: Shadow|213\/304 brn|[from] sandstorm
|-damage|p1a: Shadow|175\/304 brn|[from] brn
|turn|36
|
|move|p2a: Tyranitar|Earthquake|p1a: Shadow
|-damage|p1a: Shadow|101\/304 brn
|move|p1a: Shadow|Recover|p1a: Shadow
|-heal|p1a: Shadow|253\/304 brn
|
|-weather|Sandstorm|[upkeep]
|-damage|p1a: Shadow|234\/304 brn|[from] sandstorm
|-damage|p1a: Shadow|196\/304 brn|[from] brn
|turn|37
|
|move|p2a: Tyranitar|Earthquake|p1a: Shadow
|-damage|p1a: Shadow|130\/304 brn
|move|p1a: Shadow|Recover|p1a: Shadow
|-heal|p1a: Shadow|282\/304 brn
|
|-weather|Sandstorm|[upkeep]
|-damage|p1a: Shadow|263\/304 brn|[from] sandstorm
|-damage|p1a: Shadow|225\/304 brn|[from] brn
|turn|38
|
|move|p2a: Tyranitar|Earthquake|p1a: Shadow
|-damage|p1a: Shadow|152\/304 brn
|move|p1a: Shadow|Will-O-Wisp|p2a: Tyranitar|[miss]
|-miss|p1a: Shadow|p2a: Tyranitar
|
|-weather|Sandstorm|[upkeep]
|-damage|p1a: Shadow|133\/304 brn|[from] sandstorm
|-damage|p1a: Shadow|95\/304 brn|[from] brn
|turn|39
|c|âLadderSoTall|cmon
|
|switch|p2a: Pidgeot|Pidgeot-Mega, M|307\/307
|-damage|p2a: Pidgeot|231\/307|[from] Stealth Rock
|move|p1a: Shadow|Recover|p1a: Shadow
|-heal|p1a: Shadow|247\/304 brn
|
|-weather|none
|-damage|p1a: Shadow|209\/304 brn|[from] brn
|turn|40
|
|move|p2a: Pidgeot|Hurricane|p1a: Shadow
|-damage|p1a: Shadow|44\/304 brn
|-start|p1a: Shadow|confusion
|-activate|p1a: Shadow|confusion
|-damage|p1a: Shadow|35\/304 brn|[from] confusion
|
|-damage|p1a: Shadow|0 fnt|[from] brn
|faint|p1a: Shadow
|c|âLadderSoTall|whatever
|
|switch|p1a: Greninja|Greninja, M, shiny|233\/285
|-damage|p1a: Greninja|198\/285|[from] Stealth Rock
|turn|41
|c|âLadderSoTall|getting haxed the whooe game
|c|âLadderSoTall|great
|
|switch|p2a: Ferrothorn|Ferrothorn, F|229\/352
|-damage|p2a: Ferrothorn|207\/352|[from] Stealth Rock
|-damage|p2a: Ferrothorn|163\/352|[from] Spikes
|move|p1a: Greninja|Ice Beam|p2a: Ferrothorn
|-start|p1a: Greninja|typechange|Ice|[from] Protean
|-damage|p2a: Ferrothorn|69\/352
|
|-heal|p2a: Ferrothorn|91\/352|[from] item: Leftovers
|turn|42
|
|move|p2a: Ferrothorn|Protect|p2a: Ferrothorn
|-singleturn|p2a: Ferrothorn|Protect
|move|p1a: Greninja|Ice Beam|p2a: Ferrothorn
|-activate|p2a: Ferrothorn|Protect
|
|-heal|p2a: Ferrothorn|113\/352|[from] item: Leftovers
|turn|43
|
|move|p1a: Greninja|Ice Beam|p2a: Ferrothorn
|-crit|p2a: Ferrothorn
|-damage|p2a: Ferrothorn|0 fnt
|faint|p2a: Ferrothorn
|
|c|âLadderSoTall|finally
|
|switch|p2a: Greninja|Greninja, F|188\/285
|-damage|p2a: Greninja|153\/285|[from] Stealth Rock
|-damage|p2a: Greninja|118\/285|[from] Spikes
|turn|44
|
|move|p1a: Greninja|Gunk Shot|p2a: Greninja
|-start|p1a: Greninja|typechange|Poison|[from] Protean
|-damage|p2a: Greninja|0 fnt
|faint|p2a: Greninja
|
|
|switch|p2a: Tyranitar|Tyranitar, M|230\/365
|-damage|p2a: Tyranitar|185\/365|[from] Stealth Rock
|-damage|p2a: Tyranitar|140\/365|[from] Spikes
|-weather|Sandstorm
|turn|45
|
|move|p1a: Greninja|Scald|p2a: Tyranitar
|-start|p1a: Greninja|typechange|Water|[from] Protean
|-supereffective|p2a: Tyranitar
|-damage|p2a: Tyranitar|0 fnt
|faint|p2a: Tyranitar
|
|-weather|Sandstorm|[upkeep]
|-damage|p1a: Greninja|181\/285|[from] sandstorm
|
|switch|p2a: Excadrill|Excadrill, M|362\/362
|-damage|p2a: Excadrill|351\/362|[from] Stealth Rock
|-item|p2a: Excadrill|Air Balloon
|turn|46
|
|switch|p1a: Skarmory|Skarmory, M, shiny|268\/334
|-damage|p1a: Skarmory|227\/334|[from] Stealth Rock
|move|p2a: Excadrill|Rock Slide|p1a: Skarmory
|-damage|p1a: Skarmory|173\/334
|
|-weather|Sandstorm|[upkeep]
|turn|47
|
|move|p2a: Excadrill|Rapid Spin|p1a: Skarmory
|-resisted|p1a: Skarmory
|-damage|p1a: Skarmory|165\/334
|-sideend|p2: fdfdfddd|Spikes|[from] move: Rapid Spin|[of] p2a: Excadrill
|-sideend|p2: fdfdfddd|Stealth Rock|[from] move: Rapid Spin|[of] p2a: Excadrill
|move|p1a: Skarmory|Roost|p1a: Skarmory
|-heal|p1a: Skarmory|332\/334
|
|-weather|Sandstorm|[upkeep]
|turn|48
|
|switch|p2a: Pidgeot|Pidgeot-Mega, M|231\/307
|move|p1a: Skarmory|Brave Bird|p2a: Pidgeot
|-damage|p2a: Pidgeot|90\/307
|-damage|p1a: Skarmory|285\/334|[from] recoil|[of] p2a: Pidgeot
|
|-weather|Sandstorm|[upkeep]
|-damage|p2a: Pidgeot|71\/307|[from] sandstorm
|turn|49
|
|move|p2a: Pidgeot|Heat Wave|p1a: Skarmory
|-supereffective|p1a: Skarmory
|-damage|p1a: Skarmory|7\/334
|move|p1a: Skarmory|Whirlwind|p2a: Pidgeot
|drag|p2a: Excadrill|Excadrill, M|351\/362
|-item|p2a: Excadrill|Air Balloon
|
|-weather|Sandstorm|[upkeep]
|turn|50
|
|move|p2a: Excadrill|Iron Head|p1a: Skarmory
|-resisted|p1a: Skarmory
|-damage|p1a: Skarmory|0 fnt
|faint|p1a: Skarmory
|
|-weather|Sandstorm|[upkeep]
|
|switch|p1a: Diggersby|Diggersby, M|312\/312
|-damage|p1a: Diggersby|293\/312|[from] Stealth Rock
|turn|51
|
|move|p2a: Excadrill|Earthquake|p1a: Diggersby
|-damage|p1a: Diggersby|44\/312
|move|p1a: Diggersby|Superpower|p2a: Excadrill
|-supereffective|p2a: Excadrill
|-damage|p2a: Excadrill|0 fnt
|-enditem|p2a: Excadrill|Air Balloon
|-unboost|p1a: Diggersby|atk|1
|-unboost|p1a: Diggersby|def|1
|faint|p2a: Excadrill
|
|-weather|Sandstorm|[upkeep]
|
|switch|p2a: Pidgeot|Pidgeot-Mega, M|71\/307
|turn|52
|c|âLadderSoTall|gg
|
|move|p2a: Pidgeot|Roost|p2a: Pidgeot
|-heal|p2a: Pidgeot|225\/307
|move|p1a: Diggersby|Superpower|p2a: Pidgeot
|-supereffective|p2a: Pidgeot
|-damage|p2a: Pidgeot|0 fnt
|-unboost|p1a: Diggersby|atk|1
|-unboost|p1a: Diggersby|def|1
|faint|p2a: Pidgeot
|
|win|LadderSoTall
|raw|Ladder updating...
|raw|LadderSoTall's rating: 1477 &rarr; <strong>1491<\/strong><br \/>(+14 for winning)
|raw|fdfdfddd's rating: 1368 &rarr; <strong>1354<\/strong><br \/>(-14 for losing)
|leave|fdfdfddd
|player|p2