|join|Aka DH
|join|LadderSoTall
|player|p1|Aka DH|68
|player|p2|LadderSoTall|31
|gametype|singles
|gen|6
|tier|ORAS OU
|rule|Sleep Clause Mod: Limit one foe put to sleep
|rule|Species Clause: Limit one of each PokÃ©mon
|rule|OHKO Clause: OHKO moves are banned
|rule|Moody Clause: Moody is banned
|rule|Evasion Moves Clause: Evasion moves are banned
|rule|Endless Battle Clause: Forcing endless battles is banned
|rule|HP Percentage Mod: HP is shown in percentages
|clearpoke
|poke|p1|Bisharp, M
|poke|p1|Venusaur, M
|poke|p1|Heatran, M
|poke|p1|Keldeo
|poke|p1|Chansey, F
|poke|p1|Skarmory, M
|poke|p2|Slowbro, M
|poke|p2|Sableye, M
|poke|p2|Latios, M
|poke|p2|Bisharp, M
|poke|p2|Skarmory, M, shiny
|poke|p2|Chansey, F
|rule|Swagger Clause: Swagger is banned
|rule|Baton Pass Clause: Limit one PokÃ©mon knowing Baton Pass
|teampreview
|join|Cosine180
|join|rar.exe
|join|AM
|join|uCan'tSeeMe
|c|âLadderSoTall|idk TR coulda worked
|join|Aurious
|join|fuck oras meta
|join|Gurkendrache
|join|jake5
|join|kurueu
|c|âLadderSoTall|OH GOD
|c| Aurious|What a fag are u aka dh
|c|âLadderSoTall|lol
|
|start
|switch|p1a: Heatran|Heatran, M|340\/340
|switch|p2a: Shadow|Sableye, M|304\/304
|-item|p1a: Heatran|Air Balloon
|turn|1
|c| Aurious|playing that weird stall shit even in oras
|c| Gurkendrache|Die ganze Deutsche Crew ist ja hier versammelt :D
|
|detailschange|p2a: Shadow|Sableye-Mega, M
|message|Sableye has Mega Evolved into Mega Sableye!
|move|p2a: Shadow|Calm Mind|p2a: Shadow
|-boost|p2a: Shadow|spa|1
|-boost|p2a: Shadow|spd|1
|move|p1a: Heatran|Fire Blast|p2a: Shadow|[miss]
|-miss|p1a: Heatran|p2a: Shadow
|
|turn|2
|join|FEARSOME MAW
|join|IAmGingy
|c| uCan'tSeeMe|deutschland ftw
|c| Gurkendrache|Isso :D
|raw|<div class="broadcast-red"><b>Moderated chat was set to +!<\/b><br \/>Only users of rank + and higher can talk.<\/div>
|
|switch|p1a: Keldeo|Keldeo|323\/323
|move|p2a: Shadow|Calm Mind|p2a: Shadow
|-boost|p2a: Shadow|spa|1
|-boost|p2a: Shadow|spd|1
|
|turn|3
|
|move|p1a: Keldeo|Calm Mind|p1a: Keldeo
|-boost|p1a: Keldeo|spa|1
|-boost|p1a: Keldeo|spd|1
|move|p2a: Shadow|Shadow Ball|p1a: Keldeo
|-damage|p1a: Keldeo|197\/323
|
|-heal|p1a: Keldeo|217\/323|[from] item: Leftovers
|turn|4
|join|i came from leddit
|
|move|p1a: Keldeo|Scald|p2a: Shadow
|-damage|p2a: Shadow|214\/304
|move|p2a: Shadow|Shadow Ball|p1a: Keldeo
|-damage|p1a: Keldeo|81\/323
|
|-heal|p1a: Keldeo|101\/323|[from] item: Leftovers
|turn|5
|
|move|p1a: Keldeo|Scald|p2a: Shadow
|-damage|p2a: Shadow|118\/304
|move|p2a: Shadow|Shadow Ball|p1a: Keldeo
|-damage|p1a: Keldeo|0 fnt
|faint|p1a: Keldeo
|
|
|switch|p1a: Bisharp|Bisharp, M|334\/334
|turn|6
|join|pokemonomekop
|
|move|p1a: Bisharp|Iron Head|p2a: Shadow
|-damage|p2a: Shadow|18\/304
|move|p2a: Shadow|Shadow Ball|p1a: Bisharp
|-resisted|p1a: Bisharp
|-damage|p1a: Bisharp|208\/334
|
|-heal|p1a: Bisharp|228\/334|[from] item: Leftovers
|turn|7
|
|switch|p2a: Bird|Skarmory, M, shiny|334\/334
|move|p1a: Bisharp|Knock Off|p2a: Bird
|-damage|p2a: Bird|225\/334
|-enditem|p2a: Bird|Leftovers|[from] move: Knock Off|[of] p1a: Bisharp
|
|-heal|p1a: Bisharp|248\/334|[from] item: Leftovers
|turn|8
|join|qwazz
|
|switch|p1a: Heatran|Heatran, M|340\/340
|-item|p1a: Heatran|Air Balloon
|move|p2a: Bird|Roost|p2a: Bird
|-heal|p2a: Bird|334\/334
|
|turn|9
|
|switch|p2a: Overcoat|Chansey, F|704\/704
|move|p1a: Heatran|Fire Blast|p2a: Overcoat
|-damage|p2a: Overcoat|601\/704
|
|turn|10
|leave|pokemonomekop
|
|move|p1a: Heatran|Stealth Rock|p2a: Overcoat
|-sidestart|p2: LadderSoTall|move: Stealth Rock
|move|p2a: Overcoat|Stealth Rock|p1a: Heatran
|-sidestart|p1: Aka DH|move: Stealth Rock
|
|turn|11
|
|switch|p1a: Skarmory|Skarmory, M|334\/334
|-damage|p1a: Skarmory|293\/334|[from] Stealth Rock
|move|p2a: Overcoat|Thunder Wave|p1a: Skarmory
|-status|p1a: Skarmory|par
|
|turn|12
|
|switch|p2a: Shadow|Sableye-Mega, M|18\/304
|-damage|p2a: Shadow|0 fnt|[from] Stealth Rock
|faint|p2a: Shadow
|move|p1a: Skarmory|Whirlwind|p2: Shadow|[notarget]
|-notarget
|
|
|switch|p2a: Sky Flyer|Latios, M|301\/301
|-damage|p2a: Sky Flyer|264\/301|[from] Stealth Rock
|turn|13
|leave|Aurious
|
|switch|p1a: Chansey|Chansey, F|684\/684
|-damage|p1a: Chansey|599\/684|[from] Stealth Rock
|move|p2a: Sky Flyer|Thunderbolt|p1a: Chansey
|-damage|p1a: Chansey|524\/684
|-damage|p2a: Sky Flyer|234\/301|[from] item: Life Orb
|
|turn|14
|join|Dallaren
|
|switch|p2a: Bird|Skarmory, M, shiny|334\/334
|-damage|p2a: Bird|293\/334|[from] Stealth Rock
|move|p1a: Chansey|Thunder Wave|p2a: Bird
|-status|p2a: Bird|par
|
|turn|15
|
|move|p1a: Chansey|Aromatherapy|p1a: Chansey
|-cureteam|p1a: Chansey|[from] move: Aromatherapy
|move|p2a: Bird|Spikes|p1a: Chansey
|-sidestart|p1: Aka DH|Spikes
|
|turn|16
|
|switch|p1a: Skarmory|Skarmory, M|293\/334
|-damage|p1a: Skarmory|252\/334|[from] Stealth Rock
|move|p2a: Bird|Whirlwind|p1a: Skarmory
|drag|p1a: Heatran|Heatran, M|340\/340
|-damage|p1a: Heatran|298\/340|[from] Stealth Rock
|-item|p1a: Heatran|Air Balloon
|
|turn|17
|
|switch|p2a: Overcoat|Chansey, F|601\/704
|-damage|p2a: Overcoat|513\/704|[from] Stealth Rock
|move|p1a: Heatran|Fire Blast|p2a: Overcoat
|-damage|p2a: Overcoat|399\/704
|
|turn|18
|
|move|p1a: Heatran|Taunt|p2a: Overcoat
|-start|p2a: Overcoat|move: Taunt
|cant|p2a: Overcoat|move: Taunt|Soft-Boiled
|
|turn|19
|
|switch|p1a: Skarmory|Skarmory, M|252\/334
|-damage|p1a: Skarmory|211\/334|[from] Stealth Rock
|move|p2a: Overcoat|Seismic Toss|p1a: Skarmory
|-damage|p1a: Skarmory|111\/334
|-damage|p2a: Overcoat|282\/704|[from] item: Rocky Helmet|[of] p1a: Skarmory
|
|turn|20
|
|switch|p2a: Guard|Bisharp, M|272\/272
|-damage|p2a: Guard|255\/272|[from] Stealth Rock
|move|p1a: Skarmory|Spikes|p2a: Guard
|-sidestart|p2: LadderSoTall|Spikes
|
|turn|21
|
|move|p2a: Guard|Knock Off|p1a: Skarmory
|-damage|p1a: Skarmory|2\/334
|-damage|p2a: Guard|210\/272|[from] item: Rocky Helmet|[of] p1a: Skarmory
|-enditem|p1a: Skarmory|Rocky Helmet|[from] move: Knock Off|[of] p2a: Guard
|move|p1a: Skarmory|Whirlwind|p2a: Guard
|drag|p2a: Bird|Skarmory, M, shiny|293\/334 par
|-damage|p2a: Bird|252\/334 par|[from] Stealth Rock
|
|turn|22
|
|move|p1a: Skarmory|Roost|p1a: Skarmory
|-heal|p1a: Skarmory|169\/334
|cant|p2a: Bird|par
|
|turn|23
|
|switch|p2a: Guard|Bisharp, M|210\/272
|-damage|p2a: Guard|193\/272|[from] Stealth Rock
|-damage|p2a: Guard|159\/272|[from] Spikes
|move|p1a: Skarmory|Spikes|p2a: Guard
|-sidestart|p2: LadderSoTall|Spikes
|
|turn|24
|
|move|p2a: Guard|Swords Dance|p2a: Guard
|-boost|p2a: Guard|atk|2
|move|p1a: Skarmory|Roost|p1a: Skarmory
|-heal|p1a: Skarmory|334\/334
|
|turn|25
|
|move|p2a: Guard|Iron Head|p1a: Skarmory
|-resisted|p1a: Skarmory
|-damage|p1a: Skarmory|230\/334
|move|p1a: Skarmory|Whirlwind|p2a: Guard
|drag|p2a: Sky Flyer|Latios, M|234\/301
|-damage|p2a: Sky Flyer|197\/301|[from] Stealth Rock
|
|turn|26
|
|switch|p1a: Chansey|Chansey, F|524\/684
|-damage|p1a: Chansey|439\/684|[from] Spikes
|-damage|p1a: Chansey|354\/684|[from] Stealth Rock
|move|p2a: Sky Flyer|Psyshock|p1a: Chansey
|-damage|p1a: Chansey|112\/684
|-damage|p2a: Sky Flyer|167\/301|[from] item: Life Orb
|
|turn|27
|leave|uCan'tSeeMe
|
|move|p2a: Sky Flyer|Earthquake|p1a: Chansey
|-crit|p1a: Chansey
|-damage|p1a: Chansey|0 fnt
|-damage|p2a: Sky Flyer|137\/301|[from] item: Life Orb
|faint|p1a: Chansey
|
|
|switch|p1a: Bisharp|Bisharp, M|248\/334
|-damage|p1a: Bisharp|228\/334|[from] Stealth Rock
|-damage|p1a: Bisharp|187\/334|[from] Spikes
|turn|28
|
|switch|p2a: Bird|Skarmory, M, shiny|252\/334 par
|-damage|p2a: Bird|211\/334 par|[from] Stealth Rock
|move|p1a: Bisharp|Sucker Punch|p2a: Bird
|-fail|p2a: Bird
|
|-heal|p1a: Bisharp|207\/334|[from] item: Leftovers
|turn|29
|join|Pixie Pl8
|join|dfsovx
|
|move|p1a: Bisharp|Swords Dance|p1a: Bisharp
|-boost|p1a: Bisharp|atk|2
|move|p2a: Bird|Roost|p2a: Bird
|-heal|p2a: Bird|334\/334 par
|
|-heal|p1a: Bisharp|227\/334|[from] item: Leftovers
|turn|30
|
|move|p1a: Bisharp|Knock Off|p2a: Bird
|-damage|p2a: Bird|201\/334 par
|cant|p2a: Bird|par
|
|-heal|p1a: Bisharp|247\/334|[from] item: Leftovers
|turn|31
|
|move|p1a: Bisharp|Swords Dance|p1a: Bisharp
|-boost|p1a: Bisharp|atk|2
|move|p2a: Bird|Whirlwind|p1a: Bisharp
|drag|p1a: Heatran|Heatran, M|298\/340
|-damage|p1a: Heatran|256\/340|[from] Stealth Rock
|-item|p1a: Heatran|Air Balloon
|
|turn|32
|join|a brick
|
|switch|p2a: Overcoat|Chansey, F|282\/704
|-damage|p2a: Overcoat|165\/704|[from] Spikes
|-damage|p2a: Overcoat|77\/704|[from] Stealth Rock
|move|p1a: Heatran|Fire Blast|p2a: Overcoat|[miss]
|-miss|p1a: Heatran|p2a: Overcoat
|
|turn|33
|
|move|p1a: Heatran|Fire Blast|p2a: Overcoat
|-damage|p2a: Overcoat|0 fnt
|faint|p2a: Overcoat
|
|
|switch|p2a: Sky Flyer|Latios, M|137\/301
|-damage|p2a: Sky Flyer|100\/301|[from] Stealth Rock
|turn|34
|c|âLadderSoTall|oops
|c|âLadderSoTall|i forgot the balloon
|c|âLadderSoTall|lol
|
|switch|p2a: Team Aqua|Slowbro, M|394\/394
|-damage|p2a: Team Aqua|345\/394|[from] Stealth Rock
|-damage|p2a: Team Aqua|280\/394|[from] Spikes
|move|p1a: Heatran|Fire Blast|p2a: Team Aqua|[miss]
|-miss|p1a: Heatran|p2a: Team Aqua
|
|turn|35
|
|move|p1a: Heatran|Toxic|p2a: Team Aqua
|-status|p2a: Team Aqua|tox
|move|p2a: Team Aqua|Psyshock|p1a: Heatran
|-resisted|p1a: Heatran
|-damage|p1a: Heatran|202\/340
|-enditem|p1a: Heatran|Air Balloon
|
|-damage|p2a: Team Aqua|256\/394 tox|[from] psn
|turn|36
|
|move|p1a: Heatran|Taunt|p2a: Team Aqua
|-start|p2a: Team Aqua|move: Taunt
|move|p2a: Team Aqua|Scald|p1a: Heatran
|-supereffective|p1a: Heatran
|-damage|p1a: Heatran|0 fnt
|faint|p1a: Heatran
|
|-damage|p2a: Team Aqua|208\/394 tox|[from] psn
|
|switch|p1a: Bisharp|Bisharp, M|247\/334
|-damage|p1a: Bisharp|227\/334|[from] Stealth Rock
|-damage|p1a: Bisharp|186\/334|[from] Spikes
|turn|37
|
|move|p1a: Bisharp|Knock Off|p2a: Team Aqua
|-crit|p2a: Team Aqua
|-supereffective|p2a: Team Aqua
|-damage|p2a: Team Aqua|0 fnt
|faint|p2a: Team Aqua
|
|-heal|p1a: Bisharp|206\/334|[from] item: Leftovers
|c|âLadderSoTall|cmon
|c|âLadderSoTall|I HAD NO ITEM
|c|âLadderSoTall|lol
|
|switch|p2a: Bird|Skarmory, M, shiny|201\/334 par
|-damage|p2a: Bird|160\/334 par|[from] Stealth Rock
|turn|38
|
|move|p1a: Bisharp|Swords Dance|p1a: Bisharp
|-boost|p1a: Bisharp|atk|2
|move|p2a: Bird|Roost|p2a: Bird
|-heal|p2a: Bird|327\/334 par
|
|-heal|p1a: Bisharp|226\/334|[from] item: Leftovers
|turn|39
|
|move|p1a: Bisharp|Knock Off|p2a: Bird
|-damage|p2a: Bird|188\/334 par
|move|p2a: Bird|Whirlwind|p1a: Bisharp
|drag|p1a: Venusaur|Venusaur, M|364\/364
|-damage|p1a: Venusaur|319\/364|[from] Stealth Rock
|-damage|p1a: Venusaur|274\/364|[from] Spikes
|
|turn|40
|
|detailschange|p1a: Venusaur|Venusaur-Mega, M
|message|Venusaur has Mega Evolved into Mega Venusaur!
|move|p1a: Venusaur|Hidden Power|p2a: Bird
|-supereffective|p2a: Bird
|-damage|p2a: Bird|36\/334 par
|move|p2a: Bird|Roost|p2a: Bird
|-heal|p2a: Bird|203\/334 par
|
|turn|41
|
|move|p1a: Venusaur|Hidden Power|p2a: Bird
|-supereffective|p2a: Bird
|-damage|p2a: Bird|49\/334 par
|cant|p2a: Bird|par
|
|turn|42
|join|LT7X mcpallday
|c|âLadderSoTall|oml
|c|âLadderSoTall|hax
|join|u got solid snake
|
|move|p1a: Venusaur|Hidden Power|p2a: Bird
|-supereffective|p2a: Bird
|-damage|p2a: Bird|0 fnt
|faint|p2a: Bird
|
|leave|Gurkendrache
|
|switch|p2a: Sky Flyer|Latios, M|100\/301
|-damage|p2a: Sky Flyer|63\/301|[from] Stealth Rock
|turn|43
|
|switch|p1a: Skarmory|Skarmory, M|230\/334
|-damage|p1a: Skarmory|189\/334|[from] Stealth Rock
|move|p2a: Sky Flyer|Psyshock|p1a: Skarmory
|-resisted|p1a: Skarmory
|-damage|p1a: Skarmory|133\/334
|-damage|p2a: Sky Flyer|33\/301|[from] item: Life Orb
|
|turn|44
|
|move|p2a: Sky Flyer|Thunderbolt|p1a: Skarmory
|-supereffective|p1a: Skarmory
|-damage|p1a: Skarmory|0 fnt
|-damage|p2a: Sky Flyer|3\/301|[from] item: Life Orb
|faint|p1a: Skarmory
|
|join|AcceleratorGod
|
|switch|p1a: Bisharp|Bisharp, M|226\/334
|-damage|p1a: Bisharp|206\/334|[from] Stealth Rock
|-damage|p1a: Bisharp|165\/334|[from] Spikes
|turn|45
|leave|LT7X mcpallday
|c|âLadderSoTall|i got haxed out Dx
|
|move|p1a: Bisharp|Sucker Punch|p2a: Sky Flyer
|-crit|p2a: Sky Flyer
|-supereffective|p2a: Sky Flyer
|-damage|p2a: Sky Flyer|0 fnt
|faint|p2a: Sky Flyer
|
|-heal|p1a: Bisharp|185\/334|[from] item: Leftovers
|raw|<div class="broadcast-blue"><b>Moderated chat was disabled!<\/b><br \/>Anyone may talk now.<\/div>
|
|switch|p2a: Guard|Bisharp, M|159\/272
|-damage|p2a: Guard|114\/272|[from] Spikes
|-damage|p2a: Guard|97\/272|[from] Stealth Rock
|turn|46
|c| i came from leddit|rekt
|c| IAmGingy|tbf u sacked
|c| i came from leddit|>i got haxed out Dx
|leave|AM
|c| IAmGingy|sable
|c|âLadderSoTall|luck'd
|c| IAmGingy|w\/o getting a wisp off on bish
|c| i came from leddit|name the important "hax"
|c|âLadderSoTall|useless
|c| IAmGingy|which was an awful play
|c|âLadderSoTall|he has aroma
|c|âLadderSoTall|wisp woulnd tmatter
|join|MacroMonarch
|leave|Pixie Pl8
|leave|MacroMonarch
|c|âLadderSoTall|so stfu
|join|Mob Barley
|c| IAmGingy|wuda gave u free turn
|c| kurueu|I see aka is still a lucky fuck
|c| kurueu|even in oras
|c| kurueu|nb
|c| IAmGingy|and forced other plays
|
|move|p2a: Guard|Iron Head|p1a: Bisharp
|-resisted|p1a: Bisharp
|-damage|p1a: Bisharp|105\/334
|cant|p1a: Bisharp|flinch
|
|-heal|p1a: Bisharp|125\/334|[from] item: Leftovers
|turn|47
|c|âLadderSoTall|HAHAHA
|c| Mob Barley|LOL
|c| i came from leddit|where was the luck that mattered pls enlighten
|c| kurueu|still has the same annoying 'fans' as well
|c| Mob Barley|dw i'll knock him out, per usual
|c| kurueu|do they even have a life?
|c|âLadderSoTall|knock or no?
|c|âLadderSoTall|off
|join|yanultimate
|c| Mob Barley|sd if u have it
|c| Mob Barley|he has no speed
|c| i came from leddit|6
|c| i came from leddit|^
|c|âLadderSoTall|knock off kill me
|c| AcceleratorGod|flinch to dead
|c| Mob Barley|word iron
|c|âLadderSoTall|how much does it do
|c| FEARSOME MAW|reveal the low kick
|c| Mob Barley|i thought u didnt have an item
|c|âLadderSoTall|on bro
|raw|<div class="broadcast-red"><b>Moderated chat was set to +!<\/b><br \/>Only users of rank + and higher can talk.<\/div>
|join|Omegasization
|
|move|p2a: Guard|Knock Off|p1a: Bisharp
|-resisted|p1a: Bisharp
|-damage|p1a: Bisharp|33\/334
|-enditem|p1a: Bisharp|Leftovers|[from] move: Knock Off|[of] p2a: Guard
|move|p1a: Bisharp|Knock Off|p2a: Guard
|-resisted|p2a: Guard
|-damage|p2a: Guard|7\/272
|-enditem|p2a: Guard|Lum Berry|[from] move: Knock Off|[of] p1a: Bisharp
|
|turn|48
|c|âLadderSoTall|lol
|
|move|p2a: Guard|Sucker Punch|p1a: Bisharp
|-fail|p1a: Bisharp
|move|p1a: Bisharp|Swords Dance|p1a: Bisharp
|-boost|p1a: Bisharp|atk|2
|
|turn|49
|c|âLadderSoTall|next time i bring TR team
|
|move|p2a: Guard|Sucker Punch|p1a: Bisharp
|-resisted|p1a: Bisharp
|-damage|p1a: Bisharp|0 fnt
|faint|p1a: Bisharp
|
|
|switch|p1a: Venusaur|Venusaur-Mega, M|274\/364
|-damage|p1a: Venusaur|229\/364|[from] Spikes
|-damage|p1a: Venusaur|184\/364|[from] Stealth Rock
|turn|50
|c|âLadderSoTall|cmon FLINCH CRIT
|join|uCan'tSeeMe
|c|âLadderSoTall|either one
|c|âLadderSoTall|will do
|
|move|p2a: Guard|Iron Head|p1a: Venusaur
|-crit|p1a: Venusaur
|-damage|p1a: Venusaur|51\/364
|move|p1a: Venusaur|Giga Drain|p2a: Guard
|-resisted|p2a: Guard
|-damage|p2a: Guard|0 fnt
|-heal|p1a: Venusaur|55\/364|[from] drain|[of] p2a: Guard
|faint|p2a: Guard
|
|win|Aka DH
|raw|<div class="broadcast-blue"><b>Moderated chat was disabled!<\/b><br \/>Anyone may talk now.<\/div>
|c|âLadderSoTall|noooo
|leave|Mob Barley
|leave|LadderSoTall
|player|p2
|leave|FEARSOME MAW
|leave|AcceleratorGod
|c| i came from leddit|rekt
|leave|i came from leddit
|leave|Omegasization