|join|LadderSoTall
|join|No BP Plz
|player|p1|LadderSoTall|31
|player|p2|No BP Plz|170
|gametype|singles
|gen|6
|tier|ORAS OU
|rated
|rule|Sleep Clause Mod: Limit one foe put to sleep
|rule|Species Clause: Limit one of each PokÃ©mon
|rule|OHKO Clause: OHKO moves are banned
|rule|Moody Clause: Moody is banned
|rule|Evasion Moves Clause: Evasion moves are banned
|rule|Endless Battle Clause: Forcing endless battles is banned
|rule|HP Percentage Mod: HP is shown in percentages
|clearpoke
|poke|p1|Slowbro, M
|poke|p1|Sableye, M
|poke|p1|Latios, M
|poke|p1|Bisharp, M
|poke|p1|Skarmory, M, shiny
|poke|p1|Chansey, F
|poke|p2|Salamence, F
|poke|p2|Keldeo
|poke|p2|Mew
|poke|p2|Scizor, F
|poke|p2|Heatran, M
|poke|p2|Mamoswine, M
|rule|Swagger Clause: Swagger is banned
|rule|Baton Pass Clause: Limit one PokÃ©mon knowing Baton Pass
|teampreview
|
|start
|switch|p1a: Shadow|Sableye, M|304\/304
|switch|p2a: Heatran|Heatran, M|386\/386
|turn|1
|
|detailschange|p1a: Shadow|Sableye-Mega, M
|message|Sableye has Mega Evolved into Mega Sableye!
|move|p2a: Heatran|Lava Plume|p1a: Shadow
|-crit|p1a: Shadow
|-damage|p1a: Shadow|133\/304
|move|p1a: Shadow|Shadow Ball|p2a: Heatran
|-damage|p2a: Heatran|302\/386
|
|-heal|p2a: Heatran|326\/386|[from] item: Leftovers
|turn|2
|
|move|p2a: Heatran|Lava Plume|p1a: Shadow
|-damage|p1a: Shadow|3\/304
|-status|p1a: Shadow|brn
|move|p1a: Shadow|Recover|p1a: Shadow
|-heal|p1a: Shadow|155\/304 brn
|
|-heal|p2a: Heatran|350\/386|[from] item: Leftovers
|-damage|p1a: Shadow|117\/304 brn|[from] brn
|turn|3
|
|switch|p1a: Overcoat|Chansey, F|704\/704
|move|p2a: Heatran|Lava Plume|p1a: Overcoat
|-damage|p1a: Overcoat|610\/704
|-status|p1a: Overcoat|brn
|
|-heal|p2a: Heatran|374\/386|[from] item: Leftovers
|-damage|p1a: Overcoat|522\/704 brn|[from] brn
|turn|4
|
|move|p2a: Heatran|Stealth Rock|p1a: Overcoat
|-sidestart|p1: LadderSoTall|move: Stealth Rock
|move|p1a: Overcoat|Stealth Rock|p2a: Heatran
|-sidestart|p2: No BP Plz|move: Stealth Rock
|
|-heal|p2a: Heatran|386\/386|[from] item: Leftovers
|-damage|p1a: Overcoat|434\/704 brn|[from] brn
|turn|5
|
|move|p1a: Overcoat|Soft-Boiled|p1a: Overcoat
|-heal|p1a: Overcoat|704\/704 brn
|move|p2a: Heatran|Roar|p1a: Overcoat
|drag|p1a: Shadow|Sableye-Mega, M|117\/304 brn
|-damage|p1a: Shadow|79\/304 brn|[from] Stealth Rock
|
|-damage|p1a: Shadow|41\/304 brn|[from] brn
|turn|6
|
|move|p2a: Heatran|Lava Plume|p1a: Shadow
|-damage|p1a: Shadow|0 fnt
|faint|p1a: Shadow
|
|
|switch|p1a: Sky Flyer|Latios, M|301\/301
|-damage|p1a: Sky Flyer|264\/301|[from] Stealth Rock
|turn|7
|
|switch|p2a: Scizor|Scizor, F|282\/282
|-damage|p2a: Scizor|247\/282|[from] Stealth Rock
|move|p1a: Sky Flyer|Earthquake|p2a: Scizor
|-damage|p2a: Scizor|150\/282
|-damage|p1a: Sky Flyer|234\/301|[from] item: Life Orb
|
|turn|8
|
|switch|p1a: Bird|Skarmory, M, shiny|334\/334
|-damage|p1a: Bird|293\/334|[from] Stealth Rock
|move|p2a: Scizor|U-turn|p1a: Bird
|-resisted|p1a: Bird
|-damage|p1a: Bird|263\/334
|
|switch|p2a: Mew|Mew|404\/404
|-damage|p2a: Mew|354\/404|[from] Stealth Rock
|
|-heal|p2a: Mew|379\/404|[from] item: Leftovers
|-heal|p1a: Bird|283\/334|[from] item: Leftovers
|turn|9
|
|switch|p1a: Guard|Bisharp, M|272\/272
|-damage|p1a: Guard|255\/272|[from] Stealth Rock
|move|p2a: Mew|Will-O-Wisp|p1a: Guard
|-status|p1a: Guard|brn
|-enditem|p1a: Guard|Lum Berry|[eat]
|-curestatus|p1a: Guard|brn
|
|-heal|p2a: Mew|404\/404|[from] item: Leftovers
|turn|10
|
|move|p2a: Mew|Will-O-Wisp|p1a: Guard
|-status|p1a: Guard|brn
|move|p1a: Guard|Knock Off|p2a: Mew
|-supereffective|p2a: Mew
|-damage|p2a: Mew|228\/404
|-enditem|p2a: Mew|Leftovers|[from] move: Knock Off|[of] p1a: Guard
|
|-damage|p1a: Guard|221\/272 brn|[from] brn
|turn|11
|
|move|p2a: Mew|Soft-Boiled|p2a: Mew
|-heal|p2a: Mew|404\/404
|move|p1a: Guard|Swords Dance|p1a: Guard
|-boost|p1a: Guard|atk|2
|
|-damage|p1a: Guard|187\/272 brn|[from] brn
|turn|12
|
|switch|p2a: Heatran|Heatran, M|386\/386
|-damage|p2a: Heatran|338\/386|[from] Stealth Rock
|move|p1a: Guard|Knock Off|p2a: Heatran
|-damage|p2a: Heatran|155\/386
|-enditem|p2a: Heatran|Leftovers|[from] move: Knock Off|[of] p1a: Guard
|
|-damage|p1a: Guard|153\/272 brn|[from] brn
|turn|13
|
|move|p1a: Guard|Sucker Punch|p2a: Heatran
|-damage|p2a: Heatran|14\/386
|move|p2a: Heatran|Lava Plume|p1a: Guard
|-supereffective|p1a: Guard
|-damage|p1a: Guard|0 fnt
|faint|p1a: Guard
|
|
|switch|p1a: Team Aqua|Slowbro, M|394\/394
|-damage|p1a: Team Aqua|345\/394|[from] Stealth Rock
|turn|14
|
|move|p2a: Heatran|Lava Plume|p1a: Team Aqua
|-resisted|p1a: Team Aqua
|-damage|p1a: Team Aqua|256\/394
|-status|p1a: Team Aqua|brn
|move|p1a: Team Aqua|Scald|p2a: Heatran
|-supereffective|p2a: Heatran
|-damage|p2a: Heatran|0 fnt
|faint|p2a: Heatran
|
|-damage|p1a: Team Aqua|207\/394 brn|[from] brn
|
|switch|p2a: Mew|Mew|404\/404
|-damage|p2a: Mew|354\/404|[from] Stealth Rock
|turn|15
|
|move|p2a: Mew|Taunt|p1a: Team Aqua
|-start|p1a: Team Aqua|move: Taunt
|move|p1a: Team Aqua|Scald|p2a: Mew
|-damage|p2a: Mew|246\/404
|-status|p2a: Mew|brn
|
|-damage|p2a: Mew|196\/404 brn|[from] brn
|-damage|p1a: Team Aqua|158\/394 brn|[from] brn
|turn|16
|
|switch|p1a: Sky Flyer|Latios, M|234\/301
|-damage|p1a: Sky Flyer|197\/301|[from] Stealth Rock
|move|p2a: Mew|Knock Off|p1a: Sky Flyer
|-supereffective|p1a: Sky Flyer
|-damage|p1a: Sky Flyer|103\/301
|-enditem|p1a: Sky Flyer|Life Orb|[from] move: Knock Off|[of] p2a: Mew
|
|-damage|p2a: Mew|146\/404 brn|[from] brn
|turn|17
|
|switch|p2a: Mamoswine|Mamoswine, M|361\/361
|-damage|p2a: Mamoswine|316\/361|[from] Stealth Rock
|move|p1a: Sky Flyer|Dragon Pulse|p2a: Mamoswine
|-damage|p2a: Mamoswine|72\/361
|
|turn|18
|
|switch|p1a: Bird|Skarmory, M, shiny|283\/334
|-damage|p1a: Bird|242\/334|[from] Stealth Rock
|move|p2a: Mamoswine|Endeavor|p1a: Bird
|-damage|p1a: Bird|72\/334
|
|-heal|p1a: Bird|92\/334|[from] item: Leftovers
|turn|19
|
|move|p2a: Mamoswine|Icicle Crash|p1a: Bird
|-damage|p1a: Bird|0 fnt
|-damage|p2a: Mamoswine|36\/361|[from] item: Life Orb
|faint|p1a: Bird
|
|
|switch|p1a: Overcoat|Chansey, F|704\/704
|-damage|p1a: Overcoat|616\/704|[from] Stealth Rock
|turn|20
|
|move|p2a: Mamoswine|Endeavor|p1a: Overcoat
|-damage|p1a: Overcoat|36\/704
|move|p1a: Overcoat|Soft-Boiled|p1a: Overcoat
|-heal|p1a: Overcoat|388\/704
|
|turn|21
|
|move|p2a: Mamoswine|Endeavor|p1a: Overcoat
|-damage|p1a: Overcoat|36\/704
|move|p1a: Overcoat|Soft-Boiled|p1a: Overcoat
|-heal|p1a: Overcoat|388\/704
|
|turn|22
|
|move|p2a: Mamoswine|Endeavor|p1a: Overcoat
|-damage|p1a: Overcoat|36\/704
|move|p1a: Overcoat|Soft-Boiled|p1a: Overcoat
|-heal|p1a: Overcoat|388\/704
|
|turn|23
|
|move|p2a: Mamoswine|Endeavor|p1a: Overcoat
|-damage|p1a: Overcoat|36\/704
|move|p1a: Overcoat|Soft-Boiled|p1a: Overcoat
|-heal|p1a: Overcoat|388\/704
|
|turn|24
|
|move|p2a: Mamoswine|Endeavor|p1a: Overcoat
|-damage|p1a: Overcoat|36\/704
|move|p1a: Overcoat|Soft-Boiled|p1a: Overcoat
|-heal|p1a: Overcoat|388\/704
|
|turn|25
|
|move|p2a: Mamoswine|Endeavor|p1a: Overcoat
|-damage|p1a: Overcoat|36\/704
|move|p1a: Overcoat|Soft-Boiled|p1a: Overcoat
|-heal|p1a: Overcoat|388\/704
|
|turn|26
|
|move|p2a: Mamoswine|Endeavor|p1a: Overcoat
|-damage|p1a: Overcoat|36\/704
|move|p1a: Overcoat|Soft-Boiled|p1a: Overcoat
|-heal|p1a: Overcoat|388\/704
|
|turn|27
|
|move|p2a: Mamoswine|Earthquake|p1a: Overcoat
|-damage|p1a: Overcoat|83\/704
|-damage|p2a: Mamoswine|0 fnt|[from] item: Life Orb
|faint|p2a: Mamoswine
|move|p1a: Overcoat|Soft-Boiled|p1a: Overcoat
|-heal|p1a: Overcoat|435\/704
|
|
|switch|p2a: Mew|Mew|146\/404 brn
|-damage|p2a: Mew|96\/404 brn|[from] Stealth Rock
|turn|28
|
|move|p2a: Mew|Soft-Boiled|p2a: Mew
|-heal|p2a: Mew|298\/404 brn
|move|p1a: Overcoat|Seismic Toss|p2a: Mew
|-damage|p2a: Mew|198\/404 brn
|
|-damage|p2a: Mew|148\/404 brn|[from] brn
|turn|29
|
|move|p2a: Mew|Soft-Boiled|p2a: Mew
|-heal|p2a: Mew|350\/404 brn
|move|p1a: Overcoat|Soft-Boiled|p1a: Overcoat
|-heal|p1a: Overcoat|704\/704
|
|-damage|p2a: Mew|300\/404 brn|[from] brn
|turn|30
|
|move|p2a: Mew|Knock Off|p1a: Overcoat
|-damage|p1a: Overcoat|655\/704
|-enditem|p1a: Overcoat|Eviolite|[from] move: Knock Off|[of] p2a: Mew
|move|p1a: Overcoat|Seismic Toss|p2a: Mew
|-damage|p2a: Mew|200\/404 brn
|
|-damage|p2a: Mew|150\/404 brn|[from] brn
|turn|31
|
|move|p2a: Mew|Soft-Boiled|p2a: Mew
|-heal|p2a: Mew|352\/404 brn
|move|p1a: Overcoat|Seismic Toss|p2a: Mew
|-damage|p2a: Mew|252\/404 brn
|
|-damage|p2a: Mew|202\/404 brn|[from] brn
|turn|32
|
|switch|p1a: Team Aqua|Slowbro, M|289\/394 brn
|-damage|p1a: Team Aqua|240\/394 brn|[from] Stealth Rock
|move|p2a: Mew|Will-O-Wisp|p1a: Team Aqua
|-fail|p1a: Team Aqua|brn
|
|-damage|p2a: Mew|152\/404 brn|[from] brn
|-damage|p1a: Team Aqua|191\/394 brn|[from] brn
|turn|33
|
|switch|p1a: Overcoat|Chansey, F|655\/704
|-damage|p1a: Overcoat|567\/704|[from] Stealth Rock
|move|p2a: Mew|Soft-Boiled|p2a: Mew
|-heal|p2a: Mew|354\/404 brn
|
|-damage|p2a: Mew|304\/404 brn|[from] brn
|turn|34
|
|move|p2a: Mew|Will-O-Wisp|p1a: Overcoat
|-status|p1a: Overcoat|brn
|move|p1a: Overcoat|Seismic Toss|p2a: Mew
|-damage|p2a: Mew|204\/404 brn
|
|-damage|p2a: Mew|154\/404 brn|[from] brn
|-damage|p1a: Overcoat|479\/704 brn|[from] brn
|turn|35
|
|move|p2a: Mew|Soft-Boiled|p2a: Mew
|-heal|p2a: Mew|356\/404 brn
|move|p1a: Overcoat|Seismic Toss|p2a: Mew
|-damage|p2a: Mew|256\/404 brn
|
|-damage|p2a: Mew|206\/404 brn|[from] brn
|-damage|p1a: Overcoat|391\/704 brn|[from] brn
|turn|36
|
|move|p2a: Mew|Taunt|p1a: Overcoat
|-start|p1a: Overcoat|move: Taunt
|cant|p1a: Overcoat|move: Taunt|Soft-Boiled
|
|-damage|p2a: Mew|156\/404 brn|[from] brn
|-damage|p1a: Overcoat|303\/704 brn|[from] brn
|turn|37
|
|move|p2a: Mew|Soft-Boiled|p2a: Mew
|-heal|p2a: Mew|358\/404 brn
|move|p1a: Overcoat|Seismic Toss|p2a: Mew
|-damage|p2a: Mew|258\/404 brn
|
|-damage|p2a: Mew|208\/404 brn|[from] brn
|-damage|p1a: Overcoat|215\/704 brn|[from] brn
|turn|38
|
|move|p2a: Mew|Soft-Boiled|p2a: Mew
|-heal|p2a: Mew|404\/404 brn
|move|p1a: Overcoat|Seismic Toss|p2a: Mew
|-damage|p2a: Mew|304\/404 brn
|
|-damage|p2a: Mew|254\/404 brn|[from] brn
|-damage|p1a: Overcoat|127\/704 brn|[from] brn
|-end|p1a: Overcoat|move: Taunt
|turn|39
|
|move|p2a: Mew|Taunt|p1a: Overcoat
|-start|p1a: Overcoat|move: Taunt
|move|p1a: Overcoat|Seismic Toss|p2a: Mew
|-damage|p2a: Mew|154\/404 brn
|
|-damage|p2a: Mew|104\/404 brn|[from] brn
|-damage|p1a: Overcoat|39\/704 brn|[from] brn
|turn|40
|
|move|p2a: Mew|Soft-Boiled|p2a: Mew
|-heal|p2a: Mew|306\/404 brn
|move|p1a: Overcoat|Seismic Toss|p2a: Mew
|-damage|p2a: Mew|206\/404 brn
|
|-damage|p2a: Mew|156\/404 brn|[from] brn
|-damage|p1a: Overcoat|0 fnt|[from] brn
|faint|p1a: Overcoat
|
|switch|p1a: Sky Flyer|Latios, M|103\/301
|-damage|p1a: Sky Flyer|66\/301|[from] Stealth Rock
|turn|41
|
|switch|p2a: Scizor|Scizor, F|150\/282
|-damage|p2a: Scizor|115\/282|[from] Stealth Rock
|move|p1a: Sky Flyer|Dragon Pulse|p2a: Scizor
|-resisted|p2a: Scizor
|-damage|p2a: Scizor|21\/282
|
|turn|42
|
|switch|p1a: Team Aqua|Slowbro, M|322\/394 brn
|-damage|p1a: Team Aqua|273\/394 brn|[from] Stealth Rock
|move|p2a: Scizor|U-turn|p1a: Team Aqua
|-supereffective|p1a: Team Aqua
|-damage|p1a: Team Aqua|0 fnt
|faint|p1a: Team Aqua
|
|switch|p2a: Keldeo|Keldeo|339\/339
|-damage|p2a: Keldeo|318\/339|[from] Stealth Rock
|
|
|switch|p1a: Sky Flyer|Latios, M|66\/301
|-damage|p1a: Sky Flyer|29\/301|[from] Stealth Rock
|turn|43
|
|move|p2a: Keldeo|Scald|p1a: Sky Flyer
|-resisted|p1a: Sky Flyer
|-damage|p1a: Sky Flyer|0 fnt
|faint|p1a: Sky Flyer
|
|win|No BP Plz
|raw|Ladder updating...
|raw|LadderSoTall's rating: 1443 &rarr; <strong>1418<\/strong><br \/>(-25 for losing)
|raw|No BP Plz's rating: 1360 &rarr; <strong>1384<\/strong><br \/>(+24 for winning)