|join|LadderSoTall
|join|Hyper Drive
|player|p1|LadderSoTall|31
|player|p2|Hyper Drive|162
|gametype|singles
|gen|6
|tier|OU
|rated
|clearpoke
|poke|p1|Slowbro, M
|poke|p1|Heracross, M
|poke|p1|Latios, M
|poke|p1|Heatran, M
|poke|p1|Clefable, M
|poke|p1|Terrakion
|poke|p2|Scizor, M
|poke|p2|Rotom-Wash
|poke|p2|Talonflame, F
|poke|p2|Excadrill, F
|poke|p2|Keldeo-Resolute
|poke|p2|Azelf
|rule|Swagger Clause: Swagger is banned
|rule|Baton Pass Clause: Limit one PokÃ©mon knowing Baton Pass
|rule|Sleep Clause Mod: Limit one foe put to sleep
|rule|Species Clause: Limit one of each PokÃ©mon
|rule|OHKO Clause: OHKO moves are banned
|rule|Moody Clause: Moody is banned
|rule|Evasion Moves Clause: Evasion moves are banned
|rule|Endless Battle Clause: Forcing endless battles is banned
|rule|HP Percentage Mod: HP is shown in percentages
|teampreview
|
|start
|switch|p1a: Sky Flyer|Latios, M|302\/302
|switch|p2a: Azelf|Azelf|291\/291
|turn|1
|
|move|p1a: Sky Flyer|Draco Meteor|p2a: Azelf
|-crit|p2a: Azelf
|-enditem|p2a: Azelf|Focus Sash
|-damage|p2a: Azelf|1\/291
|-unboost|p1a: Sky Flyer|spa|2
|move|p2a: Azelf|Stealth Rock|p1a: Sky Flyer
|-sidestart|p1: LadderSoTall|move: Stealth Rock
|
|turn|2
|
|switch|p2a: Scizor|Scizor, M|344\/344
|move|p1a: Sky Flyer|Draco Meteor|p2a: Scizor
|-resisted|p2a: Scizor
|-damage|p2a: Scizor|279\/344
|-unboost|p1a: Sky Flyer|spa|2
|
|turn|3
|
|switch|p1a: Lava Flow|Heatran, M|385\/385
|-damage|p1a: Lava Flow|337\/385|[from] Stealth Rock
|detailschange|p2a: Scizor|Scizor-Mega, M
|message|Scizor has Mega Evolved into Mega Scizor!
|move|p2a: Scizor|U-turn|p1a: Lava Flow
|-resisted|p1a: Lava Flow
|-damage|p1a: Lava Flow|305\/385
|
|switch|p2a: Excadrill|Excadrill, F|362\/362
|-ability|p2a: Excadrill|Mold Breaker
|-item|p2a: Excadrill|Air Balloon
|
|-heal|p1a: Lava Flow|329\/385|[from] item: Leftovers
|turn|4
|
|switch|p1a: Team Aqua|Slowbro, M|394\/394
|-damage|p1a: Team Aqua|345\/394|[from] Stealth Rock
|move|p2a: Excadrill|Earthquake|p1a: Team Aqua
|-damage|p1a: Team Aqua|224\/394
|
|-heal|p1a: Team Aqua|248\/394|[from] item: Leftovers
|turn|5
|
|switch|p2a: Rotom-Wash|Rotom-Wash|304\/304
|move|p1a: Team Aqua|Scald|p2a: Rotom-Wash
|-resisted|p2a: Rotom-Wash
|-damage|p2a: Rotom-Wash|273\/304
|
|-heal|p2a: Rotom-Wash|292\/304|[from] item: Leftovers
|-heal|p1a: Team Aqua|272\/394|[from] item: Leftovers
|turn|6
|
|switch|p1a: Mega Audino 2.0|Clefable, M|394\/394
|move|p2a: Rotom-Wash|Volt Switch|p1a: Mega Audino 2.0
|-damage|p1a: Mega Audino 2.0|318\/394
|
|switch|p2a: Azelf|Azelf|1\/291
|
|-heal|p1a: Mega Audino 2.0|342\/394|[from] item: Leftovers
|turn|7
|
|move|p2a: Azelf|Psyshock|p1a: Mega Audino 2.0
|-damage|p1a: Mega Audino 2.0|207\/394
|move|p1a: Mega Audino 2.0|Moonblast|p2a: Azelf
|-damage|p2a: Azelf|0 fnt
|faint|p2a: Azelf
|
|-heal|p1a: Mega Audino 2.0|231\/394|[from] item: Leftovers
|
|switch|p2a: Scizor|Scizor-Mega, M|279\/344
|turn|8
|
|move|p2a: Scizor|U-turn|p1a: Mega Audino 2.0
|-resisted|p1a: Mega Audino 2.0
|-damage|p1a: Mega Audino 2.0|154\/394
|
|switch|p2a: Rotom-Wash|Rotom-Wash|292\/304
|move|p1a: Mega Audino 2.0|Flamethrower|p2a: Rotom-Wash
|-resisted|p2a: Rotom-Wash
|-damage|p2a: Rotom-Wash|270\/304
|
|-heal|p2a: Rotom-Wash|289\/304|[from] item: Leftovers
|-heal|p1a: Mega Audino 2.0|178\/394|[from] item: Leftovers
|turn|9
|
|move|p2a: Rotom-Wash|Volt Switch|p1a: Mega Audino 2.0
|-damage|p1a: Mega Audino 2.0|103\/394
|
|switch|p2a: Talonflame|Talonflame, F|297\/297
|move|p1a: Mega Audino 2.0|Soft-Boiled|p1a: Mega Audino 2.0
|-heal|p1a: Mega Audino 2.0|300\/394
|
|-heal|p1a: Mega Audino 2.0|324\/394|[from] item: Leftovers
|turn|10
|
|switch|p1a: Lava Flow|Heatran, M|329\/385
|-damage|p1a: Lava Flow|281\/385|[from] Stealth Rock
|move|p2a: Talonflame|U-turn|p1a: Lava Flow
|-resisted|p1a: Lava Flow
|-damage|p1a: Lava Flow|257\/385
|
|switch|p2a: Excadrill|Excadrill, F|362\/362
|-ability|p2a: Excadrill|Mold Breaker
|-item|p2a: Excadrill|Air Balloon
|
|-heal|p1a: Lava Flow|281\/385|[from] item: Leftovers
|turn|11
|
|switch|p1a: Team Aqua|Slowbro, M|394\/394
|-damage|p1a: Team Aqua|345\/394|[from] Stealth Rock
|move|p2a: Excadrill|Earthquake|p1a: Team Aqua
|-damage|p1a: Team Aqua|224\/394
|
|-heal|p1a: Team Aqua|248\/394|[from] item: Leftovers
|turn|12
|
|move|p2a: Excadrill|Earthquake|p1a: Team Aqua
|-damage|p1a: Team Aqua|121\/394
|move|p1a: Team Aqua|Scald|p2a: Excadrill
|-supereffective|p2a: Excadrill
|-damage|p2a: Excadrill|74\/362
|-enditem|p2a: Excadrill|Air Balloon
|
|-heal|p1a: Team Aqua|145\/394|[from] item: Leftovers
|turn|13
|
|move|p2a: Excadrill|Rock Slide|p1a: Team Aqua
|-damage|p1a: Team Aqua|81\/394
|move|p1a: Team Aqua|Scald|p2a: Excadrill
|-supereffective|p2a: Excadrill
|-damage|p2a: Excadrill|0 fnt
|faint|p2a: Excadrill
|
|-heal|p1a: Team Aqua|105\/394|[from] item: Leftovers
|
|switch|p2a: Talonflame|Talonflame, F|297\/297
|turn|14
|
|switch|p1a: Lava Flow|Heatran, M|281\/385
|-damage|p1a: Lava Flow|233\/385|[from] Stealth Rock
|move|p2a: Talonflame|U-turn|p1a: Lava Flow
|-resisted|p1a: Lava Flow
|-damage|p1a: Lava Flow|211\/385
|
|switch|p2a: Keldeo-Resolute|Keldeo-Resolute|322\/322
|
|-heal|p1a: Lava Flow|235\/385|[from] item: Leftovers
|turn|15
|
|switch|p2a: Rotom-Wash|Rotom-Wash|289\/304
|switch|p1a: Team Aqua|Slowbro, M|236\/394
|-damage|p1a: Team Aqua|187\/394|[from] Stealth Rock
|
|-heal|p2a: Rotom-Wash|304\/304|[from] item: Leftovers
|-heal|p1a: Team Aqua|211\/394|[from] item: Leftovers
|turn|16
|
|switch|p1a: Mega Audino 2.0|Clefable, M|324\/394
|move|p2a: Rotom-Wash|Volt Switch|p1a: Mega Audino 2.0
|-damage|p1a: Mega Audino 2.0|248\/394
|
|switch|p2a: Talonflame|Talonflame, F|297\/297
|
|-heal|p1a: Mega Audino 2.0|272\/394|[from] item: Leftovers
|turn|17
|
|move|p2a: Talonflame|Brave Bird|p1a: Mega Audino 2.0
|-damage|p1a: Mega Audino 2.0|14\/394
|-damage|p2a: Talonflame|212\/297|[from] recoil|[of] p1a: Mega Audino 2.0
|move|p1a: Mega Audino 2.0|Soft-Boiled|p1a: Mega Audino 2.0
|-heal|p1a: Mega Audino 2.0|211\/394
|
|-heal|p1a: Mega Audino 2.0|235\/394|[from] item: Leftovers
|turn|18
|
|switch|p1a: Lava Flow|Heatran, M|235\/385
|-damage|p1a: Lava Flow|187\/385|[from] Stealth Rock
|move|p2a: Talonflame|Brave Bird|p1a: Lava Flow
|-resisted|p1a: Lava Flow
|-damage|p1a: Lava Flow|72\/385
|-damage|p2a: Talonflame|174\/297|[from] recoil|[of] p1a: Lava Flow
|
|-heal|p1a: Lava Flow|96\/385|[from] item: Leftovers
|turn|19
|
|move|p1a: Lava Flow|Protect|p1a: Lava Flow
|-singleturn|p1a: Lava Flow|Protect
|move|p2a: Talonflame|Brave Bird|p1a: Lava Flow
|-activate|p1a: Lava Flow|Protect
|
|-heal|p1a: Lava Flow|120\/385|[from] item: Leftovers
|turn|20
|
|move|p2a: Talonflame|Brave Bird|p1a: Lava Flow
|-crit|p1a: Lava Flow
|-resisted|p1a: Lava Flow
|-damage|p1a: Lava Flow|0 fnt
|-damage|p2a: Talonflame|134\/297|[from] recoil|[of] p1a: Lava Flow
|faint|p1a: Lava Flow
|
|
|switch|p1a: Team Aqua|Slowbro, M|342\/394
|-damage|p1a: Team Aqua|293\/394|[from] Stealth Rock
|turn|21
|
|switch|p2a: Rotom-Wash|Rotom-Wash|304\/304
|move|p1a: Team Aqua|Scald|p2a: Rotom-Wash
|-resisted|p2a: Rotom-Wash
|-damage|p2a: Rotom-Wash|274\/304
|-status|p2a: Rotom-Wash|brn
|
|-heal|p2a: Rotom-Wash|293\/304 brn|[from] item: Leftovers
|-heal|p1a: Team Aqua|317\/394|[from] item: Leftovers
|-damage|p2a: Rotom-Wash|255\/304 brn|[from] brn
|turn|22
|
|switch|p1a: Mega Audino 2.0|Clefable, M|235\/394
|move|p2a: Rotom-Wash|Volt Switch|p1a: Mega Audino 2.0
|-damage|p1a: Mega Audino 2.0|160\/394
|
|switch|p2a: Talonflame|Talonflame, F|134\/297
|
|-heal|p1a: Mega Audino 2.0|184\/394|[from] item: Leftovers
|turn|23
|
|switch|p1a: Team Aqua|Slowbro, M|394\/394
|-damage|p1a: Team Aqua|345\/394|[from] Stealth Rock
|move|p2a: Talonflame|U-turn|p1a: Team Aqua
|-supereffective|p1a: Team Aqua
|-damage|p1a: Team Aqua|207\/394
|
|switch|p2a: Rotom-Wash|Rotom-Wash|255\/304 brn
|
|-heal|p2a: Rotom-Wash|274\/304 brn|[from] item: Leftovers
|-heal|p1a: Team Aqua|231\/394|[from] item: Leftovers
|-damage|p2a: Rotom-Wash|236\/304 brn|[from] brn
|turn|24
|
|switch|p1a: Mega Audino 2.0|Clefable, M|184\/394
|move|p2a: Rotom-Wash|Volt Switch|p1a: Mega Audino 2.0
|-damage|p1a: Mega Audino 2.0|106\/394
|
|switch|p2a: Talonflame|Talonflame, F|134\/297
|
|-heal|p1a: Mega Audino 2.0|130\/394|[from] item: Leftovers
|turn|25
|
|move|p2a: Talonflame|Brave Bird|p1a: Mega Audino 2.0
|-damage|p1a: Mega Audino 2.0|0 fnt
|-damage|p2a: Talonflame|91\/297|[from] recoil|[of] p1a: Mega Audino 2.0
|faint|p1a: Mega Audino 2.0
|
|
|switch|p1a: Team Aqua|Slowbro, M|362\/394
|-damage|p1a: Team Aqua|313\/394|[from] Stealth Rock
|turn|26
|
|switch|p2a: Rotom-Wash|Rotom-Wash|236\/304 brn
|move|p1a: Team Aqua|Psyshock|p2a: Rotom-Wash
|-damage|p2a: Rotom-Wash|154\/304 brn
|
|-heal|p2a: Rotom-Wash|173\/304 brn|[from] item: Leftovers
|-heal|p1a: Team Aqua|337\/394|[from] item: Leftovers
|-damage|p2a: Rotom-Wash|135\/304 brn|[from] brn
|turn|27
|
|move|p2a: Rotom-Wash|Pain Split|p1a: Team Aqua
|-sethp|p1a: Team Aqua|236\/394|p2a: Rotom-Wash|236\/304 brn|[from] move: Pain Split
|move|p1a: Team Aqua|Slack Off|p1a: Team Aqua
|-heal|p1a: Team Aqua|394\/394
|
|-heal|p2a: Rotom-Wash|255\/304 brn|[from] item: Leftovers
|-damage|p2a: Rotom-Wash|217\/304 brn|[from] brn
|turn|28
|
|move|p2a: Rotom-Wash|Volt Switch|p1a: Team Aqua
|-supereffective|p1a: Team Aqua
|-damage|p1a: Team Aqua|196\/394
|
|switch|p2a: Keldeo-Resolute|Keldeo-Resolute|322\/322
|move|p1a: Team Aqua|Slack Off|p1a: Team Aqua
|-heal|p1a: Team Aqua|393\/394
|
|-heal|p1a: Team Aqua|394\/394|[from] item: Leftovers
|turn|29
|
|switch|p2a: Rotom-Wash|Rotom-Wash|217\/304 brn
|move|p1a: Team Aqua|Psyshock|p2a: Rotom-Wash
|-damage|p2a: Rotom-Wash|135\/304 brn
|
|-heal|p2a: Rotom-Wash|154\/304 brn|[from] item: Leftovers
|-damage|p2a: Rotom-Wash|116\/304 brn|[from] brn
|turn|30
|
|move|p2a: Rotom-Wash|Volt Switch|p1a: Team Aqua
|-supereffective|p1a: Team Aqua
|-damage|p1a: Team Aqua|188\/394
|
|switch|p2a: Keldeo-Resolute|Keldeo-Resolute|322\/322
|move|p1a: Team Aqua|Psyshock|p2a: Keldeo-Resolute
|-supereffective|p2a: Keldeo-Resolute
|-damage|p2a: Keldeo-Resolute|118\/322
|
|-heal|p1a: Team Aqua|212\/394|[from] item: Leftovers
|turn|31
|
|move|p2a: Keldeo-Resolute|Scald|p1a: Team Aqua
|-resisted|p1a: Team Aqua
|-damage|p1a: Team Aqua|107\/394
|-damage|p2a: Keldeo-Resolute|86\/322|[from] item: Life Orb
|move|p1a: Team Aqua|Psyshock|p2a: Keldeo-Resolute
|-supereffective|p2a: Keldeo-Resolute
|-damage|p2a: Keldeo-Resolute|0 fnt
|faint|p2a: Keldeo-Resolute
|
|-heal|p1a: Team Aqua|131\/394|[from] item: Leftovers
|
|switch|p2a: Rotom-Wash|Rotom-Wash|116\/304 brn
|turn|32
|
|switch|p1a: Sky Flyer|Latios, M|302\/302
|-damage|p1a: Sky Flyer|265\/302|[from] Stealth Rock
|move|p2a: Rotom-Wash|Volt Switch|p1a: Sky Flyer
|-resisted|p1a: Sky Flyer
|-damage|p1a: Sky Flyer|229\/302
|
|switch|p2a: Talonflame|Talonflame, F|91\/297
|
|turn|33
|
|switch|p1a: Team Aqua|Slowbro, M|262\/394
|-damage|p1a: Team Aqua|213\/394|[from] Stealth Rock
|move|p2a: Talonflame|Brave Bird|p1a: Team Aqua
|-damage|p1a: Team Aqua|51\/394
|-damage|p2a: Talonflame|38\/297|[from] recoil|[of] p1a: Team Aqua
|
|-heal|p1a: Team Aqua|75\/394|[from] item: Leftovers
|turn|34
|
|move|p2a: Talonflame|Brave Bird|p1a: Team Aqua
|-damage|p1a: Team Aqua|0 fnt
|-damage|p2a: Talonflame|13\/297|[from] recoil|[of] p1a: Team Aqua
|faint|p1a: Team Aqua
|
|
|switch|p1a: Mt. Rakion|Terrakion|324\/324
|-damage|p1a: Mt. Rakion|304\/324|[from] Stealth Rock
|turn|35
|
|switch|p2a: Rotom-Wash|Rotom-Wash|116\/304 brn
|move|p1a: Mt. Rakion|Close Combat|p2a: Rotom-Wash
|-damage|p2a: Rotom-Wash|0 fnt
|-unboost|p1a: Mt. Rakion|def|1
|-unboost|p1a: Mt. Rakion|spd|1
|faint|p2a: Rotom-Wash
|
|
|switch|p2a: Scizor|Scizor-Mega, M|279\/344
|turn|36
|
|move|p1a: Mt. Rakion|Close Combat|p2a: Scizor
|-damage|p2a: Scizor|132\/344
|-unboost|p1a: Mt. Rakion|def|1
|-unboost|p1a: Mt. Rakion|spd|1
|move|p2a: Scizor|Swords Dance|p2a: Scizor
|-boost|p2a: Scizor|atk|2
|
|turn|37
|
|move|p2a: Scizor|Bullet Punch|p1a: Mt. Rakion
|-supereffective|p1a: Mt. Rakion
|-damage|p1a: Mt. Rakion|0 fnt
|faint|p1a: Mt. Rakion
|
|
|switch|p1a: Strong Bug|Heracross, M|302\/302
|-damage|p1a: Strong Bug|265\/302|[from] Stealth Rock
|turn|38
|
|detailschange|p1a: Strong Bug|Heracross-Mega, M
|message|Heracross has Mega Evolved into Mega Heracross!
|move|p2a: Scizor|Bullet Punch|p1a: Strong Bug
|-damage|p1a: Strong Bug|49\/302
|move|p1a: Strong Bug|Close Combat|p2a: Scizor
|-damage|p2a: Scizor|0 fnt
|-unboost|p1a: Strong Bug|def|1
|-unboost|p1a: Strong Bug|spd|1
|faint|p2a: Scizor
|
|
|switch|p2a: Talonflame|Talonflame, F|13\/297
|turn|39
|
|move|p2a: Talonflame|U-turn|p1a: Strong Bug
|-resisted|p1a: Strong Bug
|-damage|p1a: Strong Bug|0 fnt
|faint|p1a: Strong Bug
|
|
|switch|p1a: Sky Flyer|Latios, M|229\/302
|-damage|p1a: Sky Flyer|192\/302|[from] Stealth Rock
|turn|40
|
|move|p1a: Sky Flyer|Psyshock|p2a: Talonflame
|-crit|p2a: Talonflame
|-damage|p2a: Talonflame|0 fnt
|faint|p2a: Talonflame
|
|win|LadderSoTall
|raw|Ladder updating...
|raw|LadderSoTall's rating: 1743 &rarr; <strong>1762<\/strong><br \/>(+19 for winning)
|raw|Hyper Drive's rating: 1732 &rarr; <strong>1713<\/strong><br \/>(-19 for losing)
|leave|Hyper Drive
|player|p2