|join|J0MEL
|join|LadderSoTall
|player|p1|J0MEL|69
|player|p2|LadderSoTall|31
|gametype|singles
|gen|6
|tier|OU
|rated
|clearpoke
|poke|p1|Jolteon, M
|poke|p1|Heracross, M
|poke|p1|Heatran, F
|poke|p1|Skarmory, M
|poke|p1|Chansey, F
|poke|p1|Whimsicott, F
|poke|p2|Gothitelle, M, shiny
|poke|p2|Heracross, M
|poke|p2|Mew
|poke|p2|Slowbro, M
|poke|p2|Azumarill, M
|poke|p2|Bisharp, M
|rule|Swagger Clause: Swagger is banned
|rule|Baton Pass Clause: Limit one PokÃ©mon knowing Baton Pass
|rule|Sleep Clause Mod: Limit one foe put to sleep
|rule|Species Clause: Limit one of each PokÃ©mon
|rule|OHKO Clause: OHKO moves are banned
|rule|Moody Clause: Moody is banned
|rule|Evasion Moves Clause: Evasion moves are banned
|rule|Endless Battle Clause: Forcing endless battles is banned
|rule|HP Percentage Mod: HP is shown in percentages
|teampreview
|
|start
|switch|p1a: Jolteon|Jolteon, M|272\/272
|switch|p2a: Genetics|Mew|404\/404
|-item|p1a: Jolteon|Air Balloon
|turn|1
|
|move|p1a: Jolteon|Volt Switch|p2a: Genetics
|-damage|p2a: Genetics|299\/404
|
|switch|p1a: Whimsicott|Whimsicott, F|324\/324
|move|p2a: Genetics|Will-O-Wisp|p1a: Whimsicott|[miss]
|-miss|p2a: Genetics|p1a: Whimsicott
|
|-heal|p2a: Genetics|324\/404|[from] item: Leftovers
|turn|2
|
|switch|p1a: Heatran|Heatran, F|323\/323
|move|p2a: Genetics|Stealth Rock|p1a: Heatran
|-sidestart|p1: J0MEL|move: Stealth Rock
|
|-heal|p2a: Genetics|349\/404|[from] item: Leftovers
|turn|3
|
|move|p2a: Genetics|Taunt|p1a: Heatran
|-start|p1a: Heatran|move: Taunt
|move|p1a: Heatran|Fire Blast|p2a: Genetics
|-damage|p2a: Genetics|51\/404
|
|-heal|p2a: Genetics|76\/404|[from] item: Leftovers
|turn|4
|
|switch|p2a: Fren :)|Slowbro, M|394\/394
|move|p1a: Heatran|Fire Blast|p2a: Fren :)
|-resisted|p2a: Fren :)
|-damage|p2a: Fren :)|194\/394
|-status|p2a: Fren :)|brn
|
|-damage|p2a: Fren :)|145\/394 brn|[from] brn
|turn|5
|
|switch|p2a: Genetics|Mew|76\/404
|move|p1a: Heatran|Fire Blast|p2a: Genetics
|-damage|p2a: Genetics|0 fnt
|faint|p2a: Genetics
|
|-end|p1a: Heatran|move: Taunt
|
|switch|p2a: Strong Bug|Heracross, M|302\/302
|turn|6
|
|detailschange|p2a: Strong Bug|Heracross-Mega, M
|message|Heracross has Mega Evolved into Mega Heracross!
|move|p2a: Strong Bug|Close Combat|p1a: Heatran
|-supereffective|p1a: Heatran
|-damage|p1a: Heatran|0 fnt
|-unboost|p2a: Strong Bug|def|1
|-unboost|p2a: Strong Bug|spd|1
|faint|p1a: Heatran
|
|
|switch|p1a: Skarmory|Skarmory, M|334\/334
|-damage|p1a: Skarmory|293\/334|[from] Stealth Rock
|turn|7
|
|switch|p2a: Trap Tower|Gothitelle, M, shiny|282\/282
|move|p1a: Skarmory|Stealth Rock|p2a: Trap Tower
|-sidestart|p2: LadderSoTall|move: Stealth Rock
|
|-heal|p1a: Skarmory|313\/334|[from] item: Leftovers
|turn|8
|
|move|p2a: Trap Tower|Thunderbolt|p1a: Skarmory
|-crit|p1a: Skarmory
|-supereffective|p1a: Skarmory
|-damage|p1a: Skarmory|0 fnt
|faint|p1a: Skarmory
|
|
|switch|p1a: Chansey|Chansey, F|704\/704
|-damage|p1a: Chansey|616\/704|[from] Stealth Rock
|turn|9
|
|switch|p2a: Fren :)|Slowbro, M|276\/394 brn
|-damage|p2a: Fren :)|227\/394 brn|[from] Stealth Rock
|move|p1a: Chansey|Thunder Wave|p2a: Fren :)
|-fail|p2a: Fren :)
|
|-damage|p2a: Fren :)|178\/394 brn|[from] brn
|turn|10
|
|switch|p2a: Trap Tower|Gothitelle, M, shiny|282\/282
|-damage|p2a: Trap Tower|247\/282|[from] Stealth Rock
|move|p1a: Chansey|Wish|p1a: Chansey
|
|turn|11
|
|move|p2a: Trap Tower|Trick|p1a: Chansey
|-activate|p2a: Trap Tower|move: Trick|[of] p1a: Chansey
|-item|p1a: Chansey|Choice Scarf|[from] move: Trick
|-item|p2a: Trap Tower|Eviolite|[from] move: Trick
|move|p1a: Chansey|Thunder Wave|p2a: Trap Tower
|-status|p2a: Trap Tower|par
|
|-heal|p1a: Chansey|704\/704|[from] move: Wish|[wisher] Chansey
|turn|12
|
|move|p1a: Chansey|Thunder Wave|p2a: Trap Tower
|-fail|p2a: Trap Tower|par
|cant|p2a: Trap Tower|par
|
|turn|13
|
|move|p1a: Chansey|Thunder Wave|p2a: Trap Tower
|-fail|p2a: Trap Tower|par
|move|p2a: Trap Tower|Psychic|p1a: Chansey
|-damage|p1a: Chansey|577\/704
|
|turn|14
|
|move|p1a: Chansey|Thunder Wave|p2a: Trap Tower
|-fail|p2a: Trap Tower|par
|move|p2a: Trap Tower|Psychic|p1a: Chansey
|-damage|p1a: Chansey|463\/704
|-unboost|p1a: Chansey|spd|1
|
|turn|15
|
|move|p1a: Chansey|Thunder Wave|p2a: Trap Tower
|-fail|p2a: Trap Tower|par
|move|p2a: Trap Tower|Psychic|p1a: Chansey
|-damage|p1a: Chansey|277\/704
|
|turn|16
|
|move|p1a: Chansey|Thunder Wave|p2a: Trap Tower
|-fail|p2a: Trap Tower|par
|move|p2a: Trap Tower|Psychic|p1a: Chansey
|-damage|p1a: Chansey|106\/704
|
|turn|17
|
|move|p1a: Chansey|Thunder Wave|p2a: Trap Tower
|-fail|p2a: Trap Tower|par
|cant|p2a: Trap Tower|par
|
|turn|18
|
|move|p1a: Chansey|Thunder Wave|p2a: Trap Tower
|-fail|p2a: Trap Tower|par
|move|p2a: Trap Tower|Psychic|p1a: Chansey
|-damage|p1a: Chansey|0 fnt
|faint|p1a: Chansey
|
|
|switch|p1a: Jolteon|Jolteon, M|272\/272
|-damage|p1a: Jolteon|238\/272|[from] Stealth Rock
|-item|p1a: Jolteon|Air Balloon
|turn|19
|
|move|p1a: Jolteon|Thunderbolt|p2a: Trap Tower
|-damage|p2a: Trap Tower|114\/282 par
|move|p2a: Trap Tower|Psychic|p1a: Jolteon
|-damage|p1a: Jolteon|94\/272
|-enditem|p1a: Jolteon|Air Balloon
|
|turn|20
|
|move|p1a: Jolteon|Thunderbolt|p2a: Trap Tower
|-damage|p2a: Trap Tower|0 fnt
|faint|p2a: Trap Tower
|
|
|switch|p2a: Strong Bug|Heracross-Mega, M|302\/302
|-damage|p2a: Strong Bug|265\/302|[from] Stealth Rock
|turn|21
|
|move|p1a: Jolteon|Thunder Wave|p2a: Strong Bug
|-status|p2a: Strong Bug|par
|cant|p2a: Strong Bug|par
|
|turn|22
|
|move|p1a: Jolteon|Thunderbolt|p2a: Strong Bug
|-damage|p2a: Strong Bug|124\/302 par
|move|p2a: Strong Bug|Pin Missile|p1a: Jolteon
|-damage|p1a: Jolteon|7\/272
|-damage|p1a: Jolteon|0 fnt
|-hitcount|p1a: Jolteon|2
|faint|p1a: Jolteon
|
|
|switch|p1a: Heracross|Heracross, M|341\/341
|-damage|p1a: Heracross|299\/341|[from] Stealth Rock
|turn|23
|
|detailschange|p1a: Heracross|Heracross-Mega, M
|message|Heracross has Mega Evolved into Mega Heracross!
|move|p1a: Heracross|Rock Blast|p2a: Strong Bug
|-damage|p2a: Strong Bug|88\/302 par
|-damage|p2a: Strong Bug|50\/302 par
|-damage|p2a: Strong Bug|14\/302 par
|-damage|p2a: Strong Bug|0 fnt
|-hitcount|p2a: Strong Bug|4
|faint|p2a: Strong Bug
|
|
|switch|p2a: Wet Rabbit|Azumarill, M|404\/404
|-damage|p2a: Wet Rabbit|354\/404|[from] Stealth Rock
|turn|24
|
|switch|p1a: Whimsicott|Whimsicott, F|324\/324
|-damage|p1a: Whimsicott|284\/324|[from] Stealth Rock
|move|p2a: Wet Rabbit|Play Rough|p1a: Whimsicott
|-damage|p1a: Whimsicott|122\/324
|
|turn|25
|
|switch|p2a: Fren :)|Slowbro, M|309\/394 brn
|-damage|p2a: Fren :)|260\/394 brn|[from] Stealth Rock
|move|p1a: Whimsicott|Tailwind|p1a: Whimsicott
|-sidestart|p1: J0MEL|move: Tailwind
|
|-damage|p2a: Fren :)|211\/394 brn|[from] brn
|turn|26
|
|move|p1a: Whimsicott|Switcheroo|p2a: Fren :)
|-activate|p1a: Whimsicott|move: Trick|[of] p2a: Fren :)
|-item|p2a: Fren :)|Full Incense|[from] Trick
|-item|p1a: Whimsicott|Choice Specs|[from] Trick
|move|p2a: Fren :)|Psyshock|p1a: Whimsicott
|-damage|p1a: Whimsicott|14\/324
|
|-damage|p2a: Fren :)|162\/394 brn|[from] brn
|turn|27
|
|move|p1a: Whimsicott|Encore|p2a: Fren :)
|-start|p2a: Fren :)|Encore
|move|p2a: Fren :)|Psyshock|p1a: Whimsicott
|-damage|p1a: Whimsicott|0 fnt
|faint|p1a: Whimsicott
|
|-damage|p2a: Fren :)|113\/394 brn|[from] brn
|
|switch|p1a: Heracross|Heracross-Mega, M|299\/341
|-damage|p1a: Heracross|257\/341|[from] Stealth Rock
|turn|28
|
|move|p1a: Heracross|Bullet Seed|p2a: Fren :)
|-supereffective|p2a: Fren :)
|-damage|p2a: Fren :)|29\/394 brn
|-supereffective|p2a: Fren :)
|-damage|p2a: Fren :)|0 fnt
|-hitcount|p2a: Fren :)|2
|faint|p2a: Fren :)
|
|-sideend|p1: J0MEL|move: Tailwind
|
|switch|p2a: Wet Rabbit|Azumarill, M|354\/404
|-damage|p2a: Wet Rabbit|304\/404|[from] Stealth Rock
|turn|29
|
|move|p1a: Heracross|Bullet Seed|p2a: Wet Rabbit
|-supereffective|p2a: Wet Rabbit
|-damage|p2a: Wet Rabbit|194\/404
|-supereffective|p2a: Wet Rabbit
|-damage|p2a: Wet Rabbit|84\/404
|-supereffective|p2a: Wet Rabbit
|-damage|p2a: Wet Rabbit|0 fnt
|-hitcount|p2a: Wet Rabbit|3
|faint|p2a: Wet Rabbit
|
|
|switch|p2a: Always On Guard|Bisharp, M|334\/334
|-damage|p2a: Always On Guard|314\/334|[from] Stealth Rock
|turn|30
|
|move|p1a: Heracross|Arm Thrust|p2a: Always On Guard
|-supereffective|p2a: Always On Guard
|-damage|p2a: Always On Guard|166\/334
|-crit|p2a: Always On Guard
|-supereffective|p2a: Always On Guard
|-damage|p2a: Always On Guard|0 fnt
|-hitcount|p2a: Always On Guard|2
|faint|p2a: Always On Guard
|
|win|J0MEL
|raw|Ladder updating...
|raw|J0MEL's rating: 1506 &rarr; <strong>1531<\/strong><br \/>(+25 for winning)
|raw|LadderSoTall's rating: 1596 &rarr; <strong>1571<\/strong><br \/>(-25 for losing)
|c|âJ0MEL|gg
|leave|LadderSoTall
|player|p2