|join|LadderSoTall
|join|Lt1B tesung
|player|p1|LadderSoTall|31
|player|p2|Lt1B tesung|101
|gametype|singles
|gen|6
|tier|OU
|rated
|clearpoke
|poke|p1|Slowbro, M
|poke|p1|Heracross, M
|poke|p1|Latios, M
|poke|p1|Heatran, M
|poke|p1|Clefable, M
|poke|p1|Terrakion
|poke|p2|Breloom, F
|poke|p2|Froslass, F
|poke|p2|Archeops, F
|poke|p2|Bisharp, F
|poke|p2|Landorus-Therian, M
|poke|p2|Gyarados, F
|rule|Swagger Clause: Swagger is banned
|rule|Baton Pass Clause: Limit one PokÃ©mon knowing Baton Pass
|rule|Sleep Clause Mod: Limit one foe put to sleep
|rule|Species Clause: Limit one of each PokÃ©mon
|rule|OHKO Clause: OHKO moves are banned
|rule|Moody Clause: Moody is banned
|rule|Evasion Moves Clause: Evasion moves are banned
|rule|Endless Battle Clause: Forcing endless battles is banned
|rule|HP Percentage Mod: HP is shown in percentages
|teampreview
|join|CZ
|
|start
|switch|p1a: Strong Bug|Heracross, M|302\/302
|switch|p2a: ES bonitaa??|Froslass, F|281\/281
|turn|1
|
|detailschange|p1a: Strong Bug|Heracross-Mega, M
|message|Heracross has Mega Evolved into Mega Heracross!
|move|p2a: ES bonitaa??|Destiny Bond|p2a: ES bonitaa??
|-singlemove|p2a: ES bonitaa??|Destiny Bond
|move|p1a: Strong Bug|Bullet Seed|p2a: ES bonitaa??
|-damage|p2a: ES bonitaa??|232\/281
|-damage|p2a: ES bonitaa??|183\/281
|-damage|p2a: ES bonitaa??|127\/281
|-damage|p2a: ES bonitaa??|78\/281
|-damage|p2a: ES bonitaa??|27\/281
|-hitcount|p2a: ES bonitaa??|5
|
|turn|2
|
|switch|p1a: Sky Flyer|Latios, M|302\/302
|move|p2a: ES bonitaa??|Spikes|p1a: Sky Flyer
|-sidestart|p1: LadderSoTall|Spikes
|
|turn|3
|
|move|p1a: Sky Flyer|Draco Meteor|p2a: ES bonitaa??
|-crit|p2a: ES bonitaa??
|-damage|p2a: ES bonitaa??|0 fnt
|-unboost|p1a: Sky Flyer|spa|2
|faint|p2a: ES bonitaa??
|
|
|switch|p2a: Tienes problemm???|Archeops, F|291\/291
|turn|4
|
|switch|p1a: Team Aqua|Slowbro, M|394\/394
|-damage|p1a: Team Aqua|345\/394|[from] Spikes
|move|p2a: Tienes problemm???|Stealth Rock|p1a: Team Aqua
|-sidestart|p1: LadderSoTall|move: Stealth Rock
|
|-heal|p1a: Team Aqua|369\/394|[from] item: Leftovers
|turn|5
|
|move|p2a: Tienes problemm???|Taunt|p1a: Team Aqua
|-start|p1a: Team Aqua|move: Taunt
|cant|p1a: Team Aqua|move: Taunt|Thunder Wave
|
|-heal|p1a: Team Aqua|393\/394|[from] item: Leftovers
|turn|6
|
|move|p2a: Tienes problemm???|Rock Slide|p1a: Team Aqua
|-damage|p1a: Team Aqua|299\/394
|move|p1a: Team Aqua|Scald|p2a: Tienes problemm???
|-supereffective|p2a: Tienes problemm???
|-damage|p2a: Tienes problemm???|25\/291
|
|-heal|p1a: Team Aqua|323\/394|[from] item: Leftovers
|turn|7
|
|move|p2a: Tienes problemm???|Endeavor|p1a: Team Aqua
|-damage|p1a: Team Aqua|25\/394
|move|p1a: Team Aqua|Psyshock|p2a: Tienes problemm???
|-damage|p2a: Tienes problemm???|0 fnt
|faint|p2a: Tienes problemm???
|
|-heal|p1a: Team Aqua|49\/394|[from] item: Leftovers
|-end|p1a: Team Aqua|move: Taunt
|
|switch|p2a: Te kiiis|Landorus-Therian, M|319\/319
|-ability|p2a: Te kiiis|Intimidate|[of] p1a: Team Aqua
|-unboost|p1a: Team Aqua|atk|1
|turn|8
|
|switch|p1a: Mega Audino 2.0|Clefable, M|394\/394
|move|p2a: Te kiiis|U-turn|p1a: Mega Audino 2.0
|-crit|p1a: Mega Audino 2.0
|-resisted|p1a: Mega Audino 2.0
|-damage|p1a: Mega Audino 2.0|311\/394
|
|switch|p2a: You liiike?|Breloom, F|262\/262
|
|-heal|p1a: Mega Audino 2.0|335\/394|[from] item: Leftovers
|turn|9
|
|move|p2a: You liiike?|Spore|p1a: Mega Audino 2.0
|-status|p1a: Mega Audino 2.0|slp
|cant|p1a: Mega Audino 2.0|slp
|
|-heal|p1a: Mega Audino 2.0|359\/394 slp|[from] item: Leftovers
|turn|10
|
|-singleturn|p2a: You liiike?|move: Focus Punch
|-curestatus|p1a: Mega Audino 2.0|slp
|move|p1a: Mega Audino 2.0|Moonblast|p2a: You liiike?
|-supereffective|p2a: You liiike?
|-damage|p2a: You liiike?|0 fnt
|faint|p2a: You liiike?
|
|-heal|p1a: Mega Audino 2.0|383\/394|[from] item: Leftovers
|
|switch|p2a: ES noviaaa???|Bisharp, F|272\/272
|turn|11
|join|The DragonKnight
|
|switch|p1a: Lava Flow|Heatran, M|385\/385
|-damage|p1a: Lava Flow|337\/385|[from] Stealth Rock
|-damage|p1a: Lava Flow|289\/385|[from] Spikes
|move|p2a: ES noviaaa???|Iron Head|p1a: Lava Flow
|-resisted|p1a: Lava Flow
|-damage|p1a: Lava Flow|249\/385
|-damage|p2a: ES noviaaa???|245\/272|[from] item: Life Orb
|
|-heal|p1a: Lava Flow|273\/385|[from] item: Leftovers
|turn|12
|
|move|p2a: ES noviaaa???|Swords Dance|p2a: ES noviaaa???
|-boost|p2a: ES noviaaa???|atk|2
|move|p1a: Lava Flow|Lava Plume|p2a: ES noviaaa???
|-supereffective|p2a: ES noviaaa???
|-damage|p2a: ES noviaaa???|0 fnt
|faint|p2a: ES noviaaa???
|
|-heal|p1a: Lava Flow|297\/385|[from] item: Leftovers
|
|switch|p2a: carolina feelin|Gyarados, F|339\/339
|-ability|p2a: carolina feelin|Intimidate|[of] p1a: Lava Flow
|-unboost|p1a: Lava Flow|atk|1
|turn|13
|
|switch|p1a: Strong Bug|Heracross-Mega, M|302\/302
|-damage|p1a: Strong Bug|265\/302|[from] Stealth Rock
|-damage|p1a: Strong Bug|228\/302|[from] Spikes
|move|p2a: carolina feelin|Dragon Dance|p2a: carolina feelin
|-boost|p2a: carolina feelin|atk|1
|-boost|p2a: carolina feelin|spe|1
|
|turn|14
|
|detailschange|p2a: carolina feelin|Gyarados-Mega, F
|message|Gyarados has Mega Evolved into Mega Gyarados!
|-ability|p2a: carolina feelin|Mold Breaker
|move|p2a: carolina feelin|Dragon Dance|p2a: carolina feelin
|-boost|p2a: carolina feelin|atk|1
|-boost|p2a: carolina feelin|spe|1
|move|p1a: Strong Bug|Bullet Seed|p2a: carolina feelin
|-supereffective|p2a: carolina feelin
|-damage|p2a: carolina feelin|271\/339
|-supereffective|p2a: carolina feelin
|-damage|p2a: carolina feelin|199\/339
|-supereffective|p2a: carolina feelin
|-damage|p2a: carolina feelin|121\/339
|-supereffective|p2a: carolina feelin
|-damage|p2a: carolina feelin|53\/339
|-supereffective|p2a: carolina feelin
|-damage|p2a: carolina feelin|0 fnt
|-hitcount|p2a: carolina feelin|5
|faint|p2a: carolina feelin
|
|join|LT1A MasterRyuga
|leave|The DragonKnight
|-message|Lt1B tesung forfeited.
|
|win|LadderSoTall
|raw|Ladder updating...
|leave|Lt1B tesung
|player|p2
|raw|LadderSoTall's rating: 1723 &rarr; <strong>1743<\/strong><br \/>(+20 for winning)
|raw|Lt1B tesung's rating: 1722 &rarr; <strong>1702<\/strong><br \/>(-20 for losing)
|leave|LT1A MasterRyuga
|leave|CZ