|join|Guilas BeatU
|join|LadderSoTall
|player|p1|Guilas BeatU|290
|player|p2|LadderSoTall|31
|gametype|singles
|gen|6
|tier|OU
|rated
|clearpoke
|poke|p1|Keldeo
|poke|p1|Dragonite, F
|poke|p1|Tyranitar, F
|poke|p1|Gardevoir, F
|poke|p1|Excadrill, F
|poke|p1|Talonflame, F
|poke|p2|Slowbro, M
|poke|p2|Heracross, M
|poke|p2|Latios, M
|poke|p2|Heatran, M
|poke|p2|Clefable, M
|poke|p2|Terrakion
|rule|Swagger Clause: Swagger is banned
|rule|Baton Pass Clause: Limit one PokÃ©mon knowing Baton Pass
|rule|Sleep Clause Mod: Limit one foe put to sleep
|rule|Species Clause: Limit one of each PokÃ©mon
|rule|OHKO Clause: OHKO moves are banned
|rule|Moody Clause: Moody is banned
|rule|Evasion Moves Clause: Evasion moves are banned
|rule|Endless Battle Clause: Forcing endless battles is banned
|rule|HP Percentage Mod: HP is shown in percentages
|teampreview
|join|xavgb
|join|AdityaKeshari
|join|u got clefabl'ed
|c| u got clefabl'ed|lol nice
|c|âLadderSoTall|idk if mega hera works yet
|c| xavgb|ahha
|
|start
|switch|p1a: Talonflame|Talonflame, F|297\/297
|switch|p2a: Strong Bug|Heracross, M|302\/302
|turn|1
|c| xavgb|mega hera usually works on stall
|
|switch|p2a: Volcano|Heatran, M|385\/385
|move|p1a: Talonflame|U-turn|p2a: Volcano
|-resisted|p2a: Volcano
|-damage|p2a: Volcano|362\/385
|c| xavgb|or like
|c| xavgb|semi-stall
|c| xavgb|on full stall it is beast
|c| xavgb|makes quick work of games
|c|âLadderSoTall|it was mega scizor tho
|
|switch|p1a: Keldeo|Keldeo|323\/323
|
|-heal|p2a: Volcano|385\/385|[from] item: Leftovers
|turn|2
|c| xavgb|cause of no counters and loads of switch-ins for stall
|
|switch|p2a: Fren :)|Slowbro, M|394\/394
|move|p1a: Keldeo|Secret Sword|p2a: Fren :)
|-resisted|p2a: Fren :)
|-damage|p2a: Fren :)|320\/394
|
|-heal|p2a: Fren :)|344\/394|[from] item: Leftovers
|turn|3
|c| AdityaKeshari|that is why stall is bAD nowadays due to m-hera and some others
|
|switch|p1a: Tyranitar|Tyranitar, F|341\/341
|-weather|Sandstorm
|move|p2a: Fren :)|Thunder Wave|p1a: Tyranitar
|-status|p1a: Tyranitar|par
|
|-weather|Sandstorm|[upkeep]
|-damage|p2a: Fren :)|320\/394|[from] sandstorm
|-heal|p2a: Fren :)|344\/394|[from] item: Leftovers
|turn|4
|c| xavgb|its not bad
|
|switch|p2a: Mt. Rakion|Terrakion|324\/324
|move|p1a: Tyranitar|Stealth Rock|p2a: Mt. Rakion
|-sidestart|p2: LadderSoTall|move: Stealth Rock
|
|-weather|Sandstorm|[upkeep]
|turn|5
|c| xavgb|you just have to be careful when building
|
|move|p2a: Mt. Rakion|Close Combat|p1a: Tyranitar
|-supereffective|p1a: Tyranitar
|-enditem|p1a: Tyranitar|Focus Sash
|-damage|p1a: Tyranitar|1\/341 par
|-unboost|p2a: Mt. Rakion|def|1
|-unboost|p2a: Mt. Rakion|spd|1
|move|p1a: Tyranitar|Ice Beam|p2a: Mt. Rakion
|-damage|p2a: Mt. Rakion|227\/324
|
|-weather|Sandstorm|[upkeep]
|turn|6
|c| AdityaKeshari|Not good as before though xavgb
|
|move|p2a: Mt. Rakion|Close Combat|p1a: Tyranitar
|-supereffective|p1a: Tyranitar
|-damage|p1a: Tyranitar|0 fnt
|-unboost|p2a: Mt. Rakion|def|1
|-unboost|p2a: Mt. Rakion|spd|1
|faint|p1a: Tyranitar
|
|-weather|Sandstorm|[upkeep]
|c| xavgb|yeh
|c| xavgb|but it was really good before
|c| xavgb|and still good now
|
|switch|p1a: Gardevoir|Gardevoir, F|277\/277
|-ability|p1a: Gardevoir|Justified|[from] ability: Trace|[of] p2a: Mt. Rakion
|turn|7
|c| xavgb|i have a megadoom + doublade
|
|switch|p2a: Volcano|Heatran, M|385\/385
|-damage|p2a: Volcano|337\/385|[from] Stealth Rock
|detailschange|p1a: Gardevoir|Gardevoir-Mega, F
|message|Gardevoir has Mega Evolved into Mega Gardevoir!
|move|p1a: Gardevoir|Hidden Power|p2a: Volcano
|-supereffective|p2a: Volcano
|-damage|p2a: Volcano|73\/385
|
|-weather|none
|-heal|p2a: Volcano|97\/385|[from] item: Leftovers
|turn|8
|c| xavgb|and alomomola
|c|âLadderSoTall|....
|c| xavgb|deals with stall's usual problems
|c|âLadderSoTall|now what
|c| AdityaKeshari|Pink blobs dominate stall.
|
|move|p2a: Volcano|Protect|p2a: Volcano
|-singleturn|p2a: Volcano|Protect
|move|p1a: Gardevoir|Hidden Power|p2a: Volcano
|-activate|p2a: Volcano|Protect
|
|-heal|p2a: Volcano|121\/385|[from] item: Leftovers
|turn|9
|c| xavgb|and works even though in general the team is passive af
|
|move|p1a: Gardevoir|Hidden Power|p2a: Volcano
|-supereffective|p2a: Volcano
|-damage|p2a: Volcano|0 fnt
|faint|p2a: Volcano
|
|
|switch|p2a: Mt. Rakion|Terrakion|227\/324
|-damage|p2a: Mt. Rakion|207\/324|[from] Stealth Rock
|turn|10
|
|switch|p1a: Excadrill|Excadrill, F|361\/361
|-item|p1a: Excadrill|Air Balloon
|move|p2a: Mt. Rakion|Earthquake|p1a: Excadrill
|-immune|p1a: Excadrill|[msg]
|
|turn|11
|c|âLadderSoTall|....
|
|switch|p2a: Fren :)|Slowbro, M|394\/394
|-damage|p2a: Fren :)|345\/394|[from] Stealth Rock
|switch|p1a: Gardevoir|Gardevoir-Mega, F|277\/277
|
|-heal|p2a: Fren :)|369\/394|[from] item: Leftovers
|turn|12
|
|move|p1a: Gardevoir|Taunt|p2a: Fren :)
|-start|p2a: Fren :)|move: Taunt
|cant|p2a: Fren :)|move: Taunt|Thunder Wave
|
|-heal|p2a: Fren :)|393\/394|[from] item: Leftovers
|turn|13
|c|âLadderSoTall|....
|c|âLadderSoTall|i cant do anything
|
|move|p1a: Gardevoir|Hyper Voice|p2a: Fren :)
|-damage|p2a: Fren :)|72\/394
|move|p2a: Fren :)|Scald|p1a: Gardevoir
|-damage|p1a: Gardevoir|198\/277
|
|-heal|p2a: Fren :)|96\/394|[from] item: Leftovers
|turn|14
|leave|AdityaKeshari
|c| xavgb|massive fairy weakness
|
|move|p1a: Gardevoir|Hyper Voice|p2a: Fren :)
|-damage|p2a: Fren :)|0 fnt
|faint|p2a: Fren :)
|
|c| xavgb|other than tran
|c|âLadderSoTall|yeah and it had hp ground....
|
|switch|p2a: Mt. Rakion|Terrakion|207\/324
|-damage|p2a: Mt. Rakion|187\/324|[from] Stealth Rock
|turn|15
|c|âLadderSoTall|this is hwy i need scizor
|c| xavgb|just a replacement for f-blast i guess
|
|switch|p1a: Excadrill|Excadrill, F|361\/361
|-item|p1a: Excadrill|Air Balloon
|move|p2a: Mt. Rakion|Stone Edge|p1a: Excadrill
|-resisted|p1a: Excadrill
|-damage|p1a: Excadrill|283\/361
|-enditem|p1a: Excadrill|Air Balloon
|
|turn|16
|c| xavgb|g2g cy
|leave|xavgb
|
|switch|p2a: Rider|Latios, M|302\/302
|-damage|p2a: Rider|265\/302|[from] Stealth Rock
|move|p1a: Excadrill|Iron Head|p2a: Rider
|-damage|p2a: Rider|81\/302
|
|turn|17
|
|switch|p2a: Strong Bug|Heracross, M|302\/302
|-damage|p2a: Strong Bug|265\/302|[from] Stealth Rock
|move|p1a: Excadrill|Iron Head|p2a: Strong Bug
|-damage|p2a: Strong Bug|75\/302
|
|turn|18
|c|âLadderSoTall|ok im putting scizor
|c|âGuilas BeatU|well
|c|âLadderSoTall|this is redicoulous
|c|âGuilas BeatU|http:\/\/replay.pokemonshowdown.com\/ou-157123092
|c|âLadderSoTall|wut
|c|âGuilas BeatU|scizor is not a huge problema lol
|c|âGuilas BeatU|problem*
|
|switch|p1a: Dragonite|Dragonite, F|323\/323
|detailschange|p2a: Strong Bug|Heracross-Mega, M
|message|Heracross has Mega Evolved into Mega Heracross!
|move|p2a: Strong Bug|Bullet Seed|p1a: Dragonite
|-resisted|p1a: Dragonite
|-damage|p1a: Dragonite|318\/323
|-resisted|p1a: Dragonite
|-damage|p1a: Dragonite|308\/323
|-resisted|p1a: Dragonite
|-damage|p1a: Dragonite|298\/323
|-resisted|p1a: Dragonite
|-damage|p1a: Dragonite|288\/323
|-resisted|p1a: Dragonite
|-damage|p1a: Dragonite|278\/323
|-hitcount|p1a: Dragonite|5
|
|turn|19
|
|switch|p1a: Keldeo|Keldeo|323\/323
|move|p2a: Strong Bug|Rock Blast|p1a: Keldeo
|-resisted|p1a: Keldeo
|-damage|p1a: Keldeo|302\/323
|-resisted|p1a: Keldeo
|-damage|p1a: Keldeo|280\/323
|-resisted|p1a: Keldeo
|-damage|p1a: Keldeo|260\/323
|-resisted|p1a: Keldeo
|-damage|p1a: Keldeo|238\/323
|-resisted|p1a: Keldeo
|-damage|p1a: Keldeo|215\/323
|-hitcount|p1a: Keldeo|5
|
|turn|20
|
|move|p1a: Keldeo|Scald|p2a: Strong Bug
|-damage|p2a: Strong Bug|0 fnt
|faint|p2a: Strong Bug
|
|
|switch|p2a: Mega Audino 2.0|Clefable, M|394\/394
|turn|21
|
|switch|p1a: Gardevoir|Gardevoir-Mega, F|198\/277
|move|p2a: Mega Audino 2.0|Calm Mind|p2a: Mega Audino 2.0
|-boost|p2a: Mega Audino 2.0|spa|1
|-boost|p2a: Mega Audino 2.0|spd|1
|
|turn|22
|
|move|p1a: Gardevoir|Taunt|p2a: Mega Audino 2.0
|-start|p2a: Mega Audino 2.0|move: Taunt
|cant|p2a: Mega Audino 2.0|move: Taunt|Calm Mind
|
|turn|23
|join|Shr3kt
|join|CleanerThanRotom-W
|c|âLadderSoTall|:(
|c|âLadderSoTall|i cant even win anymore
|join|Gashowade2
|
|move|p1a: Gardevoir|Hyper Voice|p2a: Mega Audino 2.0
|-damage|p2a: Mega Audino 2.0|217\/394
|move|p2a: Mega Audino 2.0|Moonblast|p1a: Gardevoir
|-damage|p1a: Gardevoir|83\/277
|
|-heal|p2a: Mega Audino 2.0|241\/394|[from] item: Leftovers
|turn|24
|leave|Gashowade2
|join|Gashowade2
|leave|Gashowade2
|
|move|p1a: Gardevoir|Hyper Voice|p2a: Mega Audino 2.0
|-crit|p2a: Mega Audino 2.0
|-damage|p2a: Mega Audino 2.0|0 fnt
|faint|p2a: Mega Audino 2.0
|
|c|âLadderSoTall|....
|join|Gashowade2
|
|switch|p2a: Mt. Rakion|Terrakion|187\/324
|-damage|p2a: Mt. Rakion|167\/324|[from] Stealth Rock
|turn|25
|c|âGuilas BeatU|did not matter , but sorry
|c| u got clefabl'ed|lol
|
|switch|p1a: Excadrill|Excadrill, F|283\/361
|move|p2a: Mt. Rakion|Earthquake|p1a: Excadrill
|-supereffective|p1a: Excadrill
|-damage|p1a: Excadrill|0 fnt
|faint|p1a: Excadrill
|
|
|switch|p1a: Talonflame|Talonflame, F|297\/297
|turn|26
|c|âLadderSoTall|u got clefabled what do i do ? :\/
|c|âLadderSoTall|cant even get back to 1700s
|c|âGuilas BeatU|im not at 1700 too xD
|
|switch|p2a: Rider|Latios, M|81\/302
|-damage|p2a: Rider|44\/302|[from] Stealth Rock
|move|p1a: Talonflame|Brave Bird|p2a: Rider
|-crit|p2a: Rider
|-damage|p2a: Rider|0 fnt
|-damage|p1a: Talonflame|282\/297|[from] recoil|[of] p2a: Rider
|faint|p2a: Rider
|
|c|âGuilas BeatU|in this acc
|
|switch|p2a: Mt. Rakion|Terrakion|167\/324
|-damage|p2a: Mt. Rakion|147\/324|[from] Stealth Rock
|turn|27
|c|âGuilas BeatU|well , gg man
|
|move|p1a: Talonflame|Brave Bird|p2a: Mt. Rakion
|-damage|p2a: Mt. Rakion|0 fnt
|-damage|p1a: Talonflame|233\/297|[from] recoil|[of] p2a: Mt. Rakion
|faint|p2a: Mt. Rakion
|
|win|Guilas BeatU
|raw|Ladder updating...
|raw|Guilas BeatU's rating: 1683 &rarr; <strong>1700<\/strong><br \/>(+17 for winning)
|raw|LadderSoTall's rating: 1638 &rarr; <strong>1621<\/strong><br \/>(-17 for losing)
|c|âLadderSoTall|gg
|leave|LadderSoTall
|player|p2
|leave|Gashowade2