|join|Coolyo350
|join|LadderSoTall
|player|p1|Coolyo350|283
|player|p2|LadderSoTall|31
|gametype|singles
|gen|6
|tier|OU
|rated
|clearpoke
|poke|p1|Landorus-Therian, M
|poke|p1|Azumarill, F
|poke|p1|Latios, M
|poke|p1|Heracross, M
|poke|p1|Greninja, F
|poke|p1|Heatran, M
|poke|p2|Slowbro, M
|poke|p2|Heracross, M
|poke|p2|Latios, M
|poke|p2|Heatran, M
|poke|p2|Clefable, M
|poke|p2|Terrakion
|rule|Swagger Clause: Swagger is banned
|rule|Baton Pass Clause: Limit one PokÃ©mon knowing Baton Pass
|rule|Sleep Clause Mod: Limit one foe put to sleep
|rule|Species Clause: Limit one of each PokÃ©mon
|rule|OHKO Clause: OHKO moves are banned
|rule|Moody Clause: Moody is banned
|rule|Evasion Moves Clause: Evasion moves are banned
|rule|Endless Battle Clause: Forcing endless battles is banned
|rule|HP Percentage Mod: HP is shown in percentages
|teampreview
|
|start
|switch|p1a: Azumarill|Azumarill, F|347\/347
|switch|p2a: Strong Bug|Heracross, M|302\/302
|turn|1
|
|detailschange|p2a: Strong Bug|Heracross-Mega, M
|message|Heracross has Mega Evolved into Mega Heracross!
|move|p2a: Strong Bug|Bullet Seed|p1a: Azumarill
|-supereffective|p1a: Azumarill
|-damage|p1a: Azumarill|249\/347
|-supereffective|p1a: Azumarill
|-damage|p1a: Azumarill|153\/347
|-supereffective|p1a: Azumarill
|-damage|p1a: Azumarill|61\/347
|-supereffective|p1a: Azumarill
|-damage|p1a: Azumarill|0 fnt
|-hitcount|p1a: Azumarill|4
|faint|p1a: Azumarill
|
|
|switch|p1a: Greninja|Greninja, F|286\/286
|turn|2
|
|switch|p2a: Rider|Latios, M|302\/302
|move|p1a: Greninja|Extrasensory|p2a: Rider
|-start|p1a: Greninja|typechange|Psychic|[from] Protean
|-resisted|p2a: Rider
|-damage|p2a: Rider|227\/302
|-damage|p1a: Greninja|258\/286|[from] item: Life Orb
|
|turn|3
|
|move|p2a: Rider|Draco Meteor|p1a: Greninja
|-damage|p1a: Greninja|0 fnt
|-unboost|p2a: Rider|spa|2
|faint|p1a: Greninja
|
|
|switch|p1a: Heracross|Heracross, M|302\/302
|turn|4
|
|switch|p2a: Strong Bug|Heracross-Mega, M|302\/302
|detailschange|p1a: Heracross|Heracross-Mega, M
|message|Heracross has Mega Evolved into Mega Heracross!
|move|p1a: Heracross|Swords Dance|p1a: Heracross
|-boost|p1a: Heracross|atk|2
|
|turn|5
|
|move|p2a: Strong Bug|Rock Blast|p1a: Heracross
|-damage|p1a: Heracross|267\/302
|-damage|p1a: Heracross|229\/302
|-damage|p1a: Heracross|195\/302
|-damage|p1a: Heracross|160\/302
|-damage|p1a: Heracross|123\/302
|-hitcount|p1a: Heracross|5
|move|p1a: Heracross|Rock Blast|p2a: Strong Bug
|-damage|p2a: Strong Bug|229\/302
|-damage|p2a: Strong Bug|152\/302
|-damage|p2a: Strong Bug|81\/302
|-damage|p2a: Strong Bug|3\/302
|-damage|p2a: Strong Bug|0 fnt
|-hitcount|p2a: Strong Bug|5
|faint|p2a: Strong Bug
|
|
|switch|p2a: Rider|Latios, M|227\/302
|turn|6
|
|switch|p1a: Heatran|Heatran, M|323\/323
|move|p2a: Rider|Psyshock|p1a: Heatran
|-resisted|p1a: Heatran
|-damage|p1a: Heatran|254\/323
|
|turn|7
|
|switch|p2a: Volcano|Heatran, M|385\/385
|move|p1a: Heatran|Earth Power|p2a: Volcano
|-supereffective|p2a: Volcano
|-damage|p2a: Volcano|85\/385
|
|-heal|p2a: Volcano|109\/385|[from] item: Leftovers
|turn|8
|
|switch|p2a: Rider|Latios, M|227\/302
|move|p1a: Heatran|Earth Power|p2a: Rider
|-immune|p2a: Rider|[msg]
|
|turn|9
|
|switch|p1a: Latios|Latios, M|302\/302
|move|p2a: Rider|Draco Meteor|p1a: Latios
|-supereffective|p1a: Latios
|-damage|p1a: Latios|0 fnt
|-unboost|p2a: Rider|spa|2
|faint|p1a: Latios
|
|
|switch|p1a: Landorus-Therian|Landorus-Therian, M|382\/382
|-ability|p1a: Landorus-Therian|Intimidate|[of] p2a: Rider
|-unboost|p2a: Rider|atk|1
|turn|10
|
|switch|p2a: Mega Audino 2.0|Clefable, M|394\/394
|move|p1a: Landorus-Therian|U-turn|p2a: Mega Audino 2.0
|-resisted|p2a: Mega Audino 2.0
|-damage|p2a: Mega Audino 2.0|354\/394
|
|switch|p1a: Heatran|Heatran, M|254\/323
|
|-heal|p2a: Mega Audino 2.0|378\/394|[from] item: Leftovers
|turn|11
|
|switch|p2a: Fren :)|Slowbro, M|394\/394
|move|p1a: Heatran|Flash Cannon|p2a: Fren :)
|-resisted|p2a: Fren :)
|-damage|p2a: Fren :)|307\/394
|
|-heal|p2a: Fren :)|331\/394|[from] item: Leftovers
|turn|12
|
|switch|p1a: Heracross|Heracross-Mega, M|123\/302
|move|p2a: Fren :)|Scald|p1a: Heracross
|-damage|p1a: Heracross|27\/302
|-status|p1a: Heracross|brn
|
|-heal|p2a: Fren :)|355\/394|[from] item: Leftovers
|-damage|p1a: Heracross|0 fnt|[from] brn
|faint|p1a: Heracross
|-message|Coolyo350 forfeited.
|
|win|LadderSoTall
|raw|Ladder updating...
|leave|Coolyo350
|player|p1
|raw|Coolyo350's rating: 1735 &rarr; <strong>1714<\/strong><br \/>(-21 for losing)
|raw|LadderSoTall's rating: 1705 &rarr; <strong>1727<\/strong><br \/>(+22 for winning)