|join|LT1A Costa
|join|LadderSoTall
|player|p1|LT1A Costa|29
|player|p2|LadderSoTall|31
|gametype|singles
|gen|6
|tier|OU
|rated
|clearpoke
|poke|p1|Diggersby, M
|poke|p1|Garchomp, F
|poke|p1|Azumarill, M
|poke|p1|Pinsir, M
|poke|p1|Magnezone
|poke|p1|Latios, M
|poke|p2|Slowbro, M
|poke|p2|Heracross, M
|poke|p2|Latios, M
|poke|p2|Heatran, M
|poke|p2|Clefable, M
|poke|p2|Terrakion
|rule|Swagger Clause: Swagger is banned
|rule|Baton Pass Clause: Limit one PokÃ©mon knowing Baton Pass
|rule|Sleep Clause Mod: Limit one foe put to sleep
|rule|Species Clause: Limit one of each PokÃ©mon
|rule|OHKO Clause: OHKO moves are banned
|rule|Moody Clause: Moody is banned
|rule|Evasion Moves Clause: Evasion moves are banned
|rule|Endless Battle Clause: Forcing endless battles is banned
|rule|HP Percentage Mod: HP is shown in percentages
|teampreview
|join|COSTA I LOVE U <33
|join|Hot N Cold
|
|start
|switch|p1a: Garchomp|Garchomp, F|358\/358
|switch|p2a: Strong Bug|Heracross, M|302\/302
|turn|1
|join|Sinclair
|
|detailschange|p2a: Strong Bug|Heracross-Mega, M
|message|Heracross has Mega Evolved into Mega Heracross!
|move|p1a: Garchomp|Stealth Rock|p2a: Strong Bug
|-sidestart|p2: LadderSoTall|move: Stealth Rock
|move|p2a: Strong Bug|Pin Missile|p1a: Garchomp
|-damage|p1a: Garchomp|294\/358
|-damage|p1a: Garchomp|230\/358
|-damage|p1a: Garchomp|170\/358
|-damage|p1a: Garchomp|106\/358
|-damage|p1a: Garchomp|48\/358
|-hitcount|p1a: Garchomp|5
|
|turn|2
|join|LT1A BLUNDER
|join|LT1A KratosMana
|
|switch|p2a: Team Aqua|Slowbro, M|394\/394
|-damage|p2a: Team Aqua|345\/394|[from] Stealth Rock
|move|p1a: Garchomp|Outrage|p2a: Team Aqua
|-damage|p2a: Team Aqua|207\/394
|
|-heal|p2a: Team Aqua|231\/394|[from] item: Leftovers
|turn|3
|join|StarLC
|
|switch|p2a: Mega Audino 2.0|Clefable, M|394\/394
|move|p1a: Garchomp|Outrage|p2a: Mega Audino 2.0
|-immune|p2a: Mega Audino 2.0|[msg]
|
|-end|p1a: Garchomp|rampage
|-start|p1a: Garchomp|confusion
|turn|4
|
|switch|p1a: Magnezone|Magnezone|282\/282
|move|p2a: Mega Audino 2.0|Calm Mind|p2a: Mega Audino 2.0
|-boost|p2a: Mega Audino 2.0|spa|1
|-boost|p2a: Mega Audino 2.0|spd|1
|
|turn|5
|
|move|p1a: Magnezone|Volt Switch|p2a: Mega Audino 2.0
|-damage|p2a: Mega Audino 2.0|318\/394
|
|switch|p1a: Garchomp|Garchomp, F|48\/358
|move|p2a: Mega Audino 2.0|Flamethrower|p1a: Garchomp
|-resisted|p1a: Garchomp
|-damage|p1a: Garchomp|0 fnt
|faint|p1a: Garchomp
|
|-heal|p2a: Mega Audino 2.0|342\/394|[from] item: Leftovers
|
|switch|p1a: Magnezone|Magnezone|282\/282
|turn|6
|join|haunter
|
|move|p1a: Magnezone|Flash Cannon|p2a: Mega Audino 2.0
|-supereffective|p2a: Mega Audino 2.0
|-damage|p2a: Mega Audino 2.0|160\/394
|move|p2a: Mega Audino 2.0|Flamethrower|p1a: Magnezone
|-supereffective|p1a: Magnezone
|-damage|p1a: Magnezone|76\/282
|
|-heal|p2a: Mega Audino 2.0|184\/394|[from] item: Leftovers
|turn|7
|
|switch|p1a: Azumarill|Azumarill, M|400\/400
|switch|p2a: Lava Flow|Heatran, M|385\/385
|-damage|p2a: Lava Flow|337\/385|[from] Stealth Rock
|
|-heal|p2a: Lava Flow|361\/385|[from] item: Leftovers
|turn|8
|join|MCBarrett
|
|move|p2a: Lava Flow|Toxic|p1a: Azumarill
|-status|p1a: Azumarill|tox
|move|p1a: Azumarill|Knock Off|p2a: Lava Flow
|-damage|p2a: Lava Flow|217\/385
|-enditem|p2a: Lava Flow|Leftovers|[from] move: Knock Off|[of] p1a: Azumarill
|
|-damage|p1a: Azumarill|375\/400 tox|[from] psn
|turn|9
|
|move|p2a: Lava Flow|Protect|p2a: Lava Flow
|-singleturn|p2a: Lava Flow|Protect
|move|p1a: Azumarill|Waterfall|p2a: Lava Flow
|-activate|p2a: Lava Flow|Protect
|
|-damage|p1a: Azumarill|325\/400 tox|[from] psn
|turn|10
|
|move|p2a: Lava Flow|Stealth Rock|p1a: Azumarill
|-sidestart|p1: LT1A Costa|move: Stealth Rock
|move|p1a: Azumarill|Waterfall|p2a: Lava Flow
|-supereffective|p2a: Lava Flow
|-damage|p2a: Lava Flow|0 fnt
|faint|p2a: Lava Flow
|
|-damage|p1a: Azumarill|250\/400 tox|[from] psn
|join|sugarhigh
|
|switch|p2a: Strong Bug|Heracross-Mega, M|302\/302
|-damage|p2a: Strong Bug|265\/302|[from] Stealth Rock
|turn|11
|join|jake5alt5
|join|LT1A AceZero
|leave|LT1A AceZero
|
|move|p2a: Strong Bug|Bullet Seed|p1a: Azumarill
|-supereffective|p1a: Azumarill
|-damage|p1a: Azumarill|150\/400 tox
|-supereffective|p1a: Azumarill
|-damage|p1a: Azumarill|52\/400 tox
|-supereffective|p1a: Azumarill
|-damage|p1a: Azumarill|0 fnt
|-hitcount|p1a: Azumarill|3
|faint|p1a: Azumarill
|
|join|Ciele
|join|LT1A AceZero
|
|switch|p1a: Latios|Latios, M|299\/299
|-damage|p1a: Latios|262\/299|[from] Stealth Rock
|turn|12
|
|switch|p2a: Mega Audino 2.0|Clefable, M|184\/394
|move|p1a: Latios|Psyshock|p2a: Mega Audino 2.0
|-damage|p2a: Mega Audino 2.0|0 fnt
|-damage|p1a: Latios|233\/299|[from] item: Life Orb
|faint|p2a: Mega Audino 2.0
|
|
|switch|p2a: Mt. Rakion|Terrakion|324\/324
|-damage|p2a: Mt. Rakion|304\/324|[from] Stealth Rock
|turn|13
|
|move|p2a: Mt. Rakion|X-Scissor|p1a: Latios
|-supereffective|p1a: Latios
|-damage|p1a: Latios|1\/299
|move|p1a: Latios|Psyshock|p2a: Mt. Rakion
|-supereffective|p2a: Mt. Rakion
|-damage|p2a: Mt. Rakion|0 fnt
|-damage|p1a: Latios|0 fnt|[from] item: Life Orb
|faint|p2a: Mt. Rakion
|faint|p1a: Latios
|
|join|LT1B Plays
|
|switch|p1a: Magnezone|Magnezone|76\/282
|-damage|p1a: Magnezone|59\/282|[from] Stealth Rock
|switch|p2a: Sky Flyer|Latios, M|302\/302
|-damage|p2a: Sky Flyer|265\/302|[from] Stealth Rock
|turn|14
|
|move|p2a: Sky Flyer|Psyshock|p1a: Magnezone
|-resisted|p1a: Magnezone
|-damage|p1a: Magnezone|0 fnt
|faint|p1a: Magnezone
|
|join|Thepo
|
|switch|p1a: Diggersby|Diggersby, M|317\/317
|-damage|p1a: Diggersby|298\/317|[from] Stealth Rock
|turn|15
|
|move|p2a: Sky Flyer|Psyshock|p1a: Diggersby
|-damage|p1a: Diggersby|124\/317
|move|p1a: Diggersby|Frustration|p2a: Sky Flyer
|-damage|p2a: Sky Flyer|0 fnt
|-damage|p1a: Diggersby|93\/317|[from] item: Life Orb
|faint|p2a: Sky Flyer
|
|c| jake5alt5|lol seems everyone is using diggersby nowadays
|join|dsfsdfsdfdsfds
|c|âLT1A Costa|diggersby tho
|c| dsfsdfsdfdsfds|LMAO
|c| dsfsdfsdfdsfds|how does everyon have this team
|
|switch|p2a: Strong Bug|Heracross-Mega, M|265\/302
|-damage|p2a: Strong Bug|228\/302|[from] Stealth Rock
|turn|16
|
|move|p2a: Strong Bug|Bullet Seed|p1a: Diggersby
|-supereffective|p1a: Diggersby
|-damage|p1a: Diggersby|0 fnt
|-hitcount|p1a: Diggersby|1
|faint|p1a: Diggersby
|
|
|switch|p1a: Pinsir|Pinsir, M|271\/271
|-damage|p1a: Pinsir|204\/271|[from] Stealth Rock
|turn|17
|join|G123Rocks
|leave|Sinclair
|
|detailschange|p1a: Pinsir|Pinsir-Mega, M
|message|Pinsir has Mega Evolved into Mega Pinsir!
|move|p1a: Pinsir|Frustration|p2a: Strong Bug
|-supereffective|p2a: Strong Bug
|-damage|p2a: Strong Bug|0 fnt
|faint|p2a: Strong Bug
|
|c| COSTA I LOVE U <33|what does tele use instead of hera i forget
|join|Sinclair
|
|switch|p2a: Team Aqua|Slowbro, M|362\/394
|-damage|p2a: Team Aqua|313\/394|[from] Stealth Rock
|turn|18
|c| G123Rocks|hmm
|c| G123Rocks|scizor
|c| COSTA I LOVE U <33|oh ye
|
|move|p1a: Pinsir|Frustration|p2a: Team Aqua
|-damage|p2a: Team Aqua|144\/394
|move|p2a: Team Aqua|Scald|p1a: Pinsir
|-damage|p1a: Pinsir|99\/271
|
|-heal|p2a: Team Aqua|168\/394|[from] item: Leftovers
|turn|19
|
|move|p1a: Pinsir|Frustration|p2a: Team Aqua
|-damage|p2a: Team Aqua|0 fnt
|faint|p2a: Team Aqua
|
|win|LT1A Costa
|raw|Ladder updating...
|join|Seasons
|raw|LT1A Costa's rating: 1772 &rarr; <strong>1791<\/strong><br \/>(+19 for winning)
|raw|LadderSoTall's rating: 1762 &rarr; <strong>1743<\/strong><br \/>(-19 for losing)
|c|âLT1A Costa|gg
|leave|COSTA I LOVE U <33
|leave|LT1A Costa
|player|p1
|leave|LadderSoTall
|player|p2
|leave|Sinclair
|leave|LT1A KratosMana
|leave|G123Rocks
|leave|haunter
|join|LT1A KratosMana
|leave|Seasons
|leave|LT1A BLUNDER
|leave|Hot N Cold
|leave|Thepo
|leave|LT1A KratosMana
|leave|MCBarrett
|leave|LT1B Plays
|leave|StarLC
|leave|LT1A AceZero
|join|Seasons
|leave|Seasons
|join|LT1A AceZero
|leave|sugarhigh
|join|MoxieInfinite
|leave|MoxieInfinite
|leave|Ciele