|join|LadderSoTall
|join|Barge7799
|player|p1|LadderSoTall|31
|player|p2|Barge7799|291
|gametype|singles
|gen|6
|tier|OU
|rated
|clearpoke
|poke|p1|Abomasnow, M, shiny
|poke|p1|Skarmory, M, shiny
|poke|p1|Heatran, M
|poke|p1|Dugtrio, M, shiny
|poke|p1|Gothitelle, M, shiny
|poke|p1|Kyurem-Black, shiny
|poke|p2|Medicham, M
|poke|p2|Terrakion
|poke|p2|Landorus, M
|poke|p2|Zapdos
|poke|p2|Mamoswine, F
|poke|p2|Talonflame, F
|rule|Swagger Clause: Swagger is banned
|rule|Baton Pass Clause: Limit one PokÃ©mon knowing Baton Pass
|rule|Sleep Clause Mod: Limit one foe put to sleep
|rule|Species Clause: Limit one of each PokÃ©mon
|rule|OHKO Clause: OHKO moves are banned
|rule|Moody Clause: Moody is banned
|rule|Evasion Moves Clause: Evasion moves are banned
|rule|Endless Battle Clause: Forcing endless battles is banned
|rule|HP Percentage Mod: HP is shown in percentages
|teampreview
|
|start
|switch|p1a: survival|Skarmory, M, shiny|334\/334
|switch|p2a: Mamoswine|Mamoswine, F|362\/362
|turn|1
|
|move|p2a: Mamoswine|Stealth Rock|p1a: survival
|-sidestart|p1: LadderSoTall|move: Stealth Rock
|move|p1a: survival|Stealth Rock|p2a: Mamoswine
|-sidestart|p2: Barge7799|move: Stealth Rock
|
|turn|2
|
|move|p2a: Mamoswine|Icicle Crash|p1a: survival
|-damage|p1a: survival|252\/334
|move|p1a: survival|Whirlwind|p2a: Mamoswine
|drag|p2a: Medicham|Medicham, M|261\/261
|-damage|p2a: Medicham|245\/261|[from] Stealth Rock
|
|turn|3
|
|detailschange|p2a: Medicham|Medicham-Mega, M
|message|Medicham has Mega Evolved into Mega Medicham!
|move|p2a: Medicham|Fake Out|p1a: survival
|-resisted|p1a: survival
|-damage|p1a: survival|231\/334
|cant|p1a: survival|flinch
|
|turn|4
|
|move|p2a: Medicham|High Jump Kick|p1a: survival
|-damage|p1a: survival|21\/334
|move|p1a: survival|Brave Bird|p2a: Medicham
|-supereffective|p2a: Medicham
|-damage|p2a: Medicham|0 fnt
|-damage|p1a: survival|0 fnt|[from] recoil|[of] p2a: Medicham
|faint|p2a: Medicham
|faint|p1a: survival
|
|
|switch|p2a: Mamoswine|Mamoswine, F|362\/362
|-damage|p2a: Mamoswine|317\/362|[from] Stealth Rock
|switch|p1a: storms a comin|Abomasnow, M, shiny|384\/384
|-damage|p1a: storms a comin|288\/384|[from] Stealth Rock
|-weather|Hail
|turn|5
|
|detailschange|p1a: storms a comin|Abomasnow-Mega, M, shiny
|message|Abomasnow has Mega Evolved into Mega Abomasnow!
|move|p2a: Mamoswine|Earthquake|p1a: storms a comin
|-resisted|p1a: storms a comin
|-damage|p1a: storms a comin|209\/384
|move|p1a: storms a comin|Giga Drain|p2a: Mamoswine
|-supereffective|p2a: Mamoswine
|-damage|p2a: Mamoswine|0 fnt
|-heal|p1a: storms a comin|368\/384|[from] drain|[of] p2a: Mamoswine
|faint|p2a: Mamoswine
|
|-weather|Hail|[upkeep]
|
|switch|p2a: Talonflame|Talonflame, F|357\/357
|-damage|p2a: Talonflame|179\/357|[from] Stealth Rock
|turn|6
|
|switch|p1a: heat lamp|Heatran, M|324\/324
|-damage|p1a: heat lamp|284\/324|[from] Stealth Rock
|move|p2a: Talonflame|Roost|p2a: Talonflame
|-heal|p2a: Talonflame|357\/357
|
|-weather|Hail|[upkeep]
|-damage|p2a: Talonflame|335\/357|[from] hail
|-damage|p1a: heat lamp|264\/324|[from] hail
|-heal|p1a: heat lamp|284\/324|[from] item: Leftovers
|turn|7
|
|move|p2a: Talonflame|Swords Dance|p2a: Talonflame
|-boost|p2a: Talonflame|atk|2
|move|p1a: heat lamp|Ancient Power|p2a: Talonflame
|-supereffective|p2a: Talonflame
|-damage|p2a: Talonflame|0 fnt
|faint|p2a: Talonflame
|
|-weather|Hail|[upkeep]
|-damage|p1a: heat lamp|264\/324|[from] hail
|-heal|p1a: heat lamp|284\/324|[from] item: Leftovers
|-message|Barge7799 forfeited.
|
|win|LadderSoTall
|raw|Ladder updating...
|leave|Barge7799
|player|p2
|raw|LadderSoTall's rating: 1752 &rarr; <strong>1762<\/strong><br \/>(+10 for winning)
|raw|Barge7799's rating: 1552 &rarr; <strong>1542<\/strong><br \/>(-10 for losing)