|join|LadderSoTall
|join|NewInOU
|player|p1|LadderSoTall|31
|player|p2|NewInOU|101
|gametype|singles
|gen|6
|tier|OU
|rated
|clearpoke
|poke|p1|Slowbro, M
|poke|p1|Heracross, M
|poke|p1|Latios, M
|poke|p1|Heatran, M
|poke|p1|Clefable, M
|poke|p1|Terrakion
|poke|p2|Pinsir, M, shiny
|poke|p2|Mew
|poke|p2|Gardevoir, M
|poke|p2|Thundurus, M
|poke|p2|Breloom, M
|poke|p2|Azumarill, F, shiny
|rule|Swagger Clause: Swagger is banned
|rule|Baton Pass Clause: Limit one PokÃ©mon knowing Baton Pass
|rule|Sleep Clause Mod: Limit one foe put to sleep
|rule|Species Clause: Limit one of each PokÃ©mon
|rule|OHKO Clause: OHKO moves are banned
|rule|Moody Clause: Moody is banned
|rule|Evasion Moves Clause: Evasion moves are banned
|rule|Endless Battle Clause: Forcing endless battles is banned
|rule|HP Percentage Mod: HP is shown in percentages
|teampreview
|
|start
|switch|p1a: Strong Bug|Heracross, M|302\/302
|switch|p2a: Gardevoir|Gardevoir, M|278\/278
|-ability|p2a: Gardevoir|Moxie|[from] ability: Trace|[of] p1a: Strong Bug
|turn|1
|
|switch|p1a: Lava Flow|Heatran, M|385\/385
|move|p2a: Gardevoir|Moonblast|p1a: Lava Flow
|-resisted|p1a: Lava Flow
|-damage|p1a: Lava Flow|359\/385
|
|-heal|p1a: Lava Flow|383\/385|[from] item: Leftovers
|turn|2
|
|switch|p2a: Mew|Mew|404\/404
|move|p1a: Lava Flow|Lava Plume|p2a: Mew
|-damage|p2a: Mew|280\/404
|
|-heal|p1a: Lava Flow|385\/385|[from] item: Leftovers
|turn|3
|
|switch|p2a: Gardevoir|Gardevoir, M|278\/278
|-ability|p2a: Gardevoir|Flash Fire|[from] ability: Trace|[of] p1a: Lava Flow
|move|p1a: Lava Flow|Lava Plume|p2a: Gardevoir
|-start|p2a: Gardevoir|ability: Flash Fire
|
|turn|4
|
|move|p2a: Gardevoir|Trick|p1a: Lava Flow
|-activate|p2a: Gardevoir|move: Trick|[of] p1a: Lava Flow
|-item|p1a: Lava Flow|Choice Scarf|[from] move: Trick
|-item|p2a: Gardevoir|Leftovers|[from] move: Trick
|move|p1a: Lava Flow|Stealth Rock|p2a: Gardevoir
|-sidestart|p2: NewInOU|move: Stealth Rock
|
|turn|5
|
|switch|p1a: Mega Audino 2.0|Clefable, M|394\/394
|move|p2a: Gardevoir|Moonblast|p1a: Mega Audino 2.0
|-damage|p1a: Mega Audino 2.0|234\/394
|
|-heal|p1a: Mega Audino 2.0|258\/394|[from] item: Leftovers
|turn|6
|
|move|p2a: Gardevoir|Psyshock|p1a: Mega Audino 2.0
|-damage|p1a: Mega Audino 2.0|113\/394
|move|p1a: Mega Audino 2.0|Soft-Boiled|p1a: Mega Audino 2.0
|-heal|p1a: Mega Audino 2.0|310\/394
|
|-heal|p1a: Mega Audino 2.0|334\/394|[from] item: Leftovers
|turn|7
|
|move|p2a: Gardevoir|Moonblast|p1a: Mega Audino 2.0
|-damage|p1a: Mega Audino 2.0|178\/394
|move|p1a: Mega Audino 2.0|Calm Mind|p1a: Mega Audino 2.0
|-boost|p1a: Mega Audino 2.0|spa|1
|-boost|p1a: Mega Audino 2.0|spd|1
|
|-heal|p1a: Mega Audino 2.0|202\/394|[from] item: Leftovers
|turn|8
|
|switch|p2a: Horns|Pinsir, M, shiny|271\/271
|-damage|p2a: Horns|204\/271|[from] Stealth Rock
|move|p1a: Mega Audino 2.0|Soft-Boiled|p1a: Mega Audino 2.0
|-heal|p1a: Mega Audino 2.0|394\/394
|
|turn|9
|
|detailschange|p2a: Horns|Pinsir-Mega, M, shiny
|message|Pinsir has Mega Evolved into Mega Pinsir!
|move|p2a: Horns|Return|p1a: Mega Audino 2.0
|-damage|p1a: Mega Audino 2.0|118\/394
|move|p1a: Mega Audino 2.0|Flamethrower|p2a: Horns
|-supereffective|p2a: Horns
|-damage|p2a: Horns|0 fnt
|faint|p2a: Horns
|
|-heal|p1a: Mega Audino 2.0|142\/394|[from] item: Leftovers
|
|switch|p2a: Mew|Mew|280\/404
|-damage|p2a: Mew|230\/404|[from] Stealth Rock
|turn|10
|
|move|p2a: Mew|Defog|p1a: Mega Audino 2.0
|-unboost|p1a: Mega Audino 2.0|evasion|1
|-sideend|p2: NewInOU|Stealth Rock|[from] move: Defog|[of] p2a: Mew
|move|p1a: Mega Audino 2.0|Moonblast|p2a: Mew
|-damage|p2a: Mew|77\/404
|
|-heal|p1a: Mega Audino 2.0|166\/394|[from] item: Leftovers
|turn|11
|
|move|p2a: Mew|Soft-Boiled|p2a: Mew
|-heal|p2a: Mew|279\/404
|move|p1a: Mega Audino 2.0|Soft-Boiled|p1a: Mega Audino 2.0
|-heal|p1a: Mega Audino 2.0|363\/394
|
|-heal|p1a: Mega Audino 2.0|387\/394|[from] item: Leftovers
|turn|12
|
|move|p2a: Mew|Soft-Boiled|p2a: Mew
|-heal|p2a: Mew|404\/404
|move|p1a: Mega Audino 2.0|Moonblast|p2a: Mew
|-damage|p2a: Mew|257\/404
|-unboost|p2a: Mew|spa|1
|
|-heal|p1a: Mega Audino 2.0|394\/394|[from] item: Leftovers
|turn|13
|
|move|p2a: Mew|Stealth Rock|p1a: Mega Audino 2.0
|-sidestart|p1: LadderSoTall|move: Stealth Rock
|move|p1a: Mega Audino 2.0|Moonblast|p2a: Mew
|-crit|p2a: Mew
|-damage|p2a: Mew|20\/404
|
|turn|14
|
|move|p2a: Mew|Soft-Boiled|p2a: Mew
|-heal|p2a: Mew|222\/404
|move|p1a: Mega Audino 2.0|Calm Mind|p1a: Mega Audino 2.0
|-boost|p1a: Mega Audino 2.0|spa|1
|-boost|p1a: Mega Audino 2.0|spd|1
|
|turn|15
|
|move|p2a: Mew|Soft-Boiled|p2a: Mew
|-heal|p2a: Mew|404\/404
|move|p1a: Mega Audino 2.0|Moonblast|p2a: Mew
|-damage|p2a: Mew|173\/404
|
|turn|16
|
|move|p1a: Mega Audino 2.0|Moonblast|p2a: Mew
|-damage|p2a: Mew|0 fnt
|faint|p2a: Mew
|
|
|switch|p2a: Pacquiao|Breloom, M|262\/262
|turn|17
|
|move|p2a: Pacquiao|Spore|p1a: Mega Audino 2.0
|-status|p1a: Mega Audino 2.0|slp
|cant|p1a: Mega Audino 2.0|slp
|
|turn|18
|
|move|p2a: Pacquiao|Bullet Seed|p1a: Mega Audino 2.0
|-damage|p1a: Mega Audino 2.0|318\/394 slp
|-damage|p1a: Mega Audino 2.0|248\/394 slp
|-crit|p1a: Mega Audino 2.0
|-damage|p1a: Mega Audino 2.0|152\/394 slp
|-damage|p1a: Mega Audino 2.0|86\/394 slp
|-hitcount|p1a: Mega Audino 2.0|4
|cant|p1a: Mega Audino 2.0|slp
|
|-heal|p1a: Mega Audino 2.0|110\/394 slp|[from] item: Leftovers
|turn|19
|
|move|p2a: Pacquiao|Bullet Seed|p1a: Mega Audino 2.0
|-damage|p1a: Mega Audino 2.0|40\/394 slp
|-damage|p1a: Mega Audino 2.0|0 fnt
|-hitcount|p1a: Mega Audino 2.0|2
|faint|p1a: Mega Audino 2.0
|
|
|switch|p1a: Strong Bug|Heracross, M|302\/302
|-damage|p1a: Strong Bug|265\/302|[from] Stealth Rock
|turn|20
|
|detailschange|p1a: Strong Bug|Heracross-Mega, M
|message|Heracross has Mega Evolved into Mega Heracross!
|move|p1a: Strong Bug|Pin Missile|p2a: Pacquiao
|-damage|p2a: Pacquiao|187\/262
|-damage|p2a: Pacquiao|121\/262
|-crit|p2a: Pacquiao
|-damage|p2a: Pacquiao|21\/262
|-damage|p2a: Pacquiao|0 fnt
|-hitcount|p2a: Pacquiao|4
|faint|p2a: Pacquiao
|
|
|switch|p2a: Gardevoir|Gardevoir, M|278\/278
|-ability|p2a: Gardevoir|Skill Link|[from] ability: Trace|[of] p1a: Strong Bug
|turn|21
|
|switch|p1a: Lava Flow|Heatran, M|385\/385
|-damage|p1a: Lava Flow|337\/385|[from] Stealth Rock
|move|p2a: Gardevoir|Moonblast|p1a: Lava Flow
|-resisted|p1a: Lava Flow
|-damage|p1a: Lava Flow|309\/385
|
|turn|22
|
|move|p1a: Lava Flow|Toxic|p2a: Gardevoir
|-status|p2a: Gardevoir|tox
|move|p2a: Gardevoir|Focus Blast|p1a: Lava Flow|[miss]
|-miss|p2a: Gardevoir|p1a: Lava Flow
|
|-damage|p2a: Gardevoir|261\/278 tox|[from] psn
|turn|23
|
|move|p1a: Lava Flow|Toxic|p2a: Gardevoir
|-fail|p2a: Gardevoir|tox
|move|p2a: Gardevoir|Focus Blast|p1a: Lava Flow
|-supereffective|p1a: Lava Flow
|-damage|p1a: Lava Flow|101\/385
|
|-heal|p2a: Gardevoir|278\/278 tox|[from] item: Leftovers
|-damage|p2a: Gardevoir|244\/278 tox|[from] psn
|turn|24
|c|âNewInOU|That's just painful, dat mis
|
|move|p1a: Lava Flow|Toxic|p2a: Gardevoir
|-fail|p2a: Gardevoir|tox
|move|p2a: Gardevoir|Focus Blast|p1a: Lava Flow|[miss]
|-miss|p2a: Gardevoir|p1a: Lava Flow
|
|-heal|p2a: Gardevoir|261\/278 tox|[from] item: Leftovers
|-damage|p2a: Gardevoir|210\/278 tox|[from] psn
|turn|25
|
|switch|p1a: Team Aqua|Slowbro, M|394\/394
|-damage|p1a: Team Aqua|345\/394|[from] Stealth Rock
|move|p2a: Gardevoir|Psyshock|p1a: Team Aqua
|-resisted|p1a: Team Aqua
|-damage|p1a: Team Aqua|297\/394
|
|-heal|p2a: Gardevoir|227\/278 tox|[from] item: Leftovers
|-heal|p1a: Team Aqua|321\/394|[from] item: Leftovers
|-damage|p2a: Gardevoir|159\/278 tox|[from] psn
|turn|26
|
|move|p2a: Gardevoir|Moonblast|p1a: Team Aqua
|-damage|p1a: Team Aqua|126\/394
|move|p1a: Team Aqua|Slack Off|p1a: Team Aqua
|-heal|p1a: Team Aqua|323\/394
|
|-heal|p2a: Gardevoir|176\/278 tox|[from] item: Leftovers
|-heal|p1a: Team Aqua|347\/394|[from] item: Leftovers
|-damage|p2a: Gardevoir|91\/278 tox|[from] psn
|turn|27
|c|âNewInOU|Im never using focus blast in my team again
|
|switch|p2a: BugsBunny|Azumarill, F, shiny|404\/404
|switch|p1a: Lava Flow|Heatran, M|101\/385
|-damage|p1a: Lava Flow|53\/385|[from] Stealth Rock
|
|turn|28
|
|move|p2a: BugsBunny|Aqua Jet|p1a: Lava Flow
|-supereffective|p1a: Lava Flow
|-damage|p1a: Lava Flow|0 fnt
|faint|p1a: Lava Flow
|
|
|switch|p1a: Strong Bug|Heracross-Mega, M|265\/302
|-damage|p1a: Strong Bug|228\/302|[from] Stealth Rock
|turn|29
|
|switch|p2a: Gardevoir|Gardevoir, M|91\/278 tox
|-ability|p2a: Gardevoir|Skill Link|[from] ability: Trace|[of] p1a: Strong Bug
|move|p1a: Strong Bug|Bullet Seed|p2a: Gardevoir
|-damage|p2a: Gardevoir|37\/278 tox
|-damage|p2a: Gardevoir|0 fnt
|-hitcount|p2a: Gardevoir|2
|faint|p2a: Gardevoir
|
|
|switch|p2a: I'mAmazing|Thundurus, M|299\/299
|turn|30
|
|move|p2a: I'mAmazing|Thunderbolt|p1a: Strong Bug
|-damage|p1a: Strong Bug|41\/302
|-damage|p2a: I'mAmazing|270\/299|[from] item: Life Orb
|move|p1a: Strong Bug|Rock Blast|p2a: I'mAmazing
|-supereffective|p2a: I'mAmazing
|-damage|p2a: I'mAmazing|160\/299
|-supereffective|p2a: I'mAmazing
|-damage|p2a: I'mAmazing|62\/299
|-supereffective|p2a: I'mAmazing
|-damage|p2a: I'mAmazing|0 fnt
|-hitcount|p2a: I'mAmazing|3
|faint|p2a: I'mAmazing
|
|
|switch|p2a: BugsBunny|Azumarill, F, shiny|404\/404
|turn|31
|
|move|p2a: BugsBunny|Aqua Jet|p1a: Strong Bug
|-damage|p1a: Strong Bug|0 fnt
|faint|p1a: Strong Bug
|
|
|switch|p1a: Team Aqua|Slowbro, M|394\/394
|-damage|p1a: Team Aqua|345\/394|[from] Stealth Rock
|turn|32
|
|move|p2a: BugsBunny|Belly Drum|p2a: BugsBunny
|-damage|p2a: BugsBunny|202\/404
|-setboost|p2a: BugsBunny|atk|6|[from] move: Belly Drum
|-enditem|p2a: BugsBunny|Sitrus Berry|[eat]
|-heal|p2a: BugsBunny|303\/404|[from] item: Sitrus Berry
|move|p1a: Team Aqua|Thunder Wave|p2a: BugsBunny
|-status|p2a: BugsBunny|par
|
|-heal|p1a: Team Aqua|369\/394|[from] item: Leftovers
|turn|33
|
|move|p1a: Team Aqua|Psyshock|p2a: BugsBunny
|-damage|p2a: BugsBunny|185\/404 par
|cant|p2a: BugsBunny|par
|
|-heal|p1a: Team Aqua|393\/394|[from] item: Leftovers
|turn|34
|
|move|p1a: Team Aqua|Psyshock|p2a: BugsBunny
|-damage|p2a: BugsBunny|67\/404 par
|move|p2a: BugsBunny|Play Rough|p1a: Team Aqua
|-crit|p1a: Team Aqua
|-damage|p1a: Team Aqua|0 fnt
|faint|p1a: Team Aqua
|
|
|switch|p1a: Rider|Latios, M|302\/302
|-damage|p1a: Rider|265\/302|[from] Stealth Rock
|turn|35
|
|move|p2a: BugsBunny|Aqua Jet|p1a: Rider
|-resisted|p1a: Rider
|-damage|p1a: Rider|61\/302
|move|p1a: Rider|Psyshock|p2a: BugsBunny
|-damage|p2a: BugsBunny|0 fnt
|faint|p2a: BugsBunny
|
|win|LadderSoTall
|raw|Ladder updating...
|raw|LadderSoTall's rating: 1729 &rarr; <strong>1747<\/strong><br \/>(+18 for winning)
|raw|NewInOU's rating: 1696 &rarr; <strong>1678<\/strong><br \/>(-18 for losing)
|leave|NewInOU
|player|p2