|join|LadderSoTall
|join|LT3A Sweezzy
|player|p1|LadderSoTall|31
|player|p2|LT3A Sweezzy|244
|gametype|singles
|gen|6
|tier|OU
|rated
|clearpoke
|poke|p1|Slowbro, M
|poke|p1|Heracross, M
|poke|p1|Latios, M
|poke|p1|Heatran, M
|poke|p1|Clefable, M
|poke|p1|Terrakion
|poke|p2|Pinsir, F
|poke|p2|Diggersby, M
|poke|p2|Magnezone
|poke|p2|Garchomp, F
|poke|p2|Azumarill, M
|poke|p2|Latios, M
|rule|Swagger Clause: Swagger is banned
|rule|Baton Pass Clause: Limit one PokÃ©mon knowing Baton Pass
|rule|Sleep Clause Mod: Limit one foe put to sleep
|rule|Species Clause: Limit one of each PokÃ©mon
|rule|OHKO Clause: OHKO moves are banned
|rule|Moody Clause: Moody is banned
|rule|Evasion Moves Clause: Evasion moves are banned
|rule|Endless Battle Clause: Forcing endless battles is banned
|rule|HP Percentage Mod: HP is shown in percentages
|teampreview
|
|start
|switch|p1a: Strong Bug|Heracross, M|302\/302
|switch|p2a: Magnezone|Magnezone|281\/281
|turn|1
|
|detailschange|p1a: Strong Bug|Heracross-Mega, M
|message|Heracross has Mega Evolved into Mega Heracross!
|move|p2a: Magnezone|Volt Switch|p1a: Strong Bug
|-crit|p1a: Strong Bug
|-damage|p1a: Strong Bug|130\/302
|
|switch|p2a: Latios|Latios, M|301\/301
|move|p1a: Strong Bug|Close Combat|p2a: Latios
|-resisted|p2a: Latios
|-damage|p2a: Latios|146\/301
|-unboost|p1a: Strong Bug|def|1
|-unboost|p1a: Strong Bug|spd|1
|
|turn|2
|
|switch|p1a: Mega Audino 2.0|Clefable, M|394\/394
|move|p2a: Latios|Surf|p1a: Mega Audino 2.0
|-damage|p1a: Mega Audino 2.0|272\/394
|-damage|p2a: Latios|116\/301|[from] item: Life Orb
|
|-heal|p1a: Mega Audino 2.0|296\/394|[from] item: Leftovers
|turn|3
|
|switch|p2a: Magnezone|Magnezone|281\/281
|move|p1a: Mega Audino 2.0|Calm Mind|p1a: Mega Audino 2.0
|-boost|p1a: Mega Audino 2.0|spa|1
|-boost|p1a: Mega Audino 2.0|spd|1
|
|-heal|p1a: Mega Audino 2.0|320\/394|[from] item: Leftovers
|turn|4
|
|move|p2a: Magnezone|Flash Cannon|p1a: Mega Audino 2.0
|-supereffective|p1a: Mega Audino 2.0
|-damage|p1a: Mega Audino 2.0|152\/394
|move|p1a: Mega Audino 2.0|Flamethrower|p2a: Magnezone
|-supereffective|p2a: Magnezone
|-damage|p2a: Magnezone|73\/281
|
|-heal|p1a: Mega Audino 2.0|176\/394|[from] item: Leftovers
|turn|5
|
|move|p2a: Magnezone|Flash Cannon|p1a: Mega Audino 2.0
|-supereffective|p1a: Mega Audino 2.0
|-damage|p1a: Mega Audino 2.0|0 fnt
|faint|p1a: Mega Audino 2.0
|
|
|switch|p1a: Lava Flow|Heatran, M|386\/386
|turn|6
|
|switch|p2a: Latios|Latios, M|116\/301
|move|p1a: Lava Flow|Lava Plume|p2a: Latios
|-resisted|p2a: Latios
|-damage|p2a: Latios|60\/301
|-status|p2a: Latios|brn
|
|-damage|p2a: Latios|23\/301 brn|[from] brn
|turn|7
|
|move|p1a: Lava Flow|Protect|p1a: Lava Flow
|-singleturn|p1a: Lava Flow|Protect
|move|p2a: Latios|Draco Meteor|p1a: Lava Flow
|-activate|p1a: Lava Flow|Protect
|
|-damage|p2a: Latios|0 fnt|[from] brn
|faint|p2a: Latios
|
|switch|p2a: Diggersby|Diggersby, M|311\/311
|turn|8
|
|switch|p1a: Sky Flyer|Latios, M|302\/302
|move|p2a: Diggersby|Earthquake|p1a: Sky Flyer
|-immune|p1a: Sky Flyer|[msg]
|
|turn|9
|
|switch|p2a: Magnezone|Magnezone|73\/281
|move|p1a: Sky Flyer|Psyshock|p2a: Magnezone
|-resisted|p2a: Magnezone
|-damage|p2a: Magnezone|9\/281
|
|turn|10
|
|move|p1a: Sky Flyer|Psyshock|p2a: Magnezone
|-crit|p2a: Magnezone
|-resisted|p2a: Magnezone
|-damage|p2a: Magnezone|0 fnt
|faint|p2a: Magnezone
|
|
|switch|p2a: Pinsir|Pinsir, F|271\/271
|turn|11
|
|detailschange|p2a: Pinsir|Pinsir-Mega, F
|message|Pinsir has Mega Evolved into Mega Pinsir!
|move|p1a: Sky Flyer|Psyshock|p2a: Pinsir
|-damage|p2a: Pinsir|154\/271
|move|p2a: Pinsir|Frustration|p1a: Sky Flyer
|-crit|p1a: Sky Flyer
|-damage|p1a: Sky Flyer|0 fnt
|faint|p1a: Sky Flyer
|
|
|switch|p1a: Team Aqua|Slowbro, M|394\/394
|turn|12
|
|switch|p2a: Garchomp|Garchomp, F|358\/358
|move|p1a: Team Aqua|Scald|p2a: Garchomp
|-damage|p2a: Garchomp|252\/358
|
|turn|13
|
|move|p2a: Garchomp|Earthquake|p1a: Team Aqua
|-damage|p1a: Team Aqua|264\/394
|move|p1a: Team Aqua|Scald|p2a: Garchomp
|-damage|p2a: Garchomp|153\/358
|
|-heal|p1a: Team Aqua|288\/394|[from] item: Leftovers
|turn|14
|
|move|p2a: Garchomp|Earthquake|p1a: Team Aqua
|-crit|p1a: Team Aqua
|-damage|p1a: Team Aqua|102\/394
|move|p1a: Team Aqua|Scald|p2a: Garchomp
|-damage|p2a: Garchomp|48\/358
|-status|p2a: Garchomp|brn
|
|-heal|p1a: Team Aqua|126\/394|[from] item: Leftovers
|-damage|p2a: Garchomp|4\/358 brn|[from] brn
|turn|15
|
|switch|p2a: Azumarill|Azumarill, M|345\/345
|move|p1a: Team Aqua|Slack Off|p1a: Team Aqua
|-heal|p1a: Team Aqua|323\/394
|
|-heal|p1a: Team Aqua|347\/394|[from] item: Leftovers
|turn|16
|
|move|p2a: Azumarill|Knock Off|p1a: Team Aqua
|-supereffective|p1a: Team Aqua
|-damage|p1a: Team Aqua|165\/394
|-enditem|p1a: Team Aqua|Leftovers|[from] move: Knock Off|[of] p2a: Azumarill
|move|p1a: Team Aqua|Thunder Wave|p2a: Azumarill
|-status|p2a: Azumarill|par
|
|turn|17
|
|move|p1a: Team Aqua|Slack Off|p1a: Team Aqua
|-heal|p1a: Team Aqua|362\/394
|move|p2a: Azumarill|Play Rough|p1a: Team Aqua
|-damage|p1a: Team Aqua|220\/394
|
|turn|18
|
|switch|p2a: Garchomp|Garchomp, F|4\/358 brn
|move|p1a: Team Aqua|Slack Off|p1a: Team Aqua
|-heal|p1a: Team Aqua|394\/394
|
|-damage|p2a: Garchomp|0 fnt|[from] brn
|faint|p2a: Garchomp
|
|switch|p2a: Diggersby|Diggersby, M|311\/311
|turn|19
|
|move|p2a: Diggersby|Frustration|p1a: Team Aqua
|-damage|p1a: Team Aqua|225\/394
|move|p1a: Team Aqua|Scald|p2a: Diggersby
|-supereffective|p2a: Diggersby
|-damage|p2a: Diggersby|65\/311
|
|turn|20
|
|move|p2a: Diggersby|Earthquake|p1a: Team Aqua
|-damage|p1a: Team Aqua|60\/394
|move|p1a: Team Aqua|Scald|p2a: Diggersby
|-supereffective|p2a: Diggersby
|-damage|p2a: Diggersby|0 fnt
|faint|p2a: Diggersby
|
|
|switch|p2a: Pinsir|Pinsir-Mega, F|154\/271
|turn|21
|
|move|p2a: Pinsir|Close Combat|p1a: Team Aqua
|-resisted|p1a: Team Aqua
|-damage|p1a: Team Aqua|5\/394
|-unboost|p2a: Pinsir|def|1
|-unboost|p2a: Pinsir|spd|1
|move|p1a: Team Aqua|Scald|p2a: Pinsir
|-damage|p2a: Pinsir|0 fnt
|faint|p2a: Pinsir
|
|
|switch|p2a: Azumarill|Azumarill, M|345\/345 par
|turn|22
|
|move|p1a: Team Aqua|Psyshock|p2a: Azumarill
|-damage|p2a: Azumarill|242\/345 par
|move|p2a: Azumarill|Play Rough|p1a: Team Aqua
|-damage|p1a: Team Aqua|0 fnt
|faint|p1a: Team Aqua
|
|
|switch|p1a: Strong Bug|Heracross-Mega, M|130\/302
|turn|23
|
|move|p1a: Strong Bug|Bullet Seed|p2a: Azumarill
|-supereffective|p2a: Azumarill
|-damage|p2a: Azumarill|154\/345 par
|-supereffective|p2a: Azumarill
|-damage|p2a: Azumarill|58\/345 par
|-supereffective|p2a: Azumarill
|-damage|p2a: Azumarill|0 fnt
|-hitcount|p2a: Azumarill|3
|faint|p2a: Azumarill
|
|win|LadderSoTall
|raw|Ladder updating...
|raw|LadderSoTall's rating: 1763 &rarr; <strong>1779<\/strong><br \/>(+16 for winning)
|raw|LT3A Sweezzy's rating: 1699 &rarr; <strong>1683<\/strong><br \/>(-16 for losing)
|leave|LT3A Sweezzy
|player|p2