|join|LadderSoTall
|join|fix the ladder
|player|p1|LadderSoTall|96
|player|p2|fix the ladder|153
|gametype|singles
|gen|6
|tier|OU
|rated
|clearpoke
|poke|p1|Chansey, F, shiny
|poke|p1|Sableye, M, shiny
|poke|p1|Cresselia, F, shiny
|poke|p1|Gothitelle, M, shiny
|poke|p1|Skarmory, M, shiny
|poke|p1|Quagsire, M, shiny
|poke|p2|Mamoswine, F
|poke|p2|Gallade, M
|poke|p2|Talonflame, M
|poke|p2|Clefable, F
|poke|p2|Rotom-Wash
|poke|p2|Latias, F
|rule|Swagger Clause: Swagger is banned
|rule|Baton Pass Clause: Limit one PokÃ©mon knowing Baton Pass
|rule|Sleep Clause Mod: Limit one foe put to sleep
|rule|Species Clause: Limit one of each PokÃ©mon
|rule|OHKO Clause: OHKO moves are banned
|rule|Moody Clause: Moody is banned
|rule|Evasion Moves Clause: Evasion moves are banned
|rule|Endless Battle Clause: Forcing endless battles is banned
|rule|HP Percentage Mod: HP is shown in percentages
|teampreview
|
|start
|switch|p1a: Mega Annoying|Sableye, M, shiny|304\/304
|switch|p2a: Clefable|Clefable, F|394\/394
|turn|1
|
|switch|p2a: Gallade|Gallade, M|278\/278
|switch|p1a: Healer|Chansey, F, shiny|704\/704
|
|turn|2
|
|switch|p1a: Mega Annoying|Sableye, M, shiny|304\/304
|detailschange|p2a: Gallade|Gallade-Mega, M
|message|Gallade has Mega Evolved into Mega Gallade!
|move|p2a: Gallade|Knock Off|p1a: Mega Annoying
|-damage|p1a: Mega Annoying|230\/304
|
|turn|3
|
|switch|p2a: Talonflame|Talonflame, M|327\/327
|detailschange|p1a: Mega Annoying|Sableye-Mega, M, shiny
|message|Sableye has Mega Evolved into Mega Sableye!
|move|p1a: Mega Annoying|Recover|p1a: Mega Annoying
|-heal|p1a: Mega Annoying|304\/304
|
|turn|4
|
|switch|p1a: Troll|Quagsire, M, shiny|394\/394
|move|p2a: Talonflame|Swords Dance|p2a: Talonflame
|-boost|p2a: Talonflame|atk|2
|
|turn|5
|
|switch|p2a: Clefable|Clefable, F|394\/394
|move|p1a: Troll|Scald|p2a: Clefable
|-damage|p2a: Clefable|327\/394
|-status|p2a: Clefable|brn
|
|-heal|p2a: Clefable|351\/394 brn|[from] item: Leftovers
|turn|6
|
|switch|p2a: Gallade|Gallade-Mega, M|278\/278
|switch|p1a: Hierarchy|Gothitelle, M, shiny|301\/301
|
|turn|7
|
|switch|p1a: Mega Annoying|Sableye-Mega, M, shiny|304\/304
|move|p2a: Gallade|Knock Off|p1a: Mega Annoying
|-damage|p1a: Mega Annoying|246\/304
|
|turn|8
|
|switch|p2a: Clefable|Clefable, F|351\/394 brn
|move|p1a: Mega Annoying|Shadow Ball|p2a: Clefable
|-damage|p2a: Clefable|258\/394 brn
|
|-heal|p2a: Clefable|282\/394 brn|[from] item: Leftovers
|turn|9
|
|switch|p2a: Talonflame|Talonflame, M|327\/327
|switch|p1a: Hierarchy|Gothitelle, M, shiny|301\/301
|
|turn|10
|
|switch|p1a: Troll|Quagsire, M, shiny|394\/394
|move|p2a: Talonflame|Brave Bird|p1a: Troll
|-damage|p1a: Troll|255\/394
|-damage|p2a: Talonflame|281\/327|[from] recoil|[of] p1a: Troll
|
|-heal|p1a: Troll|279\/394|[from] item: Leftovers
|turn|11
|
|move|p2a: Talonflame|Brave Bird|p1a: Troll
|-damage|p1a: Troll|137\/394
|-damage|p2a: Talonflame|234\/327|[from] recoil|[of] p1a: Troll
|move|p1a: Troll|Recover|p1a: Troll
|-heal|p1a: Troll|334\/394
|
|-heal|p1a: Troll|358\/394|[from] item: Leftovers
|turn|12
|
|switch|p2a: Rotom-Wash|Rotom-Wash|304\/304
|move|p1a: Troll|Scald|p2a: Rotom-Wash
|-resisted|p2a: Rotom-Wash
|-damage|p2a: Rotom-Wash|273\/304
|-status|p2a: Rotom-Wash|brn
|
|-heal|p2a: Rotom-Wash|292\/304 brn|[from] item: Leftovers
|-heal|p1a: Troll|382\/394|[from] item: Leftovers
|-damage|p2a: Rotom-Wash|254\/304 brn|[from] brn
|turn|13
|
|move|p2a: Rotom-Wash|Volt Switch|p1a: Troll
|-immune|p1a: Troll|[msg]
|move|p1a: Troll|Toxic|p2a: Rotom-Wash
|-fail|p2a: Rotom-Wash
|
|-heal|p2a: Rotom-Wash|273\/304 brn|[from] item: Leftovers
|-heal|p1a: Troll|394\/394|[from] item: Leftovers
|-damage|p2a: Rotom-Wash|235\/304 brn|[from] brn
|turn|14
|
|move|p2a: Rotom-Wash|Will-O-Wisp|p1a: Troll
|-status|p1a: Troll|brn
|move|p1a: Troll|Scald|p2a: Rotom-Wash
|-resisted|p2a: Rotom-Wash
|-damage|p2a: Rotom-Wash|205\/304 brn
|
|-heal|p2a: Rotom-Wash|224\/304 brn|[from] item: Leftovers
|-damage|p2a: Rotom-Wash|186\/304 brn|[from] brn
|-damage|p1a: Troll|345\/394 brn|[from] brn
|turn|15
|
|switch|p1a: Healer|Chansey, F, shiny|704\/704
|move|p2a: Rotom-Wash|Pain Split|p1a: Healer
|-sethp|p1a: Healer|445\/704|p2a: Rotom-Wash|304\/304 brn|[from] move: Pain Split
|
|-damage|p2a: Rotom-Wash|266\/304 brn|[from] brn
|turn|16
|
|move|p2a: Rotom-Wash|Volt Switch|p1a: Healer
|-damage|p1a: Healer|385\/704
|
|switch|p2a: Mamoswine|Mamoswine, F|361\/361
|move|p1a: Healer|Soft-Boiled|p1a: Healer
|-heal|p1a: Healer|704\/704
|
|turn|17
|
|move|p2a: Mamoswine|Stealth Rock|p1a: Healer
|-sidestart|p1: LadderSoTall|move: Stealth Rock
|move|p1a: Healer|Aromatherapy|p1a: Healer
|-cureteam|p1a: Healer|[from] move: Aromatherapy
|
|turn|18
|
|switch|p2a: Latias|Latias, F|302\/302
|switch|p1a: Silver Statue|Skarmory, M, shiny|334\/334
|-damage|p1a: Silver Statue|293\/334|[from] Stealth Rock
|
|turn|19
|
|switch|p2a: Rotom-Wash|Rotom-Wash|266\/304 brn
|move|p1a: Silver Statue|Stealth Rock|p2a: Rotom-Wash
|-sidestart|p2: fix the ladder|move: Stealth Rock
|
|-heal|p2a: Rotom-Wash|285\/304 brn|[from] item: Leftovers
|-damage|p2a: Rotom-Wash|247\/304 brn|[from] brn
|turn|20
|
|switch|p1a: Troll|Quagsire, M, shiny|345\/394
|-damage|p1a: Troll|321\/394|[from] Stealth Rock
|move|p2a: Rotom-Wash|Volt Switch|p1a: Troll
|-immune|p1a: Troll|[msg]
|
|-heal|p2a: Rotom-Wash|266\/304 brn|[from] item: Leftovers
|-heal|p1a: Troll|345\/394|[from] item: Leftovers
|-damage|p2a: Rotom-Wash|228\/304 brn|[from] brn
|turn|21
|c|âfix the ladder|fucking no life
|
|switch|p1a: Healer|Chansey, F, shiny|704\/704
|-damage|p1a: Healer|616\/704|[from] Stealth Rock
|move|p2a: Rotom-Wash|Will-O-Wisp|p1a: Healer|[miss]
|-miss|p2a: Rotom-Wash|p1a: Healer
|
|-heal|p2a: Rotom-Wash|247\/304 brn|[from] item: Leftovers
|-damage|p2a: Rotom-Wash|209\/304 brn|[from] brn
|turn|22
|
|move|p2a: Rotom-Wash|Pain Split|p1a: Healer
|-sethp|p1a: Healer|412\/704|p2a: Rotom-Wash|304\/304 brn|[from] move: Pain Split
|move|p1a: Healer|Soft-Boiled|p1a: Healer
|-heal|p1a: Healer|704\/704
|
|-damage|p2a: Rotom-Wash|266\/304 brn|[from] brn
|turn|23
|
|move|p2a: Rotom-Wash|Will-O-Wisp|p1a: Healer
|-status|p1a: Healer|brn
|move|p1a: Healer|Seismic Toss|p2a: Rotom-Wash
|-damage|p2a: Rotom-Wash|166\/304 brn
|
|-heal|p2a: Rotom-Wash|185\/304 brn|[from] item: Leftovers
|-damage|p2a: Rotom-Wash|147\/304 brn|[from] brn
|-damage|p1a: Healer|616\/704 brn|[from] brn
|turn|24
|
|move|p2a: Rotom-Wash|Pain Split|p1a: Healer
|-sethp|p1a: Healer|381\/704 brn|p2a: Rotom-Wash|304\/304 brn|[from] move: Pain Split
|move|p1a: Healer|Soft-Boiled|p1a: Healer
|-heal|p1a: Healer|704\/704 brn
|
|-damage|p2a: Rotom-Wash|266\/304 brn|[from] brn
|-damage|p1a: Healer|616\/704 brn|[from] brn
|turn|25
|
|switch|p1a: Troll|Quagsire, M, shiny|345\/394
|-damage|p1a: Troll|321\/394|[from] Stealth Rock
|move|p2a: Rotom-Wash|Hydro Pump|p1a: Troll
|-damage|p1a: Troll|128\/394
|
|-heal|p2a: Rotom-Wash|285\/304 brn|[from] item: Leftovers
|-heal|p1a: Troll|152\/394|[from] item: Leftovers
|-damage|p2a: Rotom-Wash|247\/304 brn|[from] brn
|turn|26
|
|move|p2a: Rotom-Wash|Hydro Pump|p1a: Troll|[miss]
|-miss|p2a: Rotom-Wash|p1a: Troll
|move|p1a: Troll|Recover|p1a: Troll
|-heal|p1a: Troll|349\/394
|
|-heal|p2a: Rotom-Wash|266\/304 brn|[from] item: Leftovers
|-heal|p1a: Troll|373\/394|[from] item: Leftovers
|-damage|p2a: Rotom-Wash|228\/304 brn|[from] brn
|turn|27
|
|move|p2a: Rotom-Wash|Hydro Pump|p1a: Troll
|-damage|p1a: Troll|166\/394
|move|p1a: Troll|Scald|p2a: Rotom-Wash
|-resisted|p2a: Rotom-Wash
|-damage|p2a: Rotom-Wash|199\/304 brn
|
|-heal|p2a: Rotom-Wash|218\/304 brn|[from] item: Leftovers
|-heal|p1a: Troll|190\/394|[from] item: Leftovers
|-damage|p2a: Rotom-Wash|180\/304 brn|[from] brn
|turn|28
|
|move|p2a: Rotom-Wash|Hydro Pump|p1a: Troll
|-damage|p1a: Troll|0 fnt
|faint|p1a: Troll
|
|-heal|p2a: Rotom-Wash|199\/304 brn|[from] item: Leftovers
|-damage|p2a: Rotom-Wash|161\/304 brn|[from] brn
|
|switch|p1a: Hierarchy|Gothitelle, M, shiny|301\/301
|-damage|p1a: Hierarchy|264\/301|[from] Stealth Rock
|turn|29
|
|move|p1a: Hierarchy|Psychic|p2a: Rotom-Wash
|-damage|p2a: Rotom-Wash|43\/304 brn
|move|p2a: Rotom-Wash|Volt Switch|p1a: Hierarchy
|-damage|p1a: Hierarchy|180\/301
|
|switch|p2a: Latias|Latias, F|302\/302
|-damage|p2a: Latias|265\/302|[from] Stealth Rock
|
|turn|30
|
|switch|p1a: Mega Annoying|Sableye-Mega, M, shiny|246\/304
|-damage|p1a: Mega Annoying|208\/304|[from] Stealth Rock
|move|p2a: Latias|Defog|p1a: Mega Annoying
|move|p1a: Mega Annoying|Defog|p2a: Latias|[from]Magic Bounce
|-unboost|p2a: Latias|evasion|1
|-sideend|p2: fix the ladder|Stealth Rock|[from] move: Defog|[of] p2a: Latias
|-sideend|p1: LadderSoTall|Stealth Rock|[from] move: Defog|[of] p1a: Mega Annoying
|
|turn|31
|
|move|p2a: Latias|Draco Meteor|p1a: Mega Annoying
|-damage|p1a: Mega Annoying|0 fnt
|-unboost|p2a: Latias|spa|2
|-damage|p2a: Latias|235\/302|[from] item: Life Orb
|faint|p1a: Mega Annoying
|
|
|switch|p1a: Hierarchy|Gothitelle, M, shiny|180\/301
|turn|32
|
|move|p1a: Hierarchy|Trick|p2a: Latias
|-activate|p1a: Hierarchy|move: Trick|[of] p2a: Latias
|-item|p2a: Latias|Choice Scarf|[from] move: Trick
|-item|p1a: Hierarchy|Life Orb|[from] move: Trick
|move|p2a: Latias|Healing Wish|p2a: Latias
|faint|p2a: Latias
|
|
|switch|p2a: Rotom-Wash|Rotom-Wash|43\/304 brn
|-heal|p2a: Rotom-Wash|304\/304|[from] move: Healing Wish
|turn|33
|
|move|p1a: Hierarchy|Calm Mind|p1a: Hierarchy
|-boost|p1a: Hierarchy|spa|1
|-boost|p1a: Hierarchy|spd|1
|move|p2a: Rotom-Wash|Volt Switch|p1a: Hierarchy
|-damage|p1a: Hierarchy|126\/301
|
|switch|p2a: Gallade|Gallade-Mega, M|278\/278
|
|turn|34
|
|switch|p1a: Silver Statue|Skarmory, M, shiny|293\/334
|move|p2a: Gallade|Knock Off|p1a: Silver Statue
|-damage|p1a: Silver Statue|217\/334
|-damage|p2a: Gallade|232\/278|[from] item: Rocky Helmet|[of] p1a: Silver Statue
|-enditem|p1a: Silver Statue|Rocky Helmet|[from] move: Knock Off|[of] p2a: Gallade
|
|turn|35
|
|switch|p2a: Rotom-Wash|Rotom-Wash|304\/304
|move|p1a: Silver Statue|Roost|p1a: Silver Statue
|-heal|p1a: Silver Statue|334\/334
|
|turn|36
|
|move|p2a: Rotom-Wash|Will-O-Wisp|p1a: Silver Statue|[miss]
|-miss|p2a: Rotom-Wash|p1a: Silver Statue
|move|p1a: Silver Statue|Stealth Rock|p2a: Rotom-Wash
|-sidestart|p2: fix the ladder|move: Stealth Rock
|
|turn|37
|
|switch|p1a: Hierarchy|Gothitelle, M, shiny|126\/301
|move|p2a: Rotom-Wash|Volt Switch|p1a: Hierarchy
|-damage|p1a: Hierarchy|50\/301
|
|switch|p2a: Gallade|Gallade-Mega, M|232\/278
|-damage|p2a: Gallade|215\/278|[from] Stealth Rock
|
|turn|38
|
|move|p2a: Gallade|Close Combat|p1a: Hierarchy
|-resisted|p1a: Hierarchy
|-damage|p1a: Hierarchy|0 fnt
|-unboost|p2a: Gallade|def|1
|-unboost|p2a: Gallade|spd|1
|faint|p1a: Hierarchy
|
|
|switch|p1a: Fairy Troll|Cresselia, F, shiny|443\/443
|turn|39
|
|switch|p2a: Clefable|Clefable, F|282\/394 brn
|move|p1a: Fairy Troll|Psyshock|p2a: Clefable
|-damage|p2a: Clefable|186\/394 brn
|
|-heal|p2a: Clefable|210\/394 brn|[from] item: Leftovers
|turn|40
|
|switch|p1a: Healer|Chansey, F, shiny|616\/704
|move|p2a: Clefable|Soft-Boiled|p2a: Clefable
|-heal|p2a: Clefable|394\/394 brn
|
|turn|41
|
|move|p2a: Clefable|Calm Mind|p2a: Clefable
|-boost|p2a: Clefable|spa|1
|-boost|p2a: Clefable|spd|1
|move|p1a: Healer|Seismic Toss|p2a: Clefable
|-damage|p2a: Clefable|294\/394 brn
|
|-heal|p2a: Clefable|318\/394 brn|[from] item: Leftovers
|turn|42
|
|move|p2a: Clefable|Calm Mind|p2a: Clefable
|-boost|p2a: Clefable|spa|1
|-boost|p2a: Clefable|spd|1
|move|p1a: Healer|Seismic Toss|p2a: Clefable
|-damage|p2a: Clefable|218\/394 brn
|
|-heal|p2a: Clefable|242\/394 brn|[from] item: Leftovers
|turn|43
|
|move|p2a: Clefable|Soft-Boiled|p2a: Clefable
|-heal|p2a: Clefable|394\/394 brn
|move|p1a: Healer|Seismic Toss|p2a: Clefable
|-damage|p2a: Clefable|294\/394 brn
|
|-heal|p2a: Clefable|318\/394 brn|[from] item: Leftovers
|turn|44
|
|move|p2a: Clefable|Calm Mind|p2a: Clefable
|-boost|p2a: Clefable|spa|1
|-boost|p2a: Clefable|spd|1
|move|p1a: Healer|Seismic Toss|p2a: Clefable
|-damage|p2a: Clefable|218\/394 brn
|
|-heal|p2a: Clefable|242\/394 brn|[from] item: Leftovers
|turn|45
|
|move|p2a: Clefable|Calm Mind|p2a: Clefable
|-boost|p2a: Clefable|spa|1
|-boost|p2a: Clefable|spd|1
|move|p1a: Healer|Seismic Toss|p2a: Clefable
|-damage|p2a: Clefable|142\/394 brn
|
|-heal|p2a: Clefable|166\/394 brn|[from] item: Leftovers
|turn|46
|
|move|p2a: Clefable|Soft-Boiled|p2a: Clefable
|-heal|p2a: Clefable|363\/394 brn
|move|p1a: Healer|Seismic Toss|p2a: Clefable
|-damage|p2a: Clefable|263\/394 brn
|
|-heal|p2a: Clefable|287\/394 brn|[from] item: Leftovers
|turn|47
|
|move|p2a: Clefable|Calm Mind|p2a: Clefable
|-boost|p2a: Clefable|spa|1
|-boost|p2a: Clefable|spd|1
|move|p1a: Healer|Seismic Toss|p2a: Clefable
|-damage|p2a: Clefable|187\/394 brn
|
|-heal|p2a: Clefable|211\/394 brn|[from] item: Leftovers
|turn|48
|
|move|p2a: Clefable|Soft-Boiled|p2a: Clefable
|-heal|p2a: Clefable|394\/394 brn
|move|p1a: Healer|Seismic Toss|p2a: Clefable
|-damage|p2a: Clefable|294\/394 brn
|
|-heal|p2a: Clefable|318\/394 brn|[from] item: Leftovers
|turn|49
|
|move|p2a: Clefable|Calm Mind|p2a: Clefable
|-boost|p2a: Clefable|spa|1
|-boost|p2a: Clefable|spd|1
|move|p1a: Healer|Seismic Toss|p2a: Clefable
|-damage|p2a: Clefable|218\/394 brn
|
|-heal|p2a: Clefable|242\/394 brn|[from] item: Leftovers
|turn|50
|
|move|p2a: Clefable|Moonblast|p1a: Healer
|-damage|p1a: Healer|363\/704
|move|p1a: Healer|Seismic Toss|p2a: Clefable
|-damage|p2a: Clefable|142\/394 brn
|
|-heal|p2a: Clefable|166\/394 brn|[from] item: Leftovers
|turn|51
|
|move|p2a: Clefable|Moonblast|p1a: Healer
|-damage|p1a: Healer|89\/704
|move|p1a: Healer|Soft-Boiled|p1a: Healer
|-heal|p1a: Healer|441\/704
|
|-heal|p2a: Clefable|190\/394 brn|[from] item: Leftovers
|turn|52
|
|move|p2a: Clefable|Moonblast|p1a: Healer
|-damage|p1a: Healer|152\/704
|move|p1a: Healer|Soft-Boiled|p1a: Healer
|-heal|p1a: Healer|504\/704
|
|-heal|p2a: Clefable|214\/394 brn|[from] item: Leftovers
|turn|53
|
|move|p2a: Clefable|Moonblast|p1a: Healer
|-damage|p1a: Healer|245\/704
|-unboost|p1a: Healer|spa|1
|move|p1a: Healer|Seismic Toss|p2a: Clefable
|-damage|p2a: Clefable|114\/394 brn
|
|-heal|p2a: Clefable|138\/394 brn|[from] item: Leftovers
|turn|54
|
|move|p2a: Clefable|Moonblast|p1a: Healer
|-damage|p1a: Healer|0 fnt
|faint|p1a: Healer
|
|-heal|p2a: Clefable|162\/394 brn|[from] item: Leftovers
|
|switch|p1a: Silver Statue|Skarmory, M, shiny|334\/334
|turn|55
|
|move|p2a: Clefable|Flamethrower|p1a: Silver Statue
|-supereffective|p1a: Silver Statue
|-activate|p1a: Silver Statue|Sturdy
|-damage|p1a: Silver Statue|1\/334
|move|p1a: Silver Statue|Whirlwind|p2a: Clefable
|drag|p2a: Gallade|Gallade-Mega, M|215\/278
|-damage|p2a: Gallade|198\/278|[from] Stealth Rock
|
|turn|56
|
|move|p2a: Gallade|Knock Off|p1a: Silver Statue
|-damage|p1a: Silver Statue|0 fnt
|faint|p1a: Silver Statue
|
|
|switch|p1a: Fairy Troll|Cresselia, F, shiny|443\/443
|turn|57
|
|move|p2a: Gallade|Swords Dance|p2a: Gallade
|-boost|p2a: Gallade|atk|2
|move|p1a: Fairy Troll|Psyshock|p2a: Gallade
|-damage|p2a: Gallade|89\/278
|
|turn|58
|
|move|p2a: Gallade|Knock Off|p1a: Fairy Troll
|-supereffective|p1a: Fairy Troll
|-damage|p1a: Fairy Troll|0 fnt
|-enditem|p1a: Fairy Troll|Leftovers|[from] move: Knock Off|[of] p2a: Gallade
|faint|p1a: Fairy Troll
|
|win|fix the ladder
|raw|Ladder updating...
|leave|LadderSoTall
|player|p1
|raw|LadderSoTall's rating: 1581 &rarr; <strong>1555<\/strong><br \/>(-26 for losing)
|raw|fix the ladder's rating: 1469 &rarr; <strong>1495<\/strong><br \/>(+26 for winning)