|join|LadderSoTall
|join|Steez Ibanez
|player|p1|LadderSoTall|31
|player|p2|Steez Ibanez|25
|gametype|singles
|gen|6
|tier|OU
|rated
|clearpoke
|poke|p1|Slowbro, M
|poke|p1|Heracross, M
|poke|p1|Latios, M
|poke|p1|Heatran, M
|poke|p1|Clefable, M
|poke|p1|Terrakion
|poke|p2|Landorus-Therian, M
|poke|p2|Heatran, M
|poke|p2|Latias, F
|poke|p2|Azumarill, M
|poke|p2|Heracross, M
|poke|p2|Thundurus, M
|rule|Swagger Clause: Swagger is banned
|rule|Baton Pass Clause: Limit one PokÃ©mon knowing Baton Pass
|rule|Sleep Clause Mod: Limit one foe put to sleep
|rule|Species Clause: Limit one of each PokÃ©mon
|rule|OHKO Clause: OHKO moves are banned
|rule|Moody Clause: Moody is banned
|rule|Evasion Moves Clause: Evasion moves are banned
|rule|Endless Battle Clause: Forcing endless battles is banned
|rule|HP Percentage Mod: HP is shown in percentages
|teampreview
|
|start
|switch|p1a: Rider|Latios, M|302\/302
|switch|p2a: Nimbus|Thundurus, M|299\/299
|turn|1
|
|switch|p2a: Nuke|Azumarill, M|345\/345
|move|p1a: Rider|Draco Meteor|p2a: Nuke
|-immune|p2a: Nuke|[msg]
|
|turn|2
|
|switch|p1a: Fren :)|Slowbro, M|394\/394
|move|p2a: Nuke|Knock Off|p1a: Fren :)
|-supereffective|p1a: Fren :)
|-damage|p1a: Fren :)|206\/394
|-enditem|p1a: Fren :)|Leftovers|[from] move: Knock Off|[of] p2a: Nuke
|
|turn|3
|
|move|p2a: Nuke|Play Rough|p1a: Fren :)
|-damage|p1a: Fren :)|68\/394
|move|p1a: Fren :)|Thunder Wave|p2a: Nuke
|-status|p2a: Nuke|par
|
|turn|4
|
|move|p1a: Fren :)|Slack Off|p1a: Fren :)
|-heal|p1a: Fren :)|265\/394
|cant|p2a: Nuke|par
|
|turn|5
|
|move|p1a: Fren :)|Psyshock|p2a: Nuke
|-damage|p2a: Nuke|242\/345 par
|move|p2a: Nuke|Knock Off|p1a: Fren :)
|-supereffective|p1a: Fren :)
|-damage|p1a: Fren :)|125\/394
|
|turn|6
|
|switch|p2a: Nimbus|Thundurus, M|299\/299
|move|p1a: Fren :)|Slack Off|p1a: Fren :)
|-heal|p1a: Fren :)|322\/394
|
|turn|7
|
|switch|p1a: Volcano|Heatran, M|385\/385
|move|p2a: Nimbus|Thunderbolt|p1a: Volcano
|-damage|p1a: Volcano|259\/385
|-damage|p2a: Nimbus|270\/299|[from] item: Life Orb
|
|-heal|p1a: Volcano|283\/385|[from] item: Leftovers
|turn|8
|
|move|p2a: Nimbus|Superpower|p1a: Volcano
|-supereffective|p1a: Volcano
|-damage|p1a: Volcano|7\/385
|-unboost|p2a: Nimbus|atk|1
|-unboost|p2a: Nimbus|def|1
|-damage|p2a: Nimbus|241\/299|[from] item: Life Orb
|move|p1a: Volcano|Stealth Rock|p2a: Nimbus
|-sidestart|p2: Steez Ibanez|move: Stealth Rock
|
|-heal|p1a: Volcano|31\/385|[from] item: Leftovers
|turn|9
|
|move|p1a: Volcano|Protect|p1a: Volcano
|-singleturn|p1a: Volcano|Protect
|move|p2a: Nimbus|Knock Off|p1a: Volcano
|-activate|p1a: Volcano|Protect
|
|-heal|p1a: Volcano|55\/385|[from] item: Leftovers
|turn|10
|
|move|p2a: Nimbus|Knock Off|p1a: Volcano
|-damage|p1a: Volcano|0 fnt
|-enditem|p1a: Volcano|Leftovers|[from] move: Knock Off|[of] p2a: Nimbus
|-damage|p2a: Nimbus|212\/299|[from] item: Life Orb
|faint|p1a: Volcano
|
|
|switch|p1a: Mega Audino 2.0|Clefable, M|394\/394
|turn|11
|
|move|p2a: Nimbus|Thunderbolt|p1a: Mega Audino 2.0
|-damage|p1a: Mega Audino 2.0|209\/394
|-damage|p2a: Nimbus|183\/299|[from] item: Life Orb
|move|p1a: Mega Audino 2.0|Moonblast|p2a: Nimbus
|-damage|p2a: Nimbus|27\/299
|
|-heal|p1a: Mega Audino 2.0|233\/394|[from] item: Leftovers
|turn|12
|
|move|p2a: Nimbus|Knock Off|p1a: Mega Audino 2.0
|-crit|p1a: Mega Audino 2.0
|-resisted|p1a: Mega Audino 2.0
|-damage|p1a: Mega Audino 2.0|139\/394
|-enditem|p1a: Mega Audino 2.0|Leftovers|[from] move: Knock Off|[of] p2a: Nimbus
|-damage|p2a: Nimbus|0 fnt|[from] item: Life Orb
|faint|p2a: Nimbus
|move|p1a: Mega Audino 2.0|Soft-Boiled|p1a: Mega Audino 2.0
|-heal|p1a: Mega Audino 2.0|336\/394
|
|
|switch|p2a: Shukaku|Landorus-Therian, M|381\/381
|-damage|p2a: Shukaku|334\/381|[from] Stealth Rock
|-ability|p2a: Shukaku|Intimidate|[of] p1a: Mega Audino 2.0
|-unboost|p1a: Mega Audino 2.0|atk|1
|turn|13
|
|move|p2a: Shukaku|Earthquake|p1a: Mega Audino 2.0
|-damage|p1a: Mega Audino 2.0|146\/394
|move|p1a: Mega Audino 2.0|Moonblast|p2a: Shukaku
|-damage|p2a: Shukaku|208\/381
|-unboost|p2a: Shukaku|spa|1
|
|-heal|p2a: Shukaku|231\/381|[from] item: Leftovers
|turn|14
|
|switch|p1a: Rider|Latios, M|302\/302
|move|p2a: Shukaku|Stealth Rock|p1a: Rider
|-sidestart|p1: LadderSoTall|move: Stealth Rock
|
|-heal|p2a: Shukaku|254\/381|[from] item: Leftovers
|turn|15
|
|move|p1a: Rider|Psyshock|p2a: Shukaku
|-damage|p2a: Shukaku|122\/381
|move|p2a: Shukaku|U-turn|p1a: Rider
|-supereffective|p1a: Rider
|-damage|p1a: Rider|110\/302
|
|switch|p2a: Athena|Latias, F|301\/301
|-damage|p2a: Athena|264\/301|[from] Stealth Rock
|
|turn|16
|
|switch|p1a: Mega Audino 2.0|Clefable, M|146\/394
|move|p2a: Athena|Draco Meteor|p1a: Mega Audino 2.0
|-immune|p1a: Mega Audino 2.0|[msg]
|
|turn|17
|
|move|p2a: Athena|Psyshock|p1a: Mega Audino 2.0
|-damage|p1a: Mega Audino 2.0|0 fnt
|-damage|p2a: Athena|234\/301|[from] item: Life Orb
|faint|p1a: Mega Audino 2.0
|
|
|switch|p1a: Mt. Rakion|Terrakion|324\/324
|-damage|p1a: Mt. Rakion|304\/324|[from] Stealth Rock
|turn|18
|
|move|p1a: Mt. Rakion|X-Scissor|p2a: Athena
|-supereffective|p2a: Athena
|-damage|p2a: Athena|0 fnt
|faint|p2a: Athena
|
|
|switch|p2a: Daken|Heracross, M|311\/311
|-damage|p2a: Daken|273\/311|[from] Stealth Rock
|turn|19
|
|switch|p1a: Strong Bug|Heracross, M|302\/302
|-damage|p1a: Strong Bug|265\/302|[from] Stealth Rock
|detailschange|p2a: Daken|Heracross-Mega, M
|message|Heracross has Mega Evolved into Mega Heracross!
|move|p2a: Daken|Substitute|p2a: Daken
|-start|p2a: Daken|Substitute
|-damage|p2a: Daken|196\/311
|
|turn|20
|
|detailschange|p1a: Strong Bug|Heracross-Mega, M
|message|Heracross has Mega Evolved into Mega Heracross!
|move|p1a: Strong Bug|Rock Blast|p2a: Daken
|-activate|p2a: Daken|Substitute|[damage]
|-activate|p2a: Daken|Substitute|[damage]
|-end|p2a: Daken|Substitute
|-damage|p2a: Daken|158\/311
|-damage|p2a: Daken|120\/311
|-hitcount|p2a: Daken|5
|move|p2a: Daken|Close Combat|p1a: Strong Bug
|-resisted|p1a: Strong Bug
|-damage|p1a: Strong Bug|138\/302
|-unboost|p2a: Daken|def|1
|-unboost|p2a: Daken|spd|1
|
|turn|21
|
|move|p1a: Strong Bug|Rock Blast|p2a: Daken
|-damage|p2a: Daken|65\/311
|-damage|p2a: Daken|9\/311
|-crit|p2a: Daken
|-damage|p2a: Daken|0 fnt
|-hitcount|p2a: Daken|3
|faint|p2a: Daken
|
|
|switch|p2a: Kuton|Heatran, M|385\/385
|-damage|p2a: Kuton|337\/385|[from] Stealth Rock
|turn|22
|
|move|p1a: Strong Bug|Close Combat|p2a: Kuton
|-supereffective|p2a: Kuton
|-damage|p2a: Kuton|0 fnt
|-unboost|p1a: Strong Bug|def|1
|-unboost|p1a: Strong Bug|spd|1
|faint|p2a: Kuton
|
|-message|Steez Ibanez forfeited.
|
|win|LadderSoTall
|raw|Ladder updating...
|leave|Steez Ibanez
|player|p2
|raw|LadderSoTall's rating: 1688 &rarr; <strong>1708<\/strong><br \/>(+20 for winning)
|raw|Steez Ibanez's rating: 1692 &rarr; <strong>1672<\/strong><br \/>(-20 for losing)