|join|LadderSoTall
|join|CheckmateWeee
|player|p1|LadderSoTall|31
|player|p2|CheckmateWeee|101
|gametype|singles
|gen|6
|tier|OU
|rated
|clearpoke
|poke|p1|Beedrill, M
|poke|p1|Politoed, M
|poke|p1|Celebi
|poke|p1|Manaphy, shiny
|poke|p1|Klefki, M
|poke|p1|Magnezone, shiny
|poke|p2|Greninja, F
|poke|p2|Swampert, M
|poke|p2|Thundurus, M
|poke|p2|Magnezone
|poke|p2|Scizor, F
|poke|p2|Landorus-Therian, M
|rule|Swagger Clause: Swagger is banned
|rule|Baton Pass Clause: Limit one PokÃ©mon knowing Baton Pass
|rule|Sleep Clause Mod: Limit one foe put to sleep
|rule|Species Clause: Limit one of each PokÃ©mon
|rule|OHKO Clause: OHKO moves are banned
|rule|Moody Clause: Moody is banned
|rule|Evasion Moves Clause: Evasion moves are banned
|rule|Endless Battle Clause: Forcing endless battles is banned
|rule|HP Percentage Mod: HP is shown in percentages
|teampreview
|
|start
|switch|p1a: Klefki|Klefki, M|318\/318
|switch|p2a: Magnezone|Magnezone|344\/344
|turn|1
|
|move|p1a: Klefki|Light Screen|p1a: Klefki
|-sidestart|p1: LadderSoTall|move: Light Screen
|move|p2a: Magnezone|Hidden Power|p1a: Klefki
|-supereffective|p1a: Klefki
|-damage|p1a: Klefki|231\/318
|
|turn|2
|
|move|p1a: Klefki|Reflect|p1a: Klefki
|-sidestart|p1: LadderSoTall|Reflect
|move|p2a: Magnezone|Volt Switch|p1a: Klefki
|-damage|p1a: Klefki|159\/318
|
|switch|p2a: Landorus-Therian|Landorus-Therian, M|382\/382
|-ability|p2a: Landorus-Therian|Intimidate|[of] p1a: Klefki
|-unboost|p1a: Klefki|atk|1
|
|turn|3
|
|move|p2a: Landorus-Therian|Stealth Rock|p1a: Klefki
|-sidestart|p1: LadderSoTall|move: Stealth Rock
|move|p1a: Klefki|Foul Play|p2a: Landorus-Therian
|-damage|p2a: Landorus-Therian|307\/382
|
|-heal|p2a: Landorus-Therian|330\/382|[from] item: Leftovers
|turn|4
|
|move|p2a: Landorus-Therian|Earthquake|p1a: Klefki
|-supereffective|p1a: Klefki
|-damage|p1a: Klefki|27\/318
|move|p1a: Klefki|Foul Play|p2a: Landorus-Therian
|-damage|p2a: Landorus-Therian|250\/382
|
|-heal|p2a: Landorus-Therian|273\/382|[from] item: Leftovers
|turn|5
|
|move|p2a: Landorus-Therian|Earthquake|p1a: Klefki
|-supereffective|p1a: Klefki
|-damage|p1a: Klefki|0 fnt
|faint|p1a: Klefki
|
|-heal|p2a: Landorus-Therian|296\/382|[from] item: Leftovers
|
|switch|p1a: Manaphy|Manaphy, shiny|404\/404
|-damage|p1a: Manaphy|354\/404|[from] Stealth Rock
|turn|6
|
|switch|p2a: Magnezone|Magnezone|344\/344
|move|p1a: Manaphy|Tail Glow|p1a: Manaphy
|-boost|p1a: Manaphy|spa|3
|
|-heal|p1a: Manaphy|379\/404|[from] item: Leftovers
|turn|7
|
|move|p1a: Manaphy|Scald|p2a: Magnezone
|-damage|p2a: Magnezone|115\/344
|move|p2a: Magnezone|Thunderbolt|p1a: Manaphy
|-supereffective|p1a: Manaphy
|-damage|p1a: Manaphy|192\/404
|
|-heal|p1a: Manaphy|217\/404|[from] item: Leftovers
|turn|8
|
|move|p1a: Manaphy|Scald|p2a: Magnezone
|-damage|p2a: Magnezone|0 fnt
|faint|p2a: Magnezone
|
|-heal|p1a: Manaphy|242\/404|[from] item: Leftovers
|-sideend|p1: LadderSoTall|move: Light Screen
|
|switch|p2a: Thundurus|Thundurus, M|362\/362
|turn|9
|
|switch|p1a: Celebi|Celebi|396\/396
|-damage|p1a: Celebi|347\/396|[from] Stealth Rock
|move|p2a: Thundurus|Volt Switch|p1a: Celebi
|-resisted|p1a: Celebi
|-damage|p1a: Celebi|293\/396
|
|switch|p2a: Scizor|Scizor, F|333\/333
|
|-heal|p1a: Celebi|317\/396|[from] item: Leftovers
|-sideend|p1: LadderSoTall|Reflect
|turn|10
|
|move|p1a: Celebi|Stealth Rock|p2a: Scizor
|-sidestart|p2: CheckmateWeee|move: Stealth Rock
|move|p2a: Scizor|U-turn|p1a: Celebi
|-supereffective|p1a: Celebi
|-damage|p1a: Celebi|0 fnt
|faint|p1a: Celebi
|
|switch|p2a: Thundurus|Thundurus, M|362\/362
|-damage|p2a: Thundurus|272\/362|[from] Stealth Rock
|
|
|switch|p1a: Magnezone|Magnezone, shiny|282\/282
|-damage|p1a: Magnezone|265\/282|[from] Stealth Rock
|turn|11
|
|move|p1a: Magnezone|Volt Switch|p2a: Thundurus
|-damage|p2a: Thundurus|115\/362
|
|switch|p1a: Politoed|Politoed, M|384\/384
|-damage|p1a: Politoed|336\/384|[from] Stealth Rock
|-weather|RainDance
|move|p2a: Thundurus|Volt Switch|p1a: Politoed
|-supereffective|p1a: Politoed
|-damage|p1a: Politoed|150\/384
|
|switch|p2a: Swampert|Swampert, M|366\/366
|-damage|p2a: Swampert|344\/366|[from] Stealth Rock
|
|-weather|RainDance|[upkeep]
|turn|12
|
|detailschange|p2a: Swampert|Swampert-Mega, M
|message|Swampert has Mega Evolved into Mega Swampert!
|move|p2a: Swampert|Earthquake|p1a: Politoed
|-crit|p1a: Politoed
|-damage|p1a: Politoed|0 fnt
|faint|p1a: Politoed
|
|-weather|RainDance|[upkeep]
|
|switch|p1a: Manaphy|Manaphy, shiny|242\/404
|-damage|p1a: Manaphy|192\/404|[from] Stealth Rock
|turn|13
|
|move|p2a: Swampert|Earthquake|p1a: Manaphy
|-crit|p1a: Manaphy
|-damage|p1a: Manaphy|0 fnt
|faint|p1a: Manaphy
|
|-weather|RainDance|[upkeep]
|-message|LadderSoTall forfeited.
|
|win|CheckmateWeee
|raw|Ladder updating...
|leave|LadderSoTall
|player|p1
|raw|LadderSoTall's rating: 1489 &rarr; <strong>1465<\/strong><br \/>(-24 for losing)
|raw|CheckmateWeee's rating: 1416 &rarr; <strong>1440<\/strong><br \/>(+24 for winning)