|join|LadderSoTall
|join|Fulgrate
|join|MikaelFernandes
|c| MikaelFernandes|first
|join|Shadow Poochyena
|join|abcdefghitony
|c| MikaelFernandes|:]
|join|Riful the Zangoose
|player|p1|LadderSoTall|4
|player|p2|Fulgrate|264
|gametype|singles
|gen|6
|tier|OU
|clearpoke
|poke|p1|Bisharp, M
|poke|p1|Heracross, M
|poke|p1|Shuckle, M, shiny
|poke|p1|Terrakion
|poke|p1|Serperior, M, shiny
|poke|p1|Latios, M
|poke|p2|Bisharp, M
|poke|p2|Gothorita, F
|poke|p2|Froslass, F
|poke|p2|Gallade, M
|poke|p2|Diancie
|poke|p2|Accelgor, M
|rule|Swagger Clause: Swagger is banned
|rule|Baton Pass Clause: Limit one PokÃ©mon knowing Baton Pass
|rule|Sleep Clause Mod: Limit one foe put to sleep
|rule|Species Clause: Limit one of each PokÃ©mon
|rule|OHKO Clause: OHKO moves are banned
|rule|Moody Clause: Moody is banned
|rule|Evasion Moves Clause: Evasion moves are banned
|rule|Endless Battle Clause: Forcing endless battles is banned
|rule|HP Percentage Mod: HP is shown in percentages
|teampreview
|join|Dakomos
|join|orei
|c|âLadderSoTall|wth
|c|âFulgrate|hi
|join|mestier1233
|c| MikaelFernandes|gothorita?
|join|martyrDOMover9000
|c|âFulgrate|: }
|c| mestier1233|gothorita>>>>>>>>>>>>>>>gothitelle
|c| MikaelFernandes|why it over gothitelle?
|c|âLadderSoTall|wtf
|
|start
|switch|p1a: Terrakion|Terrakion|324\/324
|switch|p2a: Accelgor|Accelgor, M|301\/301
|turn|1
|c| martyrDOMover9000|get wrecked
|c| Shadow Poochyena|eviolite
|c| martyrDOMover9000|dont underestimate him, he doesnt use standard things so you dont know what to expect
|
|move|p1a: Terrakion|Rock Slide|p2a: Accelgor
|-supereffective|p2a: Accelgor
|-enditem|p2a: Accelgor|Focus Sash
|-damage|p2a: Accelgor|1\/301
|cant|p2a: Accelgor|flinch
|
|turn|2
|c| MikaelFernandes|welp,nice start :P
|c|âFulgrate|its fast O _0
|c| martyrDOMover9000|probly scarfed
|c|âFulgrate|I know X D
|c| MikaelFernandes|its scarf
|
|switch|p2a: Gothorita|Gothorita, F|324\/324
|move|p1a: Terrakion|Rock Slide|p2a: Gothorita
|-miss|p1a: Terrakion|p2a: Gothorita
|
|turn|3
|c| martyrDOMover9000|bye terrakion
|
|move|p1a: Terrakion|Rock Slide|p2a: Gothorita
|-damage|p2a: Gothorita|206\/324
|move|p2a: Gothorita|Trick Room|p2a: Gothorita
|-fieldstart|move: Trick Room|[of] p2a: Gothorita
|
|turn|4
|
|switch|p2a: Gallade|Gallade, M|340\/340
|move|p1a: Terrakion|Rock Slide|p2a: Gallade
|-resisted|p2a: Gallade
|-damage|p2a: Gallade|245\/340
|
|turn|5
|
|switch|p1a: Shuckle|Shuckle, M, shiny|244\/244
|detailschange|p2a: Gallade|Gallade-Mega, M
|-mega|p2a: Gallade|Gallade|Galladite
|move|p2a: Gallade|Swords Dance|p2a: Gallade
|-boost|p2a: Gallade|atk|2
|
|turn|6
|c| MikaelFernandes|no hate fulgrate,but your team is weird
|c|âFulgrate|X D
|
|move|p1a: Shuckle|Encore|p2a: Gallade
|-start|p2a: Gallade|Encore
|move|p2a: Gallade|Swords Dance|p2a: Gallade
|-boost|p2a: Gallade|atk|2
|
|turn|7
|c|âFulgrate|I only got my favs
|c|âFulgrate|brb O _0
|c| Dakomos|atleast its not the same 10 pokemon as usual
|c|âFulgrate|back
|c| MikaelFernandes|this^
|
|switch|p1a: Heracross|Heracross, M|301\/301
|switch|p2a: Gothorita|Gothorita, F|206\/324
|
|-fieldend|move: Trick Room
|turn|8
|c| martyrDOMover9000|He's creative and innovative and i have huge respect
|c| MikaelFernandes|im tired of seeing landos all over the place
|c|âFulgrate|true D:
|c| martyrDOMover9000|and latios
|c| Dakomos|thats what i mean
|
|detailschange|p1a: Heracross|Heracross-Mega, M
|-mega|p1a: Heracross|Heracross|Heracronite
|move|p1a: Heracross|Pin Missile|p2a: Gothorita
|-supereffective|p2a: Gothorita
|-damage|p2a: Gothorita|116\/324
|-supereffective|p2a: Gothorita
|-damage|p2a: Gothorita|26\/324
|-supereffective|p2a: Gothorita
|-damage|p2a: Gothorita|0 fnt
|-hitcount|p2a: Gothorita|3
|faint|p2a: Gothorita
|
|c| MikaelFernandes|lando and THE STUPID ANNOYING MEGA SABLEYE
|c| martyrDOMover9000|i see sableye getting suspected soon
|c|âFulgrate|yeah O _0
|
|switch|p2a: Accelgor|Accelgor, M|1\/301
|turn|9
|
|move|p2a: Accelgor|Yawn|p1a: Heracross
|-start|p1a: Heracross|move: Yawn|[of] p2a: Accelgor
|move|p1a: Heracross|Bullet Seed|p2a: Accelgor
|-resisted|p2a: Accelgor
|-damage|p2a: Accelgor|0 fnt
|-hitcount|p2a: Accelgor|1
|faint|p2a: Accelgor
|
|
|switch|p2a: Bisharp|Bisharp, M|272\/272
|turn|10
|c|âFulgrate|O _0
|
|switch|p1a: Shuckle|Shuckle, M, shiny|244\/244
|move|p2a: Bisharp|Swords Dance|p2a: Bisharp
|-boost|p2a: Bisharp|atk|2
|
|turn|11
|
|move|p2a: Bisharp|Knock Off|p1a: Shuckle
|-damage|p1a: Shuckle|58\/244
|-enditem|p1a: Shuckle|Mental Herb|[from] move: Knock Off|[of] p2a: Bisharp
|move|p1a: Shuckle|Encore|p2a: Bisharp
|-start|p2a: Bisharp|Encore
|
|turn|12
|leave|abcdefghitony
|c|âFulgrate|encore so deadly in TR D:
|
|move|p2a: Bisharp|Knock Off|p1a: Shuckle
|-damage|p1a: Shuckle|0 fnt
|faint|p1a: Shuckle
|
|
|switch|p1a: Heracross|Heracross-Mega, M|301\/301
|turn|13
|
|switch|p2a: Froslass|Froslass, F|344\/344
|move|p1a: Heracross|Pin Missile|p2a: Froslass
|-resisted|p2a: Froslass
|-damage|p2a: Froslass|307\/344
|-resisted|p2a: Froslass
|-damage|p2a: Froslass|265\/344
|-resisted|p2a: Froslass
|-damage|p2a: Froslass|226\/344
|-crit|p2a: Froslass
|-resisted|p2a: Froslass
|-damage|p2a: Froslass|169\/344
|-start|p1a: Heracross|Disable|Pin Missile
|-resisted|p2a: Froslass
|-damage|p2a: Froslass|128\/344
|-hitcount|p2a: Froslass|5
|
|turn|14
|c|âFulgrate|O _0
|
|switch|p1a: Bisharp|Bisharp, M|272\/272
|move|p2a: Froslass|Destiny Bond|p2a: Froslass
|-singlemove|p2a: Froslass|Destiny Bond
|
|turn|15
|c| martyrDOMover9000|reveal the sheer cold
|c|âFulgrate|D:
|
|move|p2a: Froslass|Destiny Bond|p2a: Froslass
|-singlemove|p2a: Froslass|Destiny Bond
|move|p1a: Bisharp|Knock Off|p2a: Froslass
|-supereffective|p2a: Froslass
|-damage|p2a: Froslass|0 fnt
|-start|p1a: Bisharp|Disable|Knock Off
|-enditem|p2a: Froslass|Choice Scarf|[from] move: Knock Off|[of] p1a: Bisharp
|-damage|p1a: Bisharp|245\/272|[from] item: Life Orb
|faint|p2a: Froslass
|-activate|p2a: Froslass|Destiny Bond
|faint|p1a: Bisharp
|
|c|âFulgrate|3vs3 O _0
|
|switch|p1a: Serperior|Serperior, M, shiny|292\/292
|switch|p2a: Diancie|Diancie|304\/304
|turn|16
|
|move|p1a: Serperior|Leaf Storm|p2a: Diancie
|-supereffective|p2a: Diancie
|-damage|p2a: Diancie|36\/304
|-boost|p1a: Serperior|spa|2
|-damage|p1a: Serperior|263\/292|[from] item: Life Orb
|move|p2a: Diancie|Trick Room|p2a: Diancie
|-fieldstart|move: Trick Room|[of] p2a: Diancie
|
|-heal|p2a: Diancie|55\/304|[from] item: Leftovers
|turn|17
|c|âFulgrate|O _0
|c|âFulgrate|Contrary
|
|move|p2a: Diancie|Explosion|p1a: Serperior
|-damage|p1a: Serperior|62\/292
|faint|p2a: Diancie
|move|p1a: Serperior|Leaf Storm|p2: Diancie|[notarget]
|-notarget
|
|c|âFulgrate|so many mons wish they had contrary O _0
|
|switch|p2a: Bisharp|Bisharp, M|272\/272
|turn|18
|
|switch|p1a: Latios|Latios, M|301\/301
|move|p2a: Bisharp|Knock Off|p1a: Latios
|-supereffective|p1a: Latios
|-damage|p1a: Latios|0 fnt
|-enditem|p1a: Latios|Life Orb|[from] move: Knock Off|[of] p2a: Bisharp
|faint|p1a: Latios
|
|
|switch|p1a: Heracross|Heracross-Mega, M|301\/301
|turn|19
|
|move|p2a: Bisharp|Iron Head|p1a: Heracross
|-damage|p1a: Heracross|157\/301
|move|p1a: Heracross|Close Combat|p2a: Bisharp
|-supereffective|p2a: Bisharp
|-damage|p2a: Bisharp|0 fnt
|-unboost|p1a: Heracross|def|1
|-unboost|p1a: Heracross|spd|1
|faint|p2a: Bisharp
|
|c| mestier1233|gg ladder wins
|c| mestier1233|flugrate ur a nerd
|
|switch|p2a: Gallade|Gallade-Mega, M|245\/340
|turn|20
|c|âLadderSoTall|lol
|c|âFulgrate|O _0
|c|âLadderSoTall|yeah ggg :P
|leave|MikaelFernandes
|
|move|p2a: Gallade|Psycho Cut|p1a: Heracross
|-supereffective|p1a: Heracross
|-damage|p1a: Heracross|0 fnt
|faint|p1a: Heracross
|
|-fieldend|move: Trick Room
|
|switch|p1a: Serperior|Serperior, M, shiny|62\/292
|turn|21
|c|âFulgrate|O _0
|
|move|p2a: Gallade|Shadow Sneak|p1a: Serperior
|-damage|p1a: Serperior|0 fnt
|faint|p1a: Serperior
|
|c|âLadderSoTall|holy
|c| martyrDOMover9000|:]
|c| martyrDOMover9000|i saw it coming lol
|c|âLadderSoTall|who runs that lol
|c|âFulgrate|me
|c|âFulgrate|> _<
|c|âLadderSoTall|well sht
|
|switch|p1a: Terrakion|Terrakion|324\/324
|turn|22
|c|âLadderSoTall|i just lost causa that
|c|âFulgrate|anybody might win
|c|âFulgrate|O _0
|c|âFulgrate|1vs1
|c|âFulgrate|literally down to the wire
|
|move|p1a: Terrakion|Stone Edge|p2a: Gallade
|-resisted|p2a: Gallade
|-damage|p2a: Gallade|144\/340
|move|p2a: Gallade|Psycho Cut|p1a: Terrakion
|-crit|p1a: Terrakion
|-supereffective|p1a: Terrakion
|-damage|p1a: Terrakion|0 fnt
|faint|p1a: Terrakion
|
|win|Fulgrate
|c| martyrDOMover9000|your gallade is bulky probly because its slow, so i doubt CC will KO, rock slide def wont, maybe an eq
|c|âLadderSoTall|gg
|c|âFulgrate|gg
|leave|LadderSoTall
|c|âFulgrate|whew
|leave|martyrDOMover9000
|player|p1
|leave|mestier1233
|leave|Fulgrate
|player|p2