|join|ZellJr
|join|LadderSoTall
|join|u5ev
|join|Chillingtilnoon
|join|TheSkyAboveUs
|player|p1|ZellJr|1
|player|p2|LadderSoTall|4
|gametype|singles
|gen|6
|tier|OU
|clearpoke
|poke|p1|Gothitelle, F
|poke|p1|Wobbuffet, F
|poke|p1|Garchomp, M
|poke|p1|Slurpuff, M
|poke|p1|Keldeo
|poke|p1|Lopunny, M
|poke|p2|Bisharp, M
|poke|p2|Lopunny, M
|poke|p2|Shuckle, M, shiny
|poke|p2|Quagsire, M
|poke|p2|Serperior, M, shiny
|poke|p2|Gengar, M, shiny
|rule|Swagger Clause: Swagger is banned
|rule|Baton Pass Clause: Limit one PokÃ©mon knowing Baton Pass
|rule|Sleep Clause Mod: Limit one foe put to sleep
|rule|Species Clause: Limit one of each PokÃ©mon
|rule|OHKO Clause: OHKO moves are banned
|rule|Moody Clause: Moody is banned
|rule|Evasion Moves Clause: Evasion moves are banned
|rule|Endless Battle Clause: Forcing endless battles is banned
|rule|HP Percentage Mod: HP is shown in percentages
|teampreview
|join|PhobiaBB
|c|âLadderSoTall|WTF
|join|iiiiiiiioioi
|c| PhobiaBB|6\/9 would play this team again
|c| TheSkyAboveUs|dont underestimate
|join|rika and hanyuu
|c| TheSkyAboveUs|2 shadowtaggers nb
|
|start
|switch|p1a: Lopunny|Lopunny, M|271\/271
|switch|p2a: Shuckle|Shuckle, M, shiny|244\/244
|turn|1
|join|Reverend
|
|detailschange|p1a: Lopunny|Lopunny-Mega, M
|-mega|p1a: Lopunny|Lopunny|Lopunnite
|move|p1a: Lopunny|Fake Out|p2a: Shuckle
|-resisted|p2a: Shuckle
|-damage|p2a: Shuckle|229\/244
|cant|p2a: Shuckle|flinch
|
|turn|2
|c| TheSkyAboveUs|serp puts in work
|
|switch|p1a: Gothitelle|Gothitelle, F|281\/281
|move|p2a: Shuckle|Sticky Web|p1a: Gothitelle
|-sidestart|p1: ZellJr|move: Sticky Web
|
|turn|3
|
|move|p1a: Gothitelle|Trick|p2a: Shuckle
|-activate|p1a: Gothitelle|move: Trick|[of] p2a: Shuckle
|-item|p2a: Shuckle|Choice Scarf|[from] move: Trick
|-item|p1a: Gothitelle|Mental Herb|[from] move: Trick
|move|p2a: Shuckle|Stealth Rock|p1a: Gothitelle
|-sidestart|p1: ZellJr|move: Stealth Rock
|
|turn|4
|c| u5ev|sticky web animation looks so nasty
|c| TheSkyAboveUs|lol
|c| TheSkyAboveUs|spider man webs
|c|âLadderSoTall|what if i encored there
|
|move|p1a: Gothitelle|Shadow Ball|p2a: Shuckle
|-damage|p2a: Shuckle|194\/244
|move|p2a: Shuckle|Stealth Rock|p1a: Gothitelle
|-fail|p1a: Gothitelle
|
|turn|5
|join|Crackturne
|c| Chillingtilnoon|shadow ball goth
|c| iiiiiiiioioi|lol pitiful spA
|c| Chillingtilnoon|2 stronk
|c| TheSkyAboveUs|what if this was the literally satan set
|
|switch|p1a: Lopunny|Lopunny-Mega, M|271\/271
|-damage|p1a: Lopunny|255\/271|[from] Stealth Rock
|-activate|p1a: Lopunny|move: Sticky Web
|-unboost|p1a: Lopunny|spe|1
|move|p2a: Shuckle|Stealth Rock|p1a: Lopunny
|-fail|p1a: Lopunny
|
|turn|6
|
|move|p1a: Lopunny|Power-Up Punch|p2a: Shuckle
|-damage|p2a: Shuckle|163\/244
|-boost|p1a: Lopunny|atk|1
|move|p2a: Shuckle|Stealth Rock|p1a: Lopunny
|-fail|p1a: Lopunny
|
|turn|7
|c| Reverend|lawlggkthnx
|c| TheSkyAboveUs|its fine its finbe
|c| Reverend|peep this water absorb quagsire
|c| TheSkyAboveUs|ladder came prepared for this
|
|switch|p2a: Quagsire|Quagsire, M|392\/392
|move|p1a: Lopunny|Drain Punch|p2a: Quagsire
|-damage|p2a: Quagsire|281\/392
|-heal|p1a: Lopunny|271\/271|[from] drain|[of] p2a: Quagsire
|
|-heal|p2a: Quagsire|305\/392|[from] item: Leftovers
|turn|8
|c| TheSkyAboveUs|yummy
|c| TheSkyAboveUs|I would run hjk
|
|switch|p1a: Gothitelle|Gothitelle, F|281\/281
|-activate|p1a: Gothitelle|move: Sticky Web
|-unboost|p1a: Gothitelle|spe|1
|-damage|p1a: Gothitelle|246\/281|[from] Stealth Rock
|move|p2a: Quagsire|Toxic|p1a: Gothitelle
|-status|p1a: Gothitelle|tox
|
|-heal|p2a: Quagsire|329\/392|[from] item: Leftovers
|-damage|p1a: Gothitelle|229\/281 tox|[from] psn
|turn|9
|join|grunge is dead
|join|xvr04x
|
|move|p1a: Gothitelle|Shadow Ball|p2a: Quagsire
|-damage|p2a: Quagsire|215\/392
|move|p2a: Quagsire|Recover|p2a: Quagsire
|-heal|p2a: Quagsire|392\/392
|
|-damage|p1a: Gothitelle|195\/281 tox|[from] psn
|turn|10
|c|âLadderSoTall|lel no eball
|c|âLadderSoTall|that was dumb of me
|
|switch|p1a: Wobbuffet|Wobbuffet, F|521\/521
|-activate|p1a: Wobbuffet|move: Sticky Web
|-unboost|p1a: Wobbuffet|spe|1
|-damage|p1a: Wobbuffet|456\/521|[from] Stealth Rock
|move|p2a: Quagsire|Recover|p2a: Quagsire
|-fail|p2a: Quagsire
|
|turn|11
|c| Reverend|trick \/ shadow ball \/ sleep talk imo
|
|move|p2a: Quagsire|Toxic|p1a: Wobbuffet|[miss]
|-miss|p2a: Quagsire|p1a: Wobbuffet
|move|p1a: Wobbuffet|Encore|p2a: Quagsire
|-start|p2a: Quagsire|Encore
|
|turn|12
|c| TheSkyAboveUs|wanna get toxiced?
|c|âLadderSoTall|dont really ever think about eball
|join|l123
|leave|l123
|c|âLadderSoTall|this looks over
|
|switch|p1a: Keldeo|Keldeo|323\/323
|-damage|p1a: Keldeo|303\/323|[from] Stealth Rock
|-activate|p1a: Keldeo|move: Sticky Web
|-unboost|p1a: Keldeo|spe|1
|move|p2a: Quagsire|Toxic|p1a: Keldeo
|-status|p1a: Keldeo|tox
|
|-damage|p1a: Keldeo|283\/323 tox|[from] psn
|turn|13
|c| TheSkyAboveUs|since quag is a prob for ur team put eball on goth
|c|âLadderSoTall|yeah
|
|switch|p2a: Shuckle|Shuckle, M, shiny|163\/244
|move|p1a: Keldeo|Scald|p2a: Shuckle
|-supereffective|p2a: Shuckle
|-damage|p2a: Shuckle|23\/244
|-status|p2a: Shuckle|brn
|
|-damage|p1a: Keldeo|243\/323 tox|[from] psn
|-damage|p2a: Shuckle|0 fnt|[from] brn
|faint|p2a: Shuckle
|c|âLadderSoTall|rood
|c| TheSkyAboveUs|lol
|c|âLadderSoTall|should i go for it?
|c| TheSkyAboveUs|yes plz
|c|âLadderSoTall|okay
|leave|rika and hanyuu
|
|switch|p2a: Serperior|Serperior, M, shiny|292\/292
|turn|14
|c| TheSkyAboveUs|give me ur set so i can calc something
|join|SamuraiSneasel
|
|switch|p1a: Wobbuffet|Wobbuffet, F|456\/521
|-activate|p1a: Wobbuffet|move: Sticky Web
|-unboost|p1a: Wobbuffet|spe|1
|-damage|p1a: Wobbuffet|391\/521|[from] Stealth Rock
|move|p2a: Serperior|Leaf Storm|p1a: Wobbuffet|[miss]
|-miss|p2a: Serperior|p1a: Wobbuffet
|
|turn|15
|c|âLadderSoTall|wow
|c| TheSkyAboveUs|hax doesnt like u
|c|âLadderSoTall|plan b
|
|move|p2a: Serperior|Substitute|p2a: Serperior
|-start|p2a: Serperior|Substitute
|-damage|p2a: Serperior|219\/292
|move|p1a: Wobbuffet|Encore|p2a: Serperior
|-start|p2a: Serperior|Encore
|
|turn|16
|c| SamuraiSneasel|all hail hax satan
|c|âLadderSoTall|..
|c| SamuraiSneasel|nice
|c| TheSkyAboveUs|WHOA
|c| SamuraiSneasel|#plays
|c|âLadderSoTall|nice mirror coat
|c| TheSkyAboveUs|was he in the last battle?
|leave|PhobiaBB
|leave|u5ev
|c|âLadderSoTall|prob lol
|join|RedKingAlmighty
|
|switch|p1a: Lopunny|Lopunny-Mega, M|271\/271
|-activate|p1a: Lopunny|move: Sticky Web
|-unboost|p1a: Lopunny|spe|1
|-damage|p1a: Lopunny|255\/271|[from] Stealth Rock
|move|p2a: Serperior|Substitute|p2a: Serperior
|-fail|p2a: Serperior|move: Substitute
|
|turn|17
|c| SamuraiSneasel|I mean it can't drop your HP again though
|c| SamuraiSneasel|at least
|
|move|p2a: Serperior|Substitute|p2a: Serperior
|-fail|p2a: Serperior|move: Substitute
|move|p1a: Lopunny|Return|p2a: Serperior
|-end|p2a: Serperior|Substitute
|
|turn|18
|leave|RedKingAlmighty
|join|fatd
|
|move|p2a: Serperior|Substitute|p2a: Serperior
|-start|p2a: Serperior|Substitute
|-damage|p2a: Serperior|146\/292
|move|p1a: Lopunny|Return|p2a: Serperior
|-end|p2a: Serperior|Substitute
|
|-end|p2a: Serperior|Encore
|turn|19
|c| SamuraiSneasel|serperior's fast as fuck
|
|switch|p2a: Quagsire|Quagsire, M|392\/392
|move|p1a: Lopunny|Return|p2a: Quagsire
|-damage|p2a: Quagsire|253\/392
|
|-heal|p2a: Quagsire|277\/392|[from] item: Leftovers
|turn|20
|c| TheSkyAboveUs|its just 113
|c| SamuraiSneasel|base 113
|c| SamuraiSneasel|still
|c| SamuraiSneasel|considering base 110 is fast
|
|switch|p1a: Keldeo|Keldeo|243\/323 tox
|-activate|p1a: Keldeo|move: Sticky Web
|-unboost|p1a: Keldeo|spe|1
|-damage|p1a: Keldeo|223\/323 tox|[from] Stealth Rock
|move|p2a: Quagsire|Recover|p2a: Quagsire
|-heal|p2a: Quagsire|392\/392
|
|-damage|p1a: Keldeo|203\/323 tox|[from] psn
|turn|21
|c| SamuraiSneasel|ok, so maybe "fast as fuck" is overstating it
|c| SamuraiSneasel|but you get the idea
|
|move|p1a: Keldeo|Scald|p2a: Quagsire
|-damage|p2a: Quagsire|193\/392
|move|p2a: Quagsire|Earthquake|p1a: Keldeo
|-damage|p1a: Keldeo|100\/323 tox
|
|-heal|p2a: Quagsire|217\/392|[from] item: Leftovers
|-damage|p1a: Keldeo|60\/323 tox|[from] psn
|turn|22
|join|the412gang
|
|switch|p1a: Gothitelle|Gothitelle, F|195\/281 tox
|-damage|p1a: Gothitelle|160\/281 tox|[from] Stealth Rock
|-activate|p1a: Gothitelle|move: Sticky Web
|-unboost|p1a: Gothitelle|spe|1
|move|p2a: Quagsire|Recover|p2a: Quagsire
|-heal|p2a: Quagsire|392\/392
|
|-damage|p1a: Gothitelle|143\/281 tox|[from] psn
|turn|23
|c| SamuraiSneasel|enerGG ball
|
|move|p1a: Gothitelle|Shadow Ball|p2a: Quagsire
|-crit|p2a: Quagsire
|-damage|p2a: Quagsire|215\/392
|move|p2a: Quagsire|Earthquake|p1a: Gothitelle
|-crit|p1a: Gothitelle
|-damage|p1a: Gothitelle|0 fnt
|faint|p1a: Gothitelle
|
|-heal|p2a: Quagsire|239\/392|[from] item: Leftovers
|leave|the412gang
|leave|fatd
|
|switch|p1a: Keldeo|Keldeo|60\/323 tox
|-activate|p1a: Keldeo|move: Sticky Web
|-unboost|p1a: Keldeo|spe|1
|-damage|p1a: Keldeo|40\/323 tox|[from] Stealth Rock
|turn|24
|c| TheSkyAboveUs|crit for crit
|
|move|p1a: Keldeo|Hydro Pump|p2a: Quagsire|[miss]
|-miss|p1a: Keldeo|p2a: Quagsire
|move|p2a: Quagsire|Recover|p2a: Quagsire
|-heal|p2a: Quagsire|392\/392
|
|-damage|p1a: Keldeo|20\/323 tox|[from] psn
|turn|25
|c| TheSkyAboveUs|LOL
|
|move|p1a: Keldeo|Hydro Pump|p2a: Quagsire|[miss]
|-miss|p1a: Keldeo|p2a: Quagsire
|move|p2a: Quagsire|Recover|p2a: Quagsire
|-fail|p2a: Quagsire
|
|-damage|p1a: Keldeo|0 fnt|[from] psn
|faint|p1a: Keldeo
|c| TheSkyAboveUs|LOL
|c| TheSkyAboveUs|LOL
|c| TheSkyAboveUs|LOL
|c|âLadderSoTall|byby
|c| TheSkyAboveUs|LOL
|c| TheSkyAboveUs|LOL
|c| TheSkyAboveUs|LOL
|leave|Crackturne
|c|âLadderSoTall|lol
|c| SamuraiSneasel|where you at
|
|switch|p1a: Lopunny|Lopunny-Mega, M|255\/271
|-damage|p1a: Lopunny|239\/271|[from] Stealth Rock
|-activate|p1a: Lopunny|move: Sticky Web
|-unboost|p1a: Lopunny|spe|1
|turn|26
|
|move|p1a: Lopunny|Fake Out|p2a: Quagsire
|-damage|p2a: Quagsire|332\/392
|cant|p2a: Quagsire|flinch
|
|-heal|p2a: Quagsire|356\/392|[from] item: Leftovers
|turn|27
|
|move|p1a: Lopunny|Return|p2a: Quagsire
|-damage|p2a: Quagsire|217\/392
|move|p2a: Quagsire|Scald|p1a: Lopunny
|-damage|p1a: Lopunny|167\/271
|
|-heal|p2a: Quagsire|241\/392|[from] item: Leftovers
|turn|28
|
|move|p1a: Lopunny|Return|p2a: Quagsire
|-damage|p2a: Quagsire|85\/392
|move|p2a: Quagsire|Recover|p2a: Quagsire
|-heal|p2a: Quagsire|281\/392
|
|-heal|p2a: Quagsire|305\/392|[from] item: Leftovers
|turn|29
|leave|grunge is dead
|
|move|p1a: Lopunny|Return|p2a: Quagsire
|-damage|p2a: Quagsire|163\/392
|move|p2a: Quagsire|Recover|p2a: Quagsire
|-heal|p2a: Quagsire|359\/392
|
|-heal|p2a: Quagsire|383\/392|[from] item: Leftovers
|turn|30
|
|move|p1a: Lopunny|Return|p2a: Quagsire
|-damage|p2a: Quagsire|242\/392
|move|p2a: Quagsire|Scald|p1a: Lopunny
|-crit|p1a: Lopunny
|-damage|p1a: Lopunny|65\/271
|
|-heal|p2a: Quagsire|266\/392|[from] item: Leftovers
|turn|31
|c| SamuraiSneasel|burn time
|c| SamuraiSneasel|that works too
|
|move|p1a: Lopunny|Return|p2a: Quagsire
|-damage|p2a: Quagsire|121\/392
|move|p2a: Quagsire|Recover|p2a: Quagsire
|-heal|p2a: Quagsire|317\/392
|
|-heal|p2a: Quagsire|341\/392|[from] item: Leftovers
|turn|32
|c| TheSkyAboveUs|quag so bulky
|
|move|p1a: Lopunny|Drain Punch|p2a: Quagsire
|-crit|p2a: Quagsire
|-damage|p2a: Quagsire|181\/392
|-heal|p1a: Lopunny|145\/271|[from] drain|[of] p2a: Quagsire
|move|p2a: Quagsire|Recover|p2a: Quagsire
|-heal|p2a: Quagsire|377\/392
|
|-heal|p2a: Quagsire|392\/392|[from] item: Leftovers
|turn|33
|
|move|p1a: Lopunny|Return|p2a: Quagsire
|-damage|p2a: Quagsire|241\/392
|move|p2a: Quagsire|Scald|p1a: Lopunny
|-damage|p1a: Lopunny|79\/271
|
|-heal|p2a: Quagsire|265\/392|[from] item: Leftovers
|turn|34
|
|switch|p1a: Garchomp|Garchomp, M|358\/358
|-damage|p1a: Garchomp|336\/358|[from] Stealth Rock
|-activate|p1a: Garchomp|move: Sticky Web
|-unboost|p1a: Garchomp|spe|1
|move|p2a: Quagsire|Recover|p2a: Quagsire
|-heal|p2a: Quagsire|392\/392
|
|turn|35
|
|move|p1a: Garchomp|Fire Blast|p2a: Quagsire
|-resisted|p2a: Quagsire
|-damage|p2a: Quagsire|337\/392
|move|p2a: Quagsire|Scald|p1a: Garchomp
|-damage|p1a: Garchomp|251\/358
|
|-heal|p2a: Quagsire|361\/392|[from] item: Leftovers
|turn|36
|c| SamuraiSneasel|quag's not as bulky as porygon2 tho
|leave|Chillingtilnoon
|
|move|p1a: Garchomp|Fire Blast|p2a: Quagsire
|-resisted|p2a: Quagsire
|-damage|p2a: Quagsire|306\/392
|move|p2a: Quagsire|Scald|p1a: Garchomp
|-damage|p1a: Garchomp|167\/358
|
|-heal|p2a: Quagsire|330\/392|[from] item: Leftovers
|turn|37
|c| SamuraiSneasel|p2 is god tier
|c| TheSkyAboveUs|ikr
|
|move|p1a: Garchomp|Fire Blast|p2a: Quagsire
|-resisted|p2a: Quagsire
|-damage|p2a: Quagsire|281\/392
|move|p2a: Quagsire|Scald|p1a: Garchomp
|-damage|p1a: Garchomp|77\/358
|
|-heal|p2a: Quagsire|305\/392|[from] item: Leftovers
|turn|38
|c| SamuraiSneasel|it's more of a mixed blissey
|c| SamuraiSneasel|main downside is the lack of team support it provides
|
|move|p1a: Garchomp|Fire Blast|p2a: Quagsire
|-resisted|p2a: Quagsire
|-damage|p2a: Quagsire|253\/392
|move|p2a: Quagsire|Recover|p2a: Quagsire
|-heal|p2a: Quagsire|392\/392
|
|turn|39
|c| SamuraiSneasel|since it doesn't have wish\/heal bell
|c| TheSkyAboveUs|its only 10%
|
|move|p1a: Garchomp|Fire Blast|p2a: Quagsire
|-crit|p2a: Quagsire
|-resisted|p2a: Quagsire
|-damage|p2a: Quagsire|310\/392
|move|p2a: Quagsire|Scald|p1a: Garchomp
|-damage|p1a: Garchomp|0 fnt
|faint|p1a: Garchomp
|
|-heal|p2a: Quagsire|334\/392|[from] item: Leftovers
|
|switch|p1a: Lopunny|Lopunny-Mega, M|79\/271
|-activate|p1a: Lopunny|move: Sticky Web
|-unboost|p1a: Lopunny|spe|1
|-damage|p1a: Lopunny|63\/271|[from] Stealth Rock
|turn|40
|
|move|p1a: Lopunny|Fake Out|p2a: Quagsire
|-damage|p2a: Quagsire|276\/392
|cant|p2a: Quagsire|flinch
|
|-heal|p2a: Quagsire|300\/392|[from] item: Leftovers
|turn|41
|c| SamuraiSneasel|quagsire sweep 2k15
|
|switch|p1a: Wobbuffet|Wobbuffet, F|391\/521
|-damage|p1a: Wobbuffet|326\/521|[from] Stealth Rock
|-activate|p1a: Wobbuffet|move: Sticky Web
|-unboost|p1a: Wobbuffet|spe|1
|move|p2a: Quagsire|Recover|p2a: Quagsire
|-heal|p2a: Quagsire|392\/392
|
|turn|42
|
|move|p2a: Quagsire|Toxic|p1a: Wobbuffet
|-status|p1a: Wobbuffet|tox
|move|p1a: Wobbuffet|Encore|p2a: Quagsire
|-start|p2a: Quagsire|Encore
|
|-damage|p1a: Wobbuffet|294\/521 tox|[from] psn
|turn|43
|c| TheSkyAboveUs|lol
|join|deltaleader841
|
|switch|p1a: Lopunny|Lopunny-Mega, M|63\/271
|-activate|p1a: Lopunny|move: Sticky Web
|-unboost|p1a: Lopunny|spe|1
|-damage|p1a: Lopunny|47\/271|[from] Stealth Rock
|move|p2a: Quagsire|Toxic|p1a: Lopunny
|-status|p1a: Lopunny|tox
|
|-damage|p1a: Lopunny|31\/271 tox|[from] psn
|turn|44
|c| SamuraiSneasel|u can't stop the quag
|c| TheSkyAboveUs|now hes choking
|c| SamuraiSneasel|SIR quagsire
|
|move|p1a: Lopunny|Return|p2a: Quagsire
|-damage|p2a: Quagsire|239\/392
|move|p2a: Quagsire|Toxic|p1a: Lopunny
|-fail|p1a: Lopunny|tox
|
|-heal|p2a: Quagsire|263\/392|[from] item: Leftovers
|-damage|p1a: Lopunny|0 fnt|[from] psn
|faint|p1a: Lopunny
|leave|deltaleader841
|c| SamuraiSneasel|damn
|c| SamuraiSneasel|shoulda drain punched
|
|switch|p1a: Slurpuff|Slurpuff, M|306\/306
|-activate|p1a: Slurpuff|move: Sticky Web
|-unboost|p1a: Slurpuff|spe|1
|-damage|p1a: Slurpuff|268\/306|[from] Stealth Rock
|turn|45
|c| SamuraiSneasel|aw shit here's the belly drum unburden
|
|move|p1a: Slurpuff|Play Rough|p2a: Quagsire
|-damage|p2a: Quagsire|154\/392
|move|p2a: Quagsire|Toxic|p1a: Slurpuff
|-status|p1a: Slurpuff|tox
|
|-heal|p2a: Quagsire|178\/392|[from] item: Leftovers
|-damage|p1a: Slurpuff|249\/306 tox|[from] psn
|-end|p2a: Quagsire|Encore
|turn|46
|c| SamuraiSneasel|???
|
|switch|p1a: Wobbuffet|Wobbuffet, F|294\/521 tox
|-activate|p1a: Wobbuffet|move: Sticky Web
|-unboost|p1a: Wobbuffet|spe|1
|-damage|p1a: Wobbuffet|229\/521 tox|[from] Stealth Rock
|-enditem|p1a: Wobbuffet|Sitrus Berry|[eat]
|-heal|p1a: Wobbuffet|359\/521 tox|[from] item: Sitrus Berry
|move|p2a: Quagsire|Recover|p2a: Quagsire
|-heal|p2a: Quagsire|374\/392
|
|-heal|p2a: Quagsire|392\/392|[from] item: Leftovers
|-damage|p1a: Wobbuffet|327\/521 tox|[from] psn
|turn|47
|c| SamuraiSneasel|what are plays
|leave|iiiiiiiioioi
|c| TheSkyAboveUs|Zell i think its useless to continue
|
|move|p2a: Quagsire|Toxic|p1a: Wobbuffet
|-fail|p1a: Wobbuffet|tox
|move|p1a: Wobbuffet|Encore|p2a: Quagsire
|-start|p2a: Quagsire|Encore
|
|-damage|p1a: Wobbuffet|263\/521 tox|[from] psn
|turn|48
|
|switch|p1a: Slurpuff|Slurpuff, M|249\/306 tox
|-damage|p1a: Slurpuff|211\/306 tox|[from] Stealth Rock
|-activate|p1a: Slurpuff|move: Sticky Web
|-unboost|p1a: Slurpuff|spe|1
|move|p2a: Quagsire|Toxic|p1a: Slurpuff
|-fail|p1a: Slurpuff|tox
|
|-damage|p1a: Slurpuff|192\/306 tox|[from] psn
|turn|49
|c| SamuraiSneasel|file ``plays.txt`` not found
|
|move|p1a: Slurpuff|Play Rough|p2a: Quagsire
|-damage|p2a: Quagsire|293\/392
|move|p2a: Quagsire|Toxic|p1a: Slurpuff
|-fail|p1a: Slurpuff|tox
|
|-heal|p2a: Quagsire|317\/392|[from] item: Leftovers
|-damage|p1a: Slurpuff|154\/306 tox|[from] psn
|turn|50
|
|move|p1a: Slurpuff|Play Rough|p2a: Quagsire
|-crit|p2a: Quagsire
|-damage|p2a: Quagsire|158\/392
|move|p2a: Quagsire|Toxic|p1a: Slurpuff
|-fail|p1a: Slurpuff|tox
|
|-heal|p2a: Quagsire|182\/392|[from] item: Leftovers
|-damage|p1a: Slurpuff|97\/306 tox|[from] psn
|-end|p2a: Quagsire|Encore
|-enditem|p1a: Slurpuff|Sitrus Berry|[eat]
|-heal|p1a: Slurpuff|173\/306 tox|[from] item: Sitrus Berry
|turn|51
|c| SamuraiSneasel|\/\/the unburden is here\/\/
|c| SamuraiSneasel|\\wait\\
|
|move|p1a: Slurpuff|Play Rough|p2a: Quagsire
|-damage|p2a: Quagsire|89\/392
|move|p2a: Quagsire|Earthquake|p1a: Slurpuff
|-damage|p1a: Slurpuff|55\/306 tox
|
|-heal|p2a: Quagsire|113\/392|[from] item: Leftovers
|-damage|p1a: Slurpuff|0 fnt|[from] psn
|faint|p1a: Slurpuff
|c| SamuraiSneasel|shit, how do you do italics again?
|
|switch|p1a: Wobbuffet|Wobbuffet, F|263\/521 tox
|-damage|p1a: Wobbuffet|198\/521 tox|[from] Stealth Rock
|-activate|p1a: Wobbuffet|move: Sticky Web
|-unboost|p1a: Wobbuffet|spe|1
|turn|52
|c|âLadderSoTall|hey gg
|c| SamuraiSneasel|||is it this||
|c| SamuraiSneasel|no
|
|move|p2a: Quagsire|Earthquake|p1a: Wobbuffet
|-damage|p1a: Wobbuffet|83\/521 tox
|move|p1a: Wobbuffet|Encore|p2a: Quagsire
|-start|p2a: Quagsire|Encore
|
|-heal|p2a: Quagsire|137\/392|[from] item: Leftovers
|-damage|p1a: Wobbuffet|51\/521 tox|[from] psn
|turn|53
|c| SamuraiSneasel|**this is bold**
|c| TheSkyAboveUs|**yes**
|c| SamuraiSneasel|^^right^^
|c| SamuraiSneasel|no
|
|move|p2a: Quagsire|Earthquake|p1a: Wobbuffet
|-damage|p1a: Wobbuffet|0 fnt
|faint|p1a: Wobbuffet
|
|win|LadderSoTall
|c| Reverend|*calm*
|leave|ZellJr
|c| Reverend|fuck
|leave|LadderSoTall
|leave|TheSkyAboveUs