|join|LadderSoTall
|join|TFL
|player|p1|LadderSoTall|4
|player|p2|TFL|263
|gametype|singles
|gen|6
|tier|OU
|clearpoke
|poke|p1|Politoed, M
|poke|p1|Swampert, M
|poke|p1|Kyurem-Black
|poke|p1|Tornadus-Therian, M, shiny
|poke|p1|Thundurus, M, shiny
|poke|p1|Ferrothorn, M
|poke|p2|Seismitoad, M
|poke|p2|Latias, F
|poke|p2|Amoonguss, M
|poke|p2|Pinsir, M
|poke|p2|Magnezone
|poke|p2|Tyranitar, M
|rule|Swagger Clause: Swagger is banned
|rule|Baton Pass Clause: Limit one PokÃ©mon knowing Baton Pass
|rule|Sleep Clause Mod: Limit one foe put to sleep
|rule|Species Clause: Limit one of each PokÃ©mon
|rule|OHKO Clause: OHKO moves are banned
|rule|Moody Clause: Moody is banned
|rule|Evasion Moves Clause: Evasion moves are banned
|rule|Endless Battle Clause: Forcing endless battles is banned
|rule|HP Percentage Mod: HP is shown in percentages
|teampreview
|join|Specs Fake-Out
|c|âLadderSoTall|oh shit lol
|c|âTFL|heh
|c|âLadderSoTall|what does seismitoad do lol
|c|âTFL|its good
|c|âLadderSoTall|!data seismitoad
|c|~|\/data-pokemon Seismitoad

|c|âLadderSoTall|water absorb ._.
|
|start
|switch|p1a: Tornadus-Therian|Tornadus-Therian, M, shiny|299\/299
|switch|p2a: Pinsir|Pinsir, M|271\/271
|turn|1
|join|Rektosaurus
|
|switch|p2a: Magnezone|Magnezone|322\/322
|move|p1a: Tornadus-Therian|Heat Wave|p2a: Magnezone
|-supereffective|p2a: Magnezone
|-damage|p2a: Magnezone|13\/322
|-damage|p1a: Tornadus-Therian|270\/299|[from] item: Life Orb
|
|turn|2
|
|switch|p2a: Seismitoad|Seismitoad, M|414\/414
|move|p1a: Tornadus-Therian|Knock Off|p2a: Seismitoad
|-damage|p2a: Seismitoad|324\/414
|-enditem|p2a: Seismitoad|Leftovers|[from] move: Knock Off|[of] p1a: Tornadus-Therian
|-damage|p1a: Tornadus-Therian|241\/299|[from] item: Life Orb
|
|turn|3
|c| Rektosaurus|scarf
|c| Rektosaurus|or specs
|c| Rektosaurus|?
|c|âTFL|neither. that thing dumps on my team
|
|switch|p1a: Ferrothorn|Ferrothorn, M|352\/352
|move|p2a: Seismitoad|Scald|p1a: Ferrothorn
|-resisted|p1a: Ferrothorn
|-damage|p1a: Ferrothorn|314\/352
|
|-heal|p1a: Ferrothorn|336\/352|[from] item: Leftovers
|turn|4
|
|move|p2a: Seismitoad|Scald|p1a: Ferrothorn
|-resisted|p1a: Ferrothorn
|-damage|p1a: Ferrothorn|297\/352
|move|p1a: Ferrothorn|Stealth Rock|p2a: Seismitoad
|-sidestart|p2: TFL|move: Stealth Rock
|
|-heal|p1a: Ferrothorn|319\/352|[from] item: Leftovers
|turn|5
|c| Rektosaurus|no burn 4 u
|c|âLadderSoTall|top tryna burn meh
|c|âLadderSoTall|stop
|
|switch|p2a: Latias|Latias, F|319\/319
|-damage|p2a: Latias|280\/319|[from] Stealth Rock
|move|p1a: Ferrothorn|Leech Seed|p2a: Latias
|-start|p2a: Latias|move: Leech Seed
|
|-heal|p1a: Ferrothorn|341\/352|[from] item: Leftovers
|-damage|p2a: Latias|241\/319|[from] Leech Seed|[of] p1a: Ferrothorn
|-heal|p1a: Ferrothorn|352\/352|[silent]
|turn|6
|c|âTFL|im lagging sooo hard
|c| Rektosaurus|>its lags fault
|
|move|p2a: Latias|Defog|p1a: Ferrothorn
|-unboost|p1a: Ferrothorn|evasion|1
|-sideend|p2: TFL|Stealth Rock|[from] move: Defog|[of] p2a: Latias
|move|p1a: Ferrothorn|Gyro Ball|p2a: Latias
|-damage|p2a: Latias|31\/319
|
|-damage|p2a: Latias|0 fnt|[from] Leech Seed|[of] p1a: Ferrothorn
|faint|p2a: Latias
|
|switch|p2a: Magnezone|Magnezone|13\/322
|turn|7
|raw|<div class="broadcast-red"><b>Moderated chat was set to +!<\/b><br \/>Only users of rank + and higher can talk.<\/div>
|
|move|p2a: Magnezone|Hidden Power|p1a: Ferrothorn
|-supereffective|p1a: Ferrothorn
|-damage|p1a: Ferrothorn|64\/352
|move|p1a: Ferrothorn|Gyro Ball|p2a: Magnezone
|-resisted|p2a: Magnezone
|-damage|p2a: Magnezone|0 fnt
|faint|p2a: Magnezone
|
|-heal|p1a: Ferrothorn|86\/352|[from] item: Leftovers
|c|âLadderSoTall|was that scarf
|c|âTFL|thought i said it wasnt
|join|lukE n bad
|join|garbos
|join|qwerty9090
|join|Speed Blaziken
|
|switch|p2a: Pinsir|Pinsir, M|271\/271
|turn|8
|c|âLadderSoTall|specs then?
|join|Sethsteva
|join|troller67890
|c|âTFL|thought i said no .-.
|c|âLadderSoTall|oh soz ;~;
|
|detailschange|p2a: Pinsir|Pinsir-Mega, M
|-mega|p2a: Pinsir|Pinsir|Pinsirite
|move|p2a: Pinsir|Return|p1a: Ferrothorn
|-damage|p1a: Ferrothorn|0 fnt
|-damage|p2a: Pinsir|238\/271|[from] ability: Iron Barbs|[of] p1a: Ferrothorn
|faint|p1a: Ferrothorn
|
|c|âTFL|its iron plate mag
|leave|lukE n bad
|
|switch|p1a: Thundurus|Thundurus, M, shiny|299\/299
|turn|9
|join|yuruuu
|c|âLadderSoTall|o.o
|c|âTFL|psych up + iron plate beats cm sable
|
|switch|p2a: Amoonguss|Amoonguss, M|432\/432
|move|p1a: Thundurus|Thunderbolt|p2a: Amoonguss
|-resisted|p2a: Amoonguss
|-damage|p2a: Amoonguss|311\/432
|-damage|p1a: Thundurus|270\/299|[from] item: Life Orb
|
|-heal|p2a: Amoonguss|338\/432|[from] item: Black Sludge
|turn|10
|join|EatAtJoes
|
|move|p1a: Thundurus|Hidden Power|p2a: Amoonguss
|-supereffective|p2a: Amoonguss
|-damage|p2a: Amoonguss|130\/432
|-damage|p1a: Thundurus|241\/299|[from] item: Life Orb
|move|p2a: Amoonguss|Spore|p1a: Thundurus
|-status|p1a: Thundurus|slp
|
|-heal|p2a: Amoonguss|157\/432|[from] item: Black Sludge
|turn|11
|
|switch|p2a: Tyranitar|Tyranitar, M|342\/342
|-weather|Sandstorm
|cant|p1a: Thundurus|slp
|
|-weather|Sandstorm|[upkeep]
|-damage|p1a: Thundurus|223\/299 slp|[from] Sandstorm
|turn|12
|
|move|p2a: Tyranitar|Crunch|p1a: Thundurus
|-damage|p1a: Thundurus|13\/299 slp
|-unboost|p1a: Thundurus|def|1
|-boost|p1a: Thundurus|atk|2|[from] ability: Defiant
|-curestatus|p1a: Thundurus|slp
|move|p1a: Thundurus|Superpower|p2a: Tyranitar
|-supereffective|p2a: Tyranitar
|-damage|p2a: Tyranitar|0 fnt
|-unboost|p1a: Thundurus|atk|1
|-unboost|p1a: Thundurus|def|1
|-damage|p1a: Thundurus|0 fnt|[from] item: Life Orb
|faint|p2a: Tyranitar
|faint|p1a: Thundurus
|
|-weather|Sandstorm|[upkeep]
|c|âLadderSoTall|lel
|c|âTFL|lol
|c|âLadderSoTall|scarf is tricky
|c|âTFL|if only it was good
|leave|troller67890
|
|switch|p2a: Pinsir|Pinsir-Mega, M|238\/271
|switch|p1a: Politoed|Politoed, M|384\/384
|-weather|RainDance
|turn|13
|
|move|p2a: Pinsir|Swords Dance|p2a: Pinsir
|-boost|p2a: Pinsir|atk|2
|move|p1a: Politoed|Scald|p2a: Pinsir
|-damage|p2a: Pinsir|64\/271
|
|-weather|RainDance|[upkeep]
|turn|14
|join|breloominati420
|join|HTAG
|c|âLadderSoTall|well shit
|join|LudinFaced
|join|FirstClassGent
|join|yoloisanolo
|c|âTFL|gimme dat free kill
|
|move|p2a: Pinsir|Return|p1a: Politoed
|-damage|p1a: Politoed|0 fnt
|faint|p1a: Politoed
|
|-weather|RainDance|[upkeep]
|join|Just A Bear
|join|RegisterThis8==>
|join|FirusDR
|leave|qwerty9090
|c|âLadderSoTall|this better live
|
|switch|p1a: Tornadus-Therian|Tornadus-Therian, M, shiny|299\/299
|turn|15
|c|âTFL|awww
|-message|TFL forfeited.
|c|âLadderSoTall|?
|
|win|LadderSoTall
|c|âTFL|i dont run quick attack
|c|âLadderSoTall|o.o
|leave|HTAG
|c|âTFL|:)
|leave|yuruuu
|c|âTFL|jeejee
|c|âLadderSoTall|gg ;]
|leave|TFL
|leave|LudinFaced
|leave|RegisterThis8==>
|leave|FirusDR
|player|p2