|join|LadderSoTall
|join|Red's Charizard
|player|p1|LadderSoTall|120
|player|p2|Red's Charizard|163
|gametype|singles
|gen|6
|tier|OU (suspect test)
|rated
|clearpoke
|poke|p1|Metagross, shiny
|poke|p1|Rotom-Wash
|poke|p1|Landorus-Therian, M
|poke|p1|Magnezone, shiny
|poke|p1|Gothitelle, M, shiny
|poke|p1|Clefable, M
|poke|p2|Crawdaunt, F
|poke|p2|Venusaur, M
|poke|p2|Heatran, F
|poke|p2|Landorus-Therian, M
|poke|p2|Raikou
|poke|p2|Latios, M
|rule|Swagger Clause: Swagger is banned
|rule|Baton Pass Clause: Limit one PokÃ©mon knowing Baton Pass
|rule|Sleep Clause Mod: Limit one foe put to sleep
|rule|Species Clause: Limit one of each PokÃ©mon
|rule|OHKO Clause: OHKO moves are banned
|rule|Moody Clause: Moody is banned
|rule|Evasion Moves Clause: Evasion moves are banned
|rule|Endless Battle Clause: Forcing endless battles is banned
|rule|HP Percentage Mod: HP is shown in percentages
|teampreview
|
|start
|switch|p1a: Landorus-Therian|Landorus-Therian, M|382\/382
|switch|p2a: Landorus-Therian|Landorus-Therian, M|319\/319
|-ability|p2a: Landorus-Therian|Intimidate|[of] p1a: Landorus-Therian
|-unboost|p1a: Landorus-Therian|atk|1
|-ability|p1a: Landorus-Therian|Intimidate|[of] p2a: Landorus-Therian
|-unboost|p2a: Landorus-Therian|atk|1
|turn|1
|
|move|p2a: Landorus-Therian|Knock Off|p1a: Landorus-Therian
|-damage|p1a: Landorus-Therian|290\/382
|-enditem|p1a: Landorus-Therian|Leftovers|[from] move: Knock Off|[of] p2a: Landorus-Therian
|move|p1a: Landorus-Therian|Stealth Rock|p2a: Landorus-Therian
|-sidestart|p2: Red's Charizard|move: Stealth Rock
|
|turn|2
|
|switch|p2a: Venusaur|Venusaur, M|364\/364
|-damage|p2a: Venusaur|319\/364|[from] Stealth Rock
|move|p1a: Landorus-Therian|U-turn|p2a: Venusaur
|-damage|p2a: Venusaur|265\/364
|
|switch|p1a: Gothitelle|Gothitelle, M, shiny|282\/282
|
|turn|3
|
|detailschange|p2a: Venusaur|Venusaur-Mega, M
|-mega|p2a: Venusaur|Venusaur|Venusaurite
|move|p1a: Gothitelle|Psychic|p2a: Venusaur
|-supereffective|p2a: Venusaur
|-damage|p2a: Venusaur|47\/364
|-unboost|p2a: Venusaur|spd|1
|move|p2a: Venusaur|Sludge Bomb|p1a: Gothitelle
|-damage|p1a: Gothitelle|161\/282
|
|turn|4
|
|move|p1a: Gothitelle|Psychic|p2a: Venusaur
|-supereffective|p2a: Venusaur
|-damage|p2a: Venusaur|0 fnt
|faint|p2a: Venusaur
|
|
|switch|p2a: Crawdaunt|Crawdaunt, F|268\/268
|-damage|p2a: Crawdaunt|235\/268|[from] Stealth Rock
|turn|5
|
|switch|p1a: Clefable|Clefable, M|394\/394
|move|p2a: Crawdaunt|Knock Off|p1a: Clefable
|-resisted|p1a: Clefable
|-damage|p1a: Clefable|232\/394
|-enditem|p1a: Clefable|Leftovers|[from] move: Knock Off|[of] p2a: Crawdaunt
|-damage|p2a: Crawdaunt|209\/268|[from] item: Life Orb
|
|turn|6
|
|move|p2a: Crawdaunt|Crabhammer|p1a: Clefable
|-crit|p1a: Clefable
|-damage|p1a: Clefable|0 fnt
|-damage|p2a: Crawdaunt|183\/268|[from] item: Life Orb
|faint|p1a: Clefable
|
|
|switch|p1a: Rotom-Wash|Rotom-Wash|304\/304
|turn|7
|
|switch|p2a: Landorus-Therian|Landorus-Therian, M|319\/319
|-damage|p2a: Landorus-Therian|280\/319|[from] Stealth Rock
|-ability|p2a: Landorus-Therian|Intimidate|[of] p1a: Rotom-Wash
|-unboost|p1a: Rotom-Wash|atk|1
|move|p1a: Rotom-Wash|Volt Switch|p2a: Landorus-Therian
|-immune|p2a: Landorus-Therian|[msg]
|
|turn|8
|
|move|p2a: Landorus-Therian|U-turn|p1a: Rotom-Wash
|-damage|p1a: Rotom-Wash|232\/304
|
|switch|p2a: Latios|Latios, M|301\/301
|-damage|p2a: Latios|264\/301|[from] Stealth Rock
|move|p1a: Rotom-Wash|Will-O-Wisp|p2a: Latios
|-status|p2a: Latios|brn
|
|-heal|p1a: Rotom-Wash|251\/304|[from] item: Leftovers
|-damage|p2a: Latios|227\/301 brn|[from] brn
|turn|9
|
|switch|p1a: Magnezone|Magnezone, shiny|282\/282
|move|p2a: Latios|Defog|p1a: Magnezone
|-unboost|p1a: Magnezone|evasion|1
|-sideend|p2: Red's Charizard|Stealth Rock|[from] move: Defog|[of] p2a: Latios
|
|-damage|p2a: Latios|190\/301 brn|[from] brn
|turn|10
|
|switch|p2a: Landorus-Therian|Landorus-Therian, M|280\/319
|-ability|p2a: Landorus-Therian|Intimidate|[of] p1a: Magnezone
|-unboost|p1a: Magnezone|atk|1
|move|p1a: Magnezone|Volt Switch|p2a: Landorus-Therian
|-immune|p2a: Landorus-Therian|[msg]
|
|turn|11
|
|switch|p1a: Landorus-Therian|Landorus-Therian, M|290\/382
|-ability|p1a: Landorus-Therian|Intimidate|[of] p2a: Landorus-Therian
|-unboost|p2a: Landorus-Therian|atk|1
|move|p2a: Landorus-Therian|Knock Off|p1a: Landorus-Therian
|-damage|p1a: Landorus-Therian|228\/382
|
|turn|12
|
|switch|p2a: Crawdaunt|Crawdaunt, F|183\/268
|move|p1a: Landorus-Therian|Stealth Rock|p2a: Crawdaunt
|-sidestart|p2: Red's Charizard|move: Stealth Rock
|
|turn|13
|
|switch|p1a: Rotom-Wash|Rotom-Wash|251\/304
|move|p2a: Crawdaunt|Knock Off|p1a: Rotom-Wash
|-damage|p1a: Rotom-Wash|22\/304
|-enditem|p1a: Rotom-Wash|Leftovers|[from] move: Knock Off|[of] p2a: Crawdaunt
|-damage|p2a: Crawdaunt|157\/268|[from] item: Life Orb
|
|turn|14
|
|move|p2a: Crawdaunt|Aqua Jet|p1a: Rotom-Wash
|-resisted|p1a: Rotom-Wash
|-damage|p1a: Rotom-Wash|0 fnt
|-damage|p2a: Crawdaunt|131\/268|[from] item: Life Orb
|faint|p1a: Rotom-Wash
|
|
|switch|p1a: Gothitelle|Gothitelle, M, shiny|161\/282
|turn|15
|
|move|p2a: Crawdaunt|Aqua Jet|p1a: Gothitelle
|-damage|p1a: Gothitelle|13\/282
|-damage|p2a: Crawdaunt|105\/268|[from] item: Life Orb
|move|p1a: Gothitelle|Thunderbolt|p2a: Crawdaunt
|-supereffective|p2a: Crawdaunt
|-damage|p2a: Crawdaunt|0 fnt
|faint|p2a: Crawdaunt
|
|
|switch|p2a: Latios|Latios, M|190\/301 brn
|-damage|p2a: Latios|153\/301 brn|[from] Stealth Rock
|turn|16
|
|move|p1a: Gothitelle|Thunderbolt|p2a: Latios
|-resisted|p2a: Latios
|-damage|p2a: Latios|116\/301 brn
|move|p2a: Latios|Defog|p1a: Gothitelle
|-unboost|p1a: Gothitelle|evasion|1
|-sideend|p2: Red's Charizard|Stealth Rock|[from] move: Defog|[of] p2a: Latios
|
|-damage|p2a: Latios|79\/301 brn|[from] brn
|turn|17
|
|move|p1a: Gothitelle|Thunderbolt|p2a: Latios
|-resisted|p2a: Latios
|-damage|p2a: Latios|41\/301 brn
|move|p2a: Latios|Psyshock|p1a: Gothitelle
|-resisted|p1a: Gothitelle
|-damage|p1a: Gothitelle|0 fnt
|-damage|p2a: Latios|11\/301 brn|[from] item: Life Orb
|faint|p1a: Gothitelle
|
|-damage|p2a: Latios|0 fnt|[from] brn
|faint|p2a: Latios
|
|switch|p2a: Raikou|Raikou|321\/321
|switch|p1a: Metagross|Metagross, shiny|302\/302
|-ability|p2a: Raikou|Pressure
|turn|18
|
|detailschange|p1a: Metagross|Metagross-Mega, shiny
|-mega|p1a: Metagross|Metagross|Metagrossite
|move|p2a: Raikou|Shadow Ball|p1a: Metagross
|-supereffective|p1a: Metagross
|-damage|p1a: Metagross|62\/302
|move|p1a: Metagross|Ice Punch|p2a: Raikou
|-damage|p2a: Raikou|158\/321
|
|turn|19
|
|switch|p1a: Magnezone|Magnezone, shiny|282\/282
|move|p2a: Raikou|Shadow Ball|p1a: Magnezone
|-crit|p1a: Magnezone
|-damage|p1a: Magnezone|55\/282
|
|turn|20
|
|move|p2a: Raikou|Shadow Ball|p1a: Magnezone
|-damage|p1a: Magnezone|0 fnt
|faint|p1a: Magnezone
|
|
|switch|p1a: Landorus-Therian|Landorus-Therian, M|228\/382
|-ability|p1a: Landorus-Therian|Intimidate|[of] p2a: Raikou
|-unboost|p2a: Raikou|atk|1
|turn|21
|
|switch|p2a: Landorus-Therian|Landorus-Therian, M|280\/319
|-ability|p2a: Landorus-Therian|Intimidate|[of] p1a: Landorus-Therian
|-unboost|p1a: Landorus-Therian|atk|1
|move|p1a: Landorus-Therian|Knock Off|p2a: Landorus-Therian
|-damage|p2a: Landorus-Therian|182\/319
|-enditem|p2a: Landorus-Therian|Choice Scarf|[from] move: Knock Off|[of] p1a: Landorus-Therian
|
|turn|22
|
|move|p2a: Landorus-Therian|Explosion|p1a: Landorus-Therian
|-damage|p1a: Landorus-Therian|0 fnt
|faint|p2a: Landorus-Therian
|faint|p1a: Landorus-Therian
|
|
|switch|p2a: Raikou|Raikou|158\/321
|switch|p1a: Metagross|Metagross-Mega, shiny|62\/302
|-ability|p2a: Raikou|Pressure
|turn|23
|
|move|p2a: Raikou|Thunderbolt|p1a: Metagross
|-damage|p1a: Metagross|0 fnt
|faint|p1a: Metagross
|
|win|Red's Charizard
|raw|Ladder updating...
|leave|LadderSoTall
|raw|LadderSoTall's rating: 1450 &rarr; <strong>1428<\/strong><br \/>(-22 for losing)
|raw|Red&apos;s Charizard's rating: 1427 &rarr; <strong>1448<\/strong><br \/>(+21 for winning)
|player|p1