|join|Suicuneisnotdoge
|join|LadderSoTall
|player|p1|Suicuneisnotdoge|80
|player|p2|LadderSoTall|120
|gametype|singles
|gen|6
|tier|OU (suspect test)
|rated
|clearpoke
|poke|p1|Infernape, M
|poke|p1|Keldeo
|poke|p1|Metagross
|poke|p1|Bisharp, M
|poke|p1|Thundurus, M
|poke|p1|Dragonite, F
|poke|p2|Metagross, shiny
|poke|p2|Ferrothorn, M
|poke|p2|Heatran, M
|poke|p2|Thundurus, M, shiny
|poke|p2|Chansey, F, shiny
|poke|p2|Skarmory, M, shiny
|rule|Swagger Clause: Swagger is banned
|rule|Baton Pass Clause: Limit one PokÃ©mon knowing Baton Pass
|rule|Sleep Clause Mod: Limit one foe put to sleep
|rule|Species Clause: Limit one of each PokÃ©mon
|rule|OHKO Clause: OHKO moves are banned
|rule|Moody Clause: Moody is banned
|rule|Evasion Moves Clause: Evasion moves are banned
|rule|Endless Battle Clause: Forcing endless battles is banned
|rule|HP Percentage Mod: HP is shown in percentages
|teampreview
|
|start
|switch|p1a: Infernape|Infernape, M|293\/293
|switch|p2a: Heatran|Heatran, M|324\/324
|turn|1
|
|move|p1a: Infernape|Stealth Rock|p2a: Heatran
|-sidestart|p2: LadderSoTall|move: Stealth Rock
|move|p2a: Heatran|Ancient Power|p1a: Infernape
|-damage|p1a: Infernape|181\/293
|
|turn|2
|
|move|p1a: Infernape|Close Combat|p2a: Heatran
|-supereffective|p2a: Heatran
|-damage|p2a: Heatran|0 fnt
|-unboost|p1a: Infernape|def|1
|-unboost|p1a: Infernape|spd|1
|faint|p2a: Heatran
|
|
|switch|p2a: Thundurus|Thundurus, M, shiny|299\/299
|-damage|p2a: Thundurus|225\/299|[from] Stealth Rock
|turn|3
|
|switch|p1a: Metagross|Metagross|301\/301
|move|p2a: Thundurus|Thunderbolt|p1a: Metagross
|-damage|p1a: Metagross|51\/301
|-damage|p2a: Thundurus|196\/299|[from] item: Life Orb
|
|turn|4
|
|detailschange|p1a: Metagross|Metagross-Mega
|-mega|p1a: Metagross|Metagross|Metagrossite
|move|p1a: Metagross|Bullet Punch|p2a: Thundurus
|-resisted|p2a: Thundurus
|-damage|p2a: Thundurus|127\/299
|move|p2a: Thundurus|Thunderbolt|p1a: Metagross
|-damage|p1a: Metagross|0 fnt
|-damage|p2a: Thundurus|98\/299|[from] item: Life Orb
|faint|p1a: Metagross
|
|
|switch|p1a: Dragonite|Dragonite, F|323\/323
|turn|5
|
|switch|p2a: Skarmory|Skarmory, M, shiny|334\/334
|-damage|p2a: Skarmory|293\/334|[from] Stealth Rock
|move|p1a: Dragonite|Extreme Speed|p2a: Skarmory
|-resisted|p2a: Skarmory
|-damage|p2a: Skarmory|250\/334
|-damage|p1a: Dragonite|270\/323|[from] item: Rocky Helmet|[of] p2a: Skarmory
|
|turn|6
|
|switch|p1a: Bisharp|Bisharp, M|271\/271
|move|p2a: Skarmory|Stealth Rock|p1a: Bisharp
|-sidestart|p1: Suicuneisnotdoge|move: Stealth Rock
|
|turn|7
|
|move|p1a: Bisharp|Knock Off|p2a: Skarmory
|-damage|p2a: Skarmory|132\/334
|-damage|p1a: Bisharp|226\/271|[from] item: Rocky Helmet|[of] p2a: Skarmory
|-enditem|p2a: Skarmory|Rocky Helmet|[from] move: Knock Off|[of] p1a: Bisharp
|-damage|p1a: Bisharp|199\/271|[from] item: Life Orb
|move|p2a: Skarmory|Roost|p2a: Skarmory
|-heal|p2a: Skarmory|299\/334
|
|turn|8
|
|move|p1a: Bisharp|Swords Dance|p1a: Bisharp
|-boost|p1a: Bisharp|atk|2
|move|p2a: Skarmory|Spikes|p1a: Bisharp
|-sidestart|p1: Suicuneisnotdoge|Spikes
|
|turn|9
|
|move|p1a: Bisharp|Knock Off|p2a: Skarmory
|-damage|p2a: Skarmory|139\/334
|-damage|p1a: Bisharp|172\/271|[from] item: Life Orb
|move|p2a: Skarmory|Whirlwind|p1a: Bisharp
|drag|p1a: Thundurus|Thundurus, M|299\/299
|-damage|p1a: Thundurus|225\/299|[from] Stealth Rock
|
|turn|10
|
|switch|p2a: Chansey|Chansey, F, shiny|703\/703
|-damage|p2a: Chansey|616\/703|[from] Stealth Rock
|move|p1a: Thundurus|Thunderbolt|p2a: Chansey
|-damage|p2a: Chansey|482\/703
|-damage|p1a: Thundurus|196\/299|[from] item: Life Orb
|
|turn|11
|
|move|p1a: Thundurus|Superpower|p2a: Chansey
|-supereffective|p2a: Chansey
|-damage|p2a: Chansey|100\/703
|-unboost|p1a: Thundurus|atk|1
|-unboost|p1a: Thundurus|def|1
|-damage|p1a: Thundurus|167\/299|[from] item: Life Orb
|move|p2a: Chansey|Seismic Toss|p1a: Thundurus
|-damage|p1a: Thundurus|67\/299
|
|turn|12
|
|move|p1a: Thundurus|Thunderbolt|p2a: Chansey
|-damage|p2a: Chansey|0 fnt
|-damage|p1a: Thundurus|38\/299|[from] item: Life Orb
|faint|p2a: Chansey
|
|c|âSuicuneisnotdoge|your team is really weak to infernape+bisharp
|
|switch|p2a: Ferrothorn|Ferrothorn, M|351\/351
|-damage|p2a: Ferrothorn|330\/351|[from] Stealth Rock
|turn|13
|c|âSuicuneisnotdoge|you should replace chansey with a dark resist
|c|âLadderSoTall|chans the healing wish
|c|âSuicuneisnotdoge|probably keldeo since it resists sucker and bullet punch
|c|âSuicuneisnotdoge|you dont need healing wish support lol
|c|âLadderSoTall|mega meta always para burned
|c|âSuicuneisnotdoge|unless you play recklessly
|
|move|p1a: Thundurus|Superpower|p2a: Ferrothorn
|-supereffective|p2a: Ferrothorn
|-damage|p2a: Ferrothorn|179\/351
|-damage|p1a: Thundurus|1\/299|[from] ability: Iron Barbs|[of] p2a: Ferrothorn
|-damage|p1a: Thundurus|0 fnt|[from] item: Rocky Helmet|[of] p2a: Ferrothorn
|faint|p1a: Thundurus
|move|p2a: Ferrothorn|Gyro Ball|p1: Thundurus|[notarget]
|-notarget
|
|c|âSuicuneisnotdoge|well dont let it get burned
|c|âSuicuneisnotdoge|if anything
|
|switch|p1a: Infernape|Infernape, M|181\/293
|-damage|p1a: Infernape|145\/293|[from] Spikes
|-damage|p1a: Infernape|109\/293|[from] Stealth Rock
|turn|14
|c|âSuicuneisnotdoge|replace skarm with latias
|c|âSuicuneisnotdoge|good defogger and healing wish
|
|move|p1a: Infernape|Fire Blast|p2a: Ferrothorn
|-supereffective|p2a: Ferrothorn
|-damage|p2a: Ferrothorn|0 fnt
|faint|p2a: Ferrothorn
|
|
|switch|p2a: Thundurus|Thundurus, M, shiny|98\/299
|-damage|p2a: Thundurus|24\/299|[from] Stealth Rock
|turn|15
|c|âSuicuneisnotdoge|try latias with psyshock and hp fighting
|
|switch|p1a: Dragonite|Dragonite, F|270\/323
|-damage|p1a: Dragonite|190\/323|[from] Stealth Rock
|move|p2a: Thundurus|Thunderbolt|p1a: Dragonite
|-damage|p1a: Dragonite|0 fnt
|-damage|p2a: Thundurus|0 fnt|[from] item: Life Orb
|faint|p1a: Dragonite
|faint|p2a: Thundurus
|
|c|âSuicuneisnotdoge|with 72 hp, 124 spatk, and 252 speed
|c|âSuicuneisnotdoge|you'll have a much better team
|
|switch|p1a: Infernape|Infernape, M|109\/293
|switch|p2a: Skarmory|Skarmory, M, shiny|139\/334
|-damage|p1a: Infernape|73\/293|[from] Spikes
|-damage|p1a: Infernape|37\/293|[from] Stealth Rock
|-damage|p2a: Skarmory|98\/334|[from] Stealth Rock
|turn|16
|c|âSuicuneisnotdoge|and replace chansey with keldeo pls
|c|âLadderSoTall|no
|c|âSuicuneisnotdoge|maybe calm mind keldeo so you can handle stall
|
|move|p1a: Infernape|Fire Blast|p2a: Skarmory
|-supereffective|p2a: Skarmory
|-damage|p2a: Skarmory|0 fnt
|faint|p2a: Skarmory
|
|c|âLadderSoTall|can that miss -.-
|c|âSuicuneisnotdoge|just trying to help out :\/
|c|âSuicuneisnotdoge|you cant rely on luck to win lol
|
|switch|p2a: Metagross|Metagross, shiny|302\/302
|-damage|p2a: Metagross|284\/302|[from] Stealth Rock
|turn|17
|c|âSuicuneisnotdoge|gotta build good teams and make good plays dude
|
|detailschange|p2a: Metagross|Metagross-Mega, shiny
|-mega|p2a: Metagross|Metagross|Metagrossite
|move|p1a: Infernape|Fire Blast|p2a: Metagross
|-supereffective|p2a: Metagross
|-damage|p2a: Metagross|0 fnt
|faint|p2a: Metagross
|
|win|Suicuneisnotdoge
|raw|Ladder updating...
|raw|Suicuneisnotdoge's rating: 1393 &rarr; <strong>1412<\/strong><br \/>(+19 for winning)
|raw|LadderSoTall's rating: 1379 &rarr; <strong>1360<\/strong><br \/>(-19 for losing)