|join|Taylor
|join|femt6
|player|p1|Taylor|186
|player|p2|femt6|101
|gametype|singles
|tier|OU
|rated
|rule|Evasion Abilities Clause: Evasion abilities are banned
|clearpoke
|poke|p1|Salamence, F
|poke|p1|Latios, M
|poke|p1|Keldeo
|poke|p1|Terrakion
|poke|p1|Garchomp, M
|poke|p1|Dragonite, F
|poke|p2|Magnezone
|poke|p2|Gyarados, M
|poke|p2|Latios, M
|poke|p2|Garchomp, M
|poke|p2|Kyurem-Black
|poke|p2|Dragonite, M
|rule|Sleep Clause: Limit one foe put to sleep
|rule|Species Clause: Limit one of each Pokemon
|rule|OHKO Clause: OHKO moves are banned
|rule|Moody Clause: Moody is banned
|rule|Evasion Moves Clause: Evasion moves are banned
|teampreview
|callback|decision
|join|President G
|chat|President G|9.9
|chat|Taylor|lol
|chat|President G|Sup with the dragon heavy team?
|chat|Taylor|dragon match up :x
|chat|President G|In fact
|
|start
|switch|p1a: Terrakion|Terrakion|324\/324
|switch|p2a: Garchomp|Garchomp, M|358\/358
|turn|1
|callback|decision
|chat|President G|Is this what OU is thse days
|
|move|p2a: Garchomp|Dual Chop|p1a: Terrakion
|-damage|p1a: Terrakion|248\/324
|-crit|p1a: Terrakion
|-damage|p1a: Terrakion|94\/324
|-hitcount|p1a: Terrakion|2
|move|p1a: Terrakion|Stealth Rock|p2a: Garchomp
|-sidestart|p2: femt6|move: Stealth Rock
|
|turn|2
|callback|decision
|chat|President G|Just Four ragons slapped onto 1 team?
|
|move|p2a: Garchomp|Dual Chop|p1a: Terrakion
|-damage|p1a: Terrakion|22\/324
|-damage|p1a: Terrakion|0 fnt
|-hitcount|p1a: Terrakion|2
|faint|p1a: Terrakion
|
|callback|decision
|
|switch|p1a: Keldeo|Keldeo|324\/324
|turn|3
|callback|decision
|
|switch|p2a: Gyarados|Gyarados, M|353\/353
|-damage|p2a: Gyarados|265\/353|[from] Stealth Rock
|-ability|p2a: Gyarados|Intimidate|[of] p1a: Keldeo
|-unboost|p1a: Keldeo|atk|1
|move|p1a: Keldeo|Hydro Pump|p2a: Gyarados
|-resisted|p2a: Gyarados
|-damage|p2a: Gyarados|118\/353
|
|turn|4
|callback|decision
|
|move|p1a: Keldeo|Hydro Pump|p2a: Gyarados
|-resisted|p2a: Gyarados
|-damage|p2a: Gyarados|0 fnt
|faint|p2a: Gyarados
|
|callback|decision
|
|switch|p2a: Kyurem-B|Kyurem-Black|454\/454
|-damage|p2a: Kyurem-B|341\/454|[from] Stealth Rock
|-ability|p2a: Kyurem-B|Teravolt
|turn|5
|callback|decision
|
|switch|p1a: Garchomp|Garchomp, M|358\/358
|move|p2a: Kyurem-B|Outrage|p1a: Garchomp
|-supereffective|p1a: Garchomp
|-damage|p1a: Garchomp|0 fnt
|-damage|p2a: Kyurem-B|285\/454|[from] ability: Rough Skin|[of] p1a: Garchomp
|faint|p1a: Garchomp
|
|callback|decision
|
|switch|p1a: Salamence|Salamence, F|332\/332
|turn|6
|callback|decision
|
|move|p1a: Salamence|Dragon Claw|p2a: Kyurem-B
|-supereffective|p2a: Kyurem-B
|-damage|p2a: Kyurem-B|0 fnt
|faint|p2a: Kyurem-B
|-boost|p1a: Salamence|atk|1|[from] ability: Moxie
|
|callback|decision
|join|Naheed
|
|switch|p2a: Garchomp|Garchomp, M|358\/358
|-damage|p2a: Garchomp|336\/358|[from] Stealth Rock
|turn|7
|callback|decision
|
|move|p2a: Garchomp|Outrage|p1a: Salamence
|-supereffective|p1a: Salamence
|-damage|p1a: Salamence|0 fnt
|faint|p1a: Salamence
|
|callback|decision
|
|switch|p1a: Keldeo|Keldeo|324\/324
|turn|8
|callback|decision
|
|move|p2a: Garchomp|Outrage|p1a: Keldeo
|-crit|p1a: Keldeo
|-damage|p1a: Keldeo|0 fnt
|faint|p1a: Keldeo
|
|callback|decision
|
|switch|p1a: Latios|Latios, M|301\/301
|turn|9
|callback|decision
|
|move|p2a: Garchomp|Outrage|p1a: Latios
|-supereffective|p1a: Latios
|-damage|p1a: Latios|0 fnt
|faint|p1a: Latios
|
|-end|p2a: Garchomp|rampage
|-start|p2a: Garchomp|confusion
|callback|decision
|
|switch|p1a: Dragonite|Dragonite, F|324\/324
|turn|10
|callback|decision
|
|-activate|p2a: Garchomp|confusion
|move|p2a: Garchomp|Outrage|p1a: Dragonite
|-supereffective|p1a: Dragonite
|-damage|p1a: Dragonite|90\/324
|move|p1a: Dragonite|Dragon Dance|p1a: Dragonite
|-boost|p1a: Dragonite|atk|1
|-boost|p1a: Dragonite|spe|1
|
|turn|11
|callback|decision
|
|-activate|p2a: Garchomp|confusion
|-damage|p2a: Garchomp|290\/358
|move|p1a: Dragonite|Dragon Dance|p1a: Dragonite
|-boost|p1a: Dragonite|atk|1
|-boost|p1a: Dragonite|spe|1
|
|-end|p2a: Garchomp|rampage
|turn|12
|callback|decision
|
|move|p1a: Dragonite|Dragon Dance|p1a: Dragonite
|-boost|p1a: Dragonite|atk|1
|-boost|p1a: Dragonite|spe|1
|-activate|p2a: Garchomp|confusion
|move|p2a: Garchomp|Outrage|p1a: Dragonite
|-supereffective|p1a: Dragonite
|-damage|p1a: Dragonite|0 fnt
|faint|p1a: Dragonite
|
|win|femt6
|raw|Ladder updating...
|raw|Taylor's rating: 1878 &rarr; <strong>1874<\/strong><br \/>(-4 for losing)
|raw|femt6's rating: 1783 &rarr; <strong>1788<\/strong><br \/>(+5 for winning)
|chat|President G|?
|leave|Taylor
|player|p1
|leave|President G