|join|femt6
|join|pronkydos
|player|p1|femt6|101
|player|p2|pronkydos|105
|gametype|singles
|tier|OU
|rated
|rule|Evasion Abilities Clause: Evasion abilities are banned
|clearpoke
|poke|p1|Politoed, M
|poke|p1|Forretress, M
|poke|p1|Jirachi
|poke|p1|Amoonguss, M
|poke|p1|Tornadus, M
|poke|p1|Latias, F
|poke|p2|Kyurem-Black, shiny
|poke|p2|Skarmory, M
|poke|p2|Tyranitar, M
|poke|p2|Celebi
|poke|p2|Donphan, M
|poke|p2|Alakazam, M
|rule|Sleep Clause Mod: Limit one foe put to sleep
|rule|Species Clause: Limit one of each Pokemon
|rule|OHKO Clause: OHKO moves are banned
|rule|Moody Clause: Moody is banned
|rule|Evasion Moves Clause: Evasion moves are banned
|rule|HP Percentage Mod: HP is reported as percentages
|teampreview
|callback|decision
|
|start
|switch|p1a: Politoed|Politoed, M|384\/384
|switch|p2a: Kyurem-Black|Kyurem-Black, shiny|391\/391
|-ability|p2a: Kyurem-Black|Teravolt
|-weather|RainDance|[from] ability: Drizzle|[of] p1a: Politoed
|turn|1
|callback|decision
|
|switch|p1a: Forretress|Forretress, M|354\/354
|move|p2a: Kyurem-Black|Fusion Bolt|p1a: Forretress
|-damage|p1a: Forretress|246\/354
|-damage|p2a: Kyurem-Black|352\/391|[from] item: Life Orb
|
|-weather|RainDance|[upkeep]
|-heal|p1a: Forretress|268\/354|[from] item: Leftovers
|turn|2
|callback|decision
|
|switch|p1a: Tornadus|Tornadus, M|300\/300
|move|p2a: Kyurem-Black|Hidden Power|p1a: Tornadus
|-damage|p1a: Tornadus|230\/300
|-damage|p2a: Kyurem-Black|313\/391|[from] item: Life Orb
|
|-weather|RainDance|[upkeep]
|turn|3
|callback|decision
|
|switch|p2a: Tyranitar|Tyranitar, M|404\/404
|-weather|Sandstorm|[from] ability: Sand Stream|[of] p2a: Tyranitar
|move|p1a: Tornadus|U-turn|p2a: Tyranitar
|-supereffective|p2a: Tyranitar
|-damage|p2a: Tyranitar|278\/404
|callback|decision
|
|switch|p1a: Politoed|Politoed, M|384\/384
|-weather|RainDance|[from] ability: Drizzle|[of] p1a: Politoed
|
|-weather|RainDance|[upkeep]
|-heal|p2a: Tyranitar|303\/404|[from] item: Leftovers
|turn|4
|callback|decision
|
|switch|p1a: Tornadus|Tornadus, M|230\/300
|switch|p2a: Celebi|Celebi|396\/396
|
|-weather|RainDance|[upkeep]
|turn|5
|callback|decision
|
|switch|p2a: Skarmory|Skarmory, M|334\/334
|move|p1a: Tornadus|Focus Blast|p2a: Skarmory|[miss]
|-miss|p1a: Tornadus|p2a: Skarmory
|
|-weather|RainDance|[upkeep]
|turn|6
|callback|decision
|
|switch|p1a: Forretress|Forretress, M|268\/354
|move|p2a: Skarmory|Spikes|p1a: Forretress
|-sidestart|p1: femt6|Spikes
|
|-weather|RainDance|[upkeep]
|-heal|p1a: Forretress|290\/354|[from] item: Leftovers
|turn|7
|callback|decision
|
|switch|p2a: Kyurem-Black|Kyurem-Black, shiny|313\/391
|-ability|p2a: Kyurem-Black|Teravolt
|move|p1a: Forretress|Stealth Rock|p2a: Kyurem-Black
|-sidestart|p2: pronkydos|move: Stealth Rock
|
|-weather|RainDance|[upkeep]
|-heal|p1a: Forretress|312\/354|[from] item: Leftovers
|turn|8
|callback|decision
|
|switch|p1a: Jirachi|Jirachi|404\/404
|-damage|p1a: Jirachi|354\/404|[from] Spikes
|move|p2a: Kyurem-Black|Fusion Bolt|p1a: Jirachi
|-damage|p1a: Jirachi|158\/404
|-damage|p2a: Kyurem-Black|274\/391|[from] item: Life Orb
|
|-weather|RainDance|[upkeep]
|-heal|p1a: Jirachi|183\/404|[from] item: Leftovers
|turn|9
|callback|decision
|
|move|p2a: Kyurem-Black|Earth Power|p1a: Jirachi
|-supereffective|p1a: Jirachi
|-damage|p1a: Jirachi|0 fnt
|-damage|p2a: Kyurem-Black|235\/391|[from] item: Life Orb
|faint|p1a: Jirachi
|
|-weather|RainDance|[upkeep]
|callback|decision
|
|switch|p1a: Latias|Latias, F|302\/302
|turn|10
|callback|decision
|
|switch|p2a: Tyranitar|Tyranitar, M|303\/404
|-damage|p2a: Tyranitar|253\/404|[from] Stealth Rock
|-weather|Sandstorm|[from] ability: Sand Stream|[of] p2a: Tyranitar
|move|p1a: Latias|Draco Meteor|p2a: Tyranitar
|-damage|p2a: Tyranitar|99\/404
|-unboost|p1a: Latias|spa|2
|-damage|p1a: Latias|272\/302|[from] item: Life Orb
|
|-weather|Sandstorm|[upkeep]
|-damage|p1a: Latias|254\/302|[from] sandstorm
|-heal|p2a: Tyranitar|124\/404|[from] item: Leftovers
|turn|11
|callback|decision
|
|move|p1a: Latias|Surf|p2a: Tyranitar
|-supereffective|p2a: Tyranitar
|-damage|p2a: Tyranitar|54\/404
|-damage|p1a: Latias|224\/302|[from] item: Life Orb
|move|p2a: Tyranitar|Pursuit|p1a: Latias
|-supereffective|p1a: Latias
|-damage|p1a: Latias|90\/302
|
|-weather|Sandstorm|[upkeep]
|-damage|p1a: Latias|72\/302|[from] sandstorm
|-heal|p2a: Tyranitar|79\/404|[from] item: Leftovers
|turn|12
|callback|decision
|
|move|p1a: Latias|Recover|p1a: Latias
|-heal|p1a: Latias|223\/302
|move|p2a: Tyranitar|Pursuit|p1a: Latias
|-supereffective|p1a: Latias
|-damage|p1a: Latias|89\/302
|
|-weather|Sandstorm|[upkeep]
|-damage|p1a: Latias|71\/302|[from] sandstorm
|-heal|p2a: Tyranitar|104\/404|[from] item: Leftovers
|turn|13
|callback|decision
|
|move|p1a: Latias|Draco Meteor|p2a: Tyranitar
|-damage|p2a: Tyranitar|29\/404
|-unboost|p1a: Latias|spa|2
|-damage|p1a: Latias|41\/302|[from] item: Life Orb
|move|p2a: Tyranitar|Pursuit|p1a: Latias
|-supereffective|p1a: Latias
|-damage|p1a: Latias|0 fnt
|faint|p1a: Latias
|
|-weather|Sandstorm|[upkeep]
|-heal|p2a: Tyranitar|54\/404|[from] item: Leftovers
|callback|decision
|
|switch|p1a: Politoed|Politoed, M|384\/384
|-damage|p1a: Politoed|336\/384|[from] Spikes
|-weather|RainDance|[from] ability: Drizzle|[of] p1a: Politoed
|turn|14
|callback|decision
|
|switch|p2a: Celebi|Celebi|396\/396
|-damage|p2a: Celebi|347\/396|[from] Stealth Rock
|move|p1a: Politoed|Scald|p2a: Celebi
|-resisted|p2a: Celebi
|-damage|p2a: Celebi|302\/396
|
|-weather|RainDance|[upkeep]
|-heal|p2a: Celebi|326\/396|[from] item: Leftovers
|-heal|p1a: Politoed|360\/384|[from] item: Leftovers
|turn|15
|callback|decision
|
|move|p1a: Politoed|Protect|p1a: Politoed
|-singleturn|p1a: Politoed|Protect
|move|p2a: Celebi|Thunder Wave|p1a: Politoed
|-activate|p1a: Politoed|Protect
|
|-weather|RainDance|[upkeep]
|-heal|p2a: Celebi|350\/396|[from] item: Leftovers
|-heal|p1a: Politoed|384\/384|[from] item: Leftovers
|turn|16
|callback|decision
|
|move|p2a: Celebi|Giga Drain|p1a: Politoed
|-crit|p1a: Politoed
|-supereffective|p1a: Politoed
|-damage|p1a: Politoed|52\/384
|-heal|p2a: Celebi|396\/396|[from] drain|[of] p1a: Politoed
|move|p1a: Politoed|Toxic|p2a: Celebi
|-status|p2a: Celebi|tox
|
|-weather|RainDance|[upkeep]
|-heal|p1a: Politoed|76\/384|[from] item: Leftovers
|-damage|p2a: Celebi|372\/396 tox|[from] psn
|turn|17
|callback|decision
|
|move|p1a: Politoed|Protect|p1a: Politoed
|-singleturn|p1a: Politoed|Protect
|move|p2a: Celebi|Thunder Wave|p1a: Politoed
|-activate|p1a: Politoed|Protect
|
|-weather|RainDance|[upkeep]
|-heal|p2a: Celebi|396\/396 tox|[from] item: Leftovers
|-heal|p1a: Politoed|100\/384|[from] item: Leftovers
|-damage|p2a: Celebi|348\/396 tox|[from] psn
|turn|18
|callback|decision
|
|switch|p1a: Forretress|Forretress, M|312\/354
|-damage|p1a: Forretress|268\/354|[from] Spikes
|move|p2a: Celebi|Giga Drain|p1a: Forretress
|-resisted|p1a: Forretress
|-damage|p1a: Forretress|236\/354
|-heal|p2a: Celebi|364\/396 tox|[from] drain|[of] p1a: Forretress
|
|-weather|RainDance|[upkeep]
|-heal|p2a: Celebi|388\/396 tox|[from] item: Leftovers
|-heal|p1a: Forretress|258\/354|[from] item: Leftovers
|-damage|p2a: Celebi|316\/396 tox|[from] psn
|turn|19
|callback|decision
|
|move|p2a: Celebi|Baton Pass|p2a: Celebi
|callback|decision
|
|switch|p2a: Donphan|Donphan, M|384\/384
|-damage|p2a: Donphan|360\/384|[from] Stealth Rock
|move|p1a: Forretress|Rapid Spin|p2a: Donphan
|-damage|p2a: Donphan|351\/384
|-sideend|p1: femt6|Spikes|[from] move: Rapid Spin|[of] p1a: Forretress
|
|-weather|RainDance|[upkeep]
|-heal|p2a: Donphan|375\/384|[from] item: Leftovers
|-heal|p1a: Forretress|280\/354|[from] item: Leftovers
|turn|20
|callback|decision
|
|switch|p1a: Amoonguss|Amoonguss, M|432\/432
|move|p2a: Donphan|Stealth Rock|p1a: Amoonguss
|-sidestart|p1: femt6|move: Stealth Rock
|
|-weather|RainDance|[upkeep]
|-heal|p2a: Donphan|384\/384|[from] item: Leftovers
|turn|21
|callback|decision
|
|move|p2a: Donphan|Rapid Spin|p1a: Amoonguss
|-damage|p1a: Amoonguss|409\/432
|-sideend|p2: pronkydos|Stealth Rock|[from] move: Rapid Spin|[of] p2a: Donphan
|move|p1a: Amoonguss|Spore|p2a: Donphan
|-status|p2a: Donphan|slp
|
|-weather|RainDance|[upkeep]
|-heal|p1a: Amoonguss|432\/432|[from] item: Black Sludge
|turn|22
|callback|decision
|
|switch|p2a: Skarmory|Skarmory, M|334\/334
|move|p1a: Amoonguss|Stun Spore|p2a: Skarmory|[miss]
|-miss|p1a: Amoonguss|p2a: Skarmory
|
|-weather|RainDance|[upkeep]
|turn|23
|callback|decision
|
|switch|p1a: Forretress|Forretress, M|280\/354
|-damage|p1a: Forretress|236\/354|[from] Stealth Rock
|move|p2a: Skarmory|Whirlwind|p1a: Forretress
|drag|p1a: Politoed|Politoed, M|100\/384
|-damage|p1a: Politoed|52\/384|[from] Stealth Rock
|
|-weather|RainDance|[upkeep]
|-heal|p1a: Politoed|76\/384|[from] item: Leftovers
|turn|24
|callback|decision
|
|switch|p1a: Forretress|Forretress, M|236\/354
|-damage|p1a: Forretress|192\/354|[from] Stealth Rock
|switch|p2a: Tyranitar|Tyranitar, M|54\/404
|-weather|Sandstorm|[from] ability: Sand Stream|[of] p2a: Tyranitar
|
|-weather|Sandstorm|[upkeep]
|-heal|p2a: Tyranitar|79\/404|[from] item: Leftovers
|-heal|p1a: Forretress|214\/354|[from] item: Leftovers
|turn|25
|callback|decision
|
|move|p2a: Tyranitar|Fire Blast|p1a: Forretress
|-supereffective|p1a: Forretress
|-damage|p1a: Forretress|0 fnt
|faint|p1a: Forretress
|
|-weather|Sandstorm|[upkeep]
|-heal|p2a: Tyranitar|104\/404|[from] item: Leftovers
|callback|decision
|
|switch|p1a: Politoed|Politoed, M|76\/384
|-damage|p1a: Politoed|28\/384|[from] Stealth Rock
|-weather|RainDance|[from] ability: Drizzle|[of] p1a: Politoed
|turn|26
|callback|decision
|
|switch|p1a: Tornadus|Tornadus, M|230\/300
|-damage|p1a: Tornadus|155\/300|[from] Stealth Rock
|switch|p2a: Celebi|Celebi|316\/396
|
|-weather|RainDance|[upkeep]
|-heal|p2a: Celebi|340\/396|[from] item: Leftovers
|turn|27
|callback|decision
|
|switch|p2a: Tyranitar|Tyranitar, M|104\/404
|-weather|Sandstorm|[from] ability: Sand Stream|[of] p2a: Tyranitar
|move|p1a: Tornadus|Hurricane|p2a: Tyranitar
|-resisted|p2a: Tyranitar
|-damage|p2a: Tyranitar|24\/404
|
|-weather|Sandstorm|[upkeep]
|-damage|p1a: Tornadus|137\/300|[from] sandstorm
|-heal|p2a: Tyranitar|49\/404|[from] item: Leftovers
|turn|28
|callback|decision
|
|switch|p1a: Politoed|Politoed, M|28\/384
|-damage|p1a: Politoed|0 fnt|[from] Stealth Rock
|faint|p1a: Politoed
|switch|p2a: Skarmory|Skarmory, M|334\/334
|
|-weather|Sandstorm|[upkeep]
|callback|decision
|
|switch|p1a: Tornadus|Tornadus, M|137\/300
|-damage|p1a: Tornadus|62\/300|[from] Stealth Rock
|turn|29
|callback|decision
|
|move|p1a: Tornadus|Focus Blast|p2a: Skarmory
|-damage|p2a: Skarmory|58\/334
|move|p2a: Skarmory|Whirlwind|p1a: Tornadus
|drag|p1a: Amoonguss|Amoonguss, M|432\/432
|-damage|p1a: Amoonguss|378\/432|[from] Stealth Rock
|
|-weather|Sandstorm|[upkeep]
|-damage|p1a: Amoonguss|351\/432|[from] sandstorm
|-heal|p1a: Amoonguss|378\/432|[from] item: Black Sludge
|turn|30
|callback|decision
|
|move|p2a: Skarmory|Roost|p2a: Skarmory
|-heal|p2a: Skarmory|225\/334
|move|p1a: Amoonguss|Stun Spore|p2a: Skarmory
|-status|p2a: Skarmory|par
|
|-weather|Sandstorm|[upkeep]
|-damage|p1a: Amoonguss|351\/432|[from] sandstorm
|-heal|p1a: Amoonguss|378\/432|[from] item: Black Sludge
|turn|31
|callback|decision
|
|move|p1a: Amoonguss|Hidden Power|p2a: Skarmory
|-damage|p2a: Skarmory|157\/334 par
|move|p2a: Skarmory|Brave Bird|p1a: Amoonguss
|-supereffective|p1a: Amoonguss
|-damage|p1a: Amoonguss|54\/432
|-damage|p2a: Skarmory|50\/334 par|[from] recoil|[of] p1a: Amoonguss
|
|-weather|Sandstorm|[upkeep]
|-damage|p1a: Amoonguss|27\/432|[from] sandstorm
|-heal|p1a: Amoonguss|54\/432|[from] item: Black Sludge
|turn|32
|callback|decision
|chat|pronkydos|gg
|
|move|p1a: Amoonguss|Hidden Power|p2a: Skarmory
|-damage|p2a: Skarmory|0 fnt
|faint|p2a: Skarmory
|
|-weather|Sandstorm|[upkeep]
|-damage|p1a: Amoonguss|27\/432|[from] sandstorm
|-heal|p1a: Amoonguss|54\/432|[from] item: Black Sludge
|callback|decision
|chat|femt6|ha
|
|switch|p2a: Alakazam|Alakazam, M|252\/252
|turn|33
|callback|decision
|chat|femt6|i kill one
|chat|pronkydos|lol
|chat|pronkydos|nice
|
|move|p2a: Alakazam|Psyshock|p1a: Amoonguss
|-supereffective|p1a: Amoonguss
|-damage|p1a: Amoonguss|0 fnt
|faint|p1a: Amoonguss
|
|-weather|Sandstorm|[upkeep]
|callback|decision
|
|switch|p1a: Tornadus|Tornadus, M|62\/300
|-damage|p1a: Tornadus|0 fnt|[from] Stealth Rock
|faint|p1a: Tornadus
|
|win|pronkydos
|raw|Ladder updating...
|player|p2
|raw|femt6's rating: 1814 &rarr; <strong>1811<\/strong><br \/>(-3 for losing)
|raw|pronkydos's rating: 1809 &rarr; <strong>1813<\/strong><br \/>(+4 for winning)
|chat|pronkydos|o0o