|join|sidzekrom2
|join|femt6
|player|p1|sidzekrom2|291
|player|p2|femt6|170
|gametype|singles
|gen|6
|tier|OU
|rated
|clearpoke
|poke|p1|Thundurus, M, shiny
|poke|p1|Aegislash, M
|poke|p1|Landorus, M
|poke|p1|Garchomp, M
|poke|p1|Keldeo
|poke|p1|Scizor, M
|poke|p2|Garchomp, F
|poke|p2|Aegislash, M
|poke|p2|Talonflame, M
|poke|p2|Rotom-Wash
|poke|p2|Venusaur, M
|poke|p2|Latias, F
|rule|Swagger Clause: Swagger is banned
|rule|Baton Pass Clause: Limit 3 pokemon knowing Baton Pass
|rule|Sleep Clause Mod: Limit one foe put to sleep
|rule|Species Clause: Limit one of each Pokemon
|rule|OHKO Clause: OHKO moves are banned
|rule|Moody Clause: Moody is banned
|rule|Evasion Moves Clause: Evasion moves are banned
|rule|Endless Battle Clause: Forcing endless battles is banned
|rule|HP Percentage Mod: HP is reported as percentages
|teampreview
|
|start
|switch|p1a: Priest|Landorus, M|320\/320
|switch|p2a: Rotom-Wash|Rotom-Wash|303\/303
|turn|1
|
|move|p1a: Priest|Sludge Wave|p2a: Rotom-Wash
|-damage|p2a: Rotom-Wash|125\/303
|move|p2a: Rotom-Wash|Will-O-Wisp|p1a: Priest
|-status|p1a: Priest|brn
|
|-heal|p2a: Rotom-Wash|143\/303|[from] item: Leftovers
|-damage|p1a: Priest|280\/320 brn|[from] brn
|turn|2
|
|switch|p2a: Latias|Latias, F|313\/313
|move|p1a: Priest|Earth Power|p2a: Latias
|-immune|p2a: Latias|[msg]
|
|-damage|p1a: Priest|240\/320 brn|[from] brn
|turn|3
|
|switch|p2a: Garchomp|Garchomp, F|358\/358
|move|p1a: Priest|Sludge Wave|p2a: Garchomp
|-resisted|p2a: Garchomp
|-damage|p2a: Garchomp|263\/358
|
|-damage|p1a: Priest|200\/320 brn|[from] brn
|turn|4
|
|switch|p2a: Latias|Latias, F|313\/313
|move|p1a: Priest|Earth Power|p2a: Latias
|-immune|p2a: Latias|[msg]
|
|-damage|p1a: Priest|160\/320 brn|[from] brn
|turn|5
|
|move|p2a: Latias|Draco Meteor|p1a: Priest
|-damage|p1a: Priest|0 fnt
|-unboost|p2a: Latias|spa|2
|-damage|p2a: Latias|282\/313|[from] item: Life Orb
|faint|p1a: Priest
|
|
|switch|p1a: Master Bolt|Thundurus, M, shiny|362\/362
|turn|6
|
|switch|p2a: Venusaur|Venusaur, M|359\/359
|move|p1a: Master Bolt|Substitute|p1a: Master Bolt
|-start|p1a: Master Bolt|Substitute
|-damage|p1a: Master Bolt|272\/362
|
|-heal|p1a: Master Bolt|294\/362|[from] item: Leftovers
|turn|7
|
|detailschange|p2a: Venusaur|Venusaur-Mega, M
|message|Venusaur has Mega Evolved into Mega Venusaur!
|move|p1a: Master Bolt|Thunderbolt|p2a: Venusaur
|-resisted|p2a: Venusaur
|-damage|p2a: Venusaur|308\/359
|-status|p2a: Venusaur|par
|move|p2a: Venusaur|Sludge Bomb|p1a: Master Bolt
|-end|p1a: Master Bolt|Substitute
|
|-heal|p1a: Master Bolt|316\/362|[from] item: Leftovers
|turn|8
|
|switch|p1a: The King's Slayer|Scizor, M|343\/343
|move|p2a: Venusaur|Sludge Bomb|p1a: The King's Slayer
|-immune|p1a: The King's Slayer|[msg]
|
|turn|9
|
|detailschange|p1a: The King's Slayer|Scizor-Mega, M
|message|Scizor has Mega Evolved into Mega Scizor!
|move|p1a: The King's Slayer|Swords Dance|p1a: The King's Slayer
|-boost|p1a: The King's Slayer|atk|2
|cant|p2a: Venusaur|par
|
|turn|10
|
|move|p1a: The King's Slayer|Bug Bite|p2a: Venusaur
|-crit|p2a: Venusaur
|-damage|p2a: Venusaur|0 fnt
|faint|p2a: Venusaur
|
|
|switch|p2a: Rotom-Wash|Rotom-Wash|143\/303
|turn|11
|
|move|p2a: Rotom-Wash|Will-O-Wisp|p1a: The King's Slayer|[miss]
|-miss|p2a: Rotom-Wash|p1a: The King's Slayer
|move|p1a: The King's Slayer|Bug Bite|p2a: Rotom-Wash
|-damage|p2a: Rotom-Wash|0 fnt
|faint|p2a: Rotom-Wash
|
|chat|sidzekrom2|sorry
|
|switch|p2a: Talonflame|Talonflame, M|297\/297
|turn|12
|chat|sidzekrom2|its a bit haxy
|
|move|p1a: The King's Slayer|Bullet Punch|p2a: Talonflame
|-resisted|p2a: Talonflame
|-damage|p2a: Talonflame|130\/297
|move|p2a: Talonflame|Flare Blitz|p1a: The King's Slayer
|-supereffective|p1a: The King's Slayer
|-damage|p1a: The King's Slayer|0 fnt
|-damage|p2a: Talonflame|17\/297|[from] recoil|[of] p1a: The King's Slayer
|faint|p1a: The King's Slayer
|
|
|switch|p1a: The King's Shield|Aegislash, M|324\/324
|turn|13
|
|switch|p2a: Garchomp|Garchomp, F|263\/358
|move|p1a: The King's Shield|Toxic|p2a: Garchomp
|-status|p2a: Garchomp|tox
|
|-damage|p2a: Garchomp|241\/358 tox|[from] psn
|turn|14
|
|switch|p1a: Master Bolt|Thundurus, M, shiny|316\/362
|move|p2a: Garchomp|Stealth Rock|p1a: Master Bolt
|-sidestart|p1: sidzekrom2|move: Stealth Rock
|
|-heal|p1a: Master Bolt|338\/362|[from] item: Leftovers
|-damage|p2a: Garchomp|197\/358 tox|[from] psn
|turn|15
|
|switch|p1a: Garchomp|Garchomp, M|357\/357
|-damage|p1a: Garchomp|335\/357|[from] Stealth Rock
|move|p2a: Garchomp|Outrage|p1a: Garchomp
|-supereffective|p1a: Garchomp
|-damage|p1a: Garchomp|0 fnt
|faint|p1a: Garchomp
|
|-damage|p2a: Garchomp|131\/358 tox|[from] psn
|
|switch|p1a: Master Bolt|Thundurus, M, shiny|338\/362
|-damage|p1a: Master Bolt|248\/362|[from] Stealth Rock
|turn|16
|
|move|p1a: Master Bolt|Protect|p1a: Master Bolt
|-singleturn|p1a: Master Bolt|Protect
|move|p2a: Garchomp|Outrage|p1a: Master Bolt
|-activate|p1a: Master Bolt|Protect
|
|-heal|p1a: Master Bolt|270\/362|[from] item: Leftovers
|-damage|p2a: Garchomp|43\/358 tox|[from] psn
|turn|17
|
|move|p1a: Master Bolt|Substitute|p1a: Master Bolt
|-start|p1a: Master Bolt|Substitute
|-damage|p1a: Master Bolt|180\/362
|move|p2a: Garchomp|Outrage|p1a: Master Bolt
|-end|p1a: Master Bolt|Substitute
|
|-heal|p1a: Master Bolt|202\/362|[from] item: Leftovers
|-damage|p2a: Garchomp|0 fnt|[from] psn
|faint|p2a: Garchomp
|
|switch|p2a: Latias|Latias, F|282\/313
|turn|18
|
|move|p1a: Master Bolt|Protect|p1a: Master Bolt
|-singleturn|p1a: Master Bolt|Protect
|move|p2a: Latias|Draco Meteor|p1a: Master Bolt
|-activate|p1a: Master Bolt|Protect
|
|-heal|p1a: Master Bolt|224\/362|[from] item: Leftovers
|turn|19
|
|switch|p2a: Aegislash|Aegislash, M|322\/322
|move|p1a: Master Bolt|Substitute|p1a: Master Bolt
|-start|p1a: Master Bolt|Substitute
|-damage|p1a: Master Bolt|134\/362
|
|-heal|p1a: Master Bolt|156\/362|[from] item: Leftovers
|turn|20
|
|move|p1a: Master Bolt|Thunderbolt|p2a: Aegislash
|-damage|p2a: Aegislash|237\/322
|move|p2a: Aegislash|Substitute|p2a: Aegislash
|-start|p2a: Aegislash|Substitute
|-damage|p2a: Aegislash|157\/322
|
|-heal|p1a: Master Bolt|178\/362|[from] item: Leftovers
|-heal|p2a: Aegislash|177\/322|[from] item: Leftovers
|turn|21
|
|move|p2a: Aegislash|King's Shield|p2a: Aegislash
|-singleturn|p2a: Aegislash|Protect
|move|p1a: Master Bolt|Thunderbolt|p2a: Aegislash
|-activate|p2a: Aegislash|Protect
|
|-heal|p1a: Master Bolt|200\/362|[from] item: Leftovers
|-heal|p2a: Aegislash|197\/322|[from] item: Leftovers
|turn|22
|
|move|p1a: Master Bolt|Thunderbolt|p2a: Aegislash
|-end|p2a: Aegislash|Substitute
|-formechange|p2a: Aegislash|Aegislash-Blade
|move|p2a: Aegislash|Shadow Ball|p1a: Master Bolt
|-end|p1a: Master Bolt|Substitute
|
|-heal|p1a: Master Bolt|222\/362|[from] item: Leftovers
|-heal|p2a: Aegislash|217\/322|[from] item: Leftovers
|turn|23
|
|-formechange|p2a: Aegislash|Aegislash
|move|p2a: Aegislash|King's Shield|p2a: Aegislash
|-singleturn|p2a: Aegislash|Protect
|move|p1a: Master Bolt|Thunderbolt|p2a: Aegislash
|-activate|p2a: Aegislash|Protect
|
|-heal|p1a: Master Bolt|244\/362|[from] item: Leftovers
|-heal|p2a: Aegislash|237\/322|[from] item: Leftovers
|turn|24
|
|move|p1a: Master Bolt|Thunderbolt|p2a: Aegislash
|-damage|p2a: Aegislash|141\/322
|-formechange|p2a: Aegislash|Aegislash-Blade
|move|p2a: Aegislash|Shadow Ball|p1a: Master Bolt
|-crit|p1a: Master Bolt
|-damage|p1a: Master Bolt|0 fnt
|faint|p1a: Master Bolt
|
|-heal|p2a: Aegislash|161\/322|[from] item: Leftovers
|
|switch|p1a: Kelsier|Keldeo|323\/323
|-damage|p1a: Kelsier|303\/323|[from] Stealth Rock
|turn|25
|
|-formechange|p2a: Aegislash|Aegislash
|move|p2a: Aegislash|King's Shield|p2a: Aegislash
|-singleturn|p2a: Aegislash|Protect
|move|p1a: Kelsier|Substitute|p1a: Kelsier
|-start|p1a: Kelsier|Substitute
|-damage|p1a: Kelsier|223\/323
|
|-heal|p1a: Kelsier|243\/323|[from] item: Leftovers
|-heal|p2a: Aegislash|181\/322|[from] item: Leftovers
|turn|26
|
|move|p1a: Kelsier|Calm Mind|p1a: Kelsier
|-boost|p1a: Kelsier|spa|1
|-boost|p1a: Kelsier|spd|1
|-formechange|p2a: Aegislash|Aegislash-Blade
|move|p2a: Aegislash|Shadow Ball|p1a: Kelsier
|-end|p1a: Kelsier|Substitute
|
|-heal|p1a: Kelsier|263\/323|[from] item: Leftovers
|-heal|p2a: Aegislash|201\/322|[from] item: Leftovers
|turn|27
|
|move|p1a: Kelsier|Substitute|p1a: Kelsier
|-start|p1a: Kelsier|Substitute
|-damage|p1a: Kelsier|183\/323
|move|p2a: Aegislash|Shadow Ball|p1a: Kelsier
|-end|p1a: Kelsier|Substitute
|
|-heal|p1a: Kelsier|203\/323|[from] item: Leftovers
|-heal|p2a: Aegislash|221\/322|[from] item: Leftovers
|turn|28
|
|move|p1a: Kelsier|Surf|p2a: Aegislash
|-damage|p2a: Aegislash|0 fnt
|faint|p2a: Aegislash
|
|-heal|p1a: Kelsier|223\/323|[from] item: Leftovers
|
|switch|p2a: Latias|Latias, F|282\/313
|turn|29
|
|switch|p1a: The King's Shield|Aegislash, M|324\/324
|-damage|p1a: The King's Shield|304\/324|[from] Stealth Rock
|move|p2a: Latias|Thunderbolt|p1a: The King's Shield
|-damage|p1a: The King's Shield|225\/324
|-damage|p2a: Latias|251\/313|[from] item: Life Orb
|
|-heal|p1a: The King's Shield|245\/324|[from] item: Leftovers
|turn|30
|
|move|p2a: Latias|Draco Meteor|p1a: The King's Shield
|-resisted|p1a: The King's Shield
|-damage|p1a: The King's Shield|150\/324
|-unboost|p2a: Latias|spa|2
|-damage|p2a: Latias|220\/313|[from] item: Life Orb
|move|p1a: The King's Shield|Toxic|p2a: Latias
|-status|p2a: Latias|tox
|
|-heal|p1a: The King's Shield|170\/324|[from] item: Leftovers
|-damage|p2a: Latias|201\/313 tox|[from] psn
|turn|31
|
|move|p1a: The King's Shield|King's Shield|p1a: The King's Shield
|-singleturn|p1a: The King's Shield|Protect
|move|p2a: Latias|Healing Wish|p2a: Latias
|faint|p2a: Latias
|
|-heal|p1a: The King's Shield|190\/324|[from] item: Leftovers
|
|switch|p2a: Talonflame|Talonflame, M|17\/297
|-heal|p2a: Talonflame|297\/297|[from] move: Healing Wish
|turn|32
|
|move|p2a: Talonflame|Flare Blitz|p1a: The King's Shield
|-supereffective|p1a: The King's Shield
|-damage|p1a: The King's Shield|0 fnt
|-damage|p2a: Talonflame|234\/297|[from] recoil|[of] p1a: The King's Shield
|faint|p1a: The King's Shield
|
|
|switch|p1a: Kelsier|Keldeo|223\/323
|-damage|p1a: Kelsier|203\/323|[from] Stealth Rock
|turn|33
|
|move|p2a: Talonflame|Flare Blitz|p1a: Kelsier
|-crit|p1a: Kelsier
|-resisted|p1a: Kelsier
|-damage|p1a: Kelsier|0 fnt
|-damage|p2a: Talonflame|167\/297|[from] recoil|[of] p1a: Kelsier
|faint|p1a: Kelsier
|
|win|femt6
|raw|Ladder updating...
|raw|sidzekrom2's rating: 1662 &rarr; <strong>1637<\/strong><br \/>(-25 for losing)
|raw|femt6's rating: 1576 &rarr; <strong>1601<\/strong><br \/>(+25 for winning)
|chat|sidzekrom2|That crit
|chat|sidzekrom2|gg