|join|Taunter
|join|femt6
|player|p1|Taunter|150
|player|p2|femt6|265
|gametype|singles
|gen|6
|tier|OU
|rated
|clearpoke
|poke|p1|Slowbro, F
|poke|p1|Tyranitar, F
|poke|p1|Amoonguss, M
|poke|p1|Zapdos
|poke|p1|Clefable, M
|poke|p1|Hawlucha, F
|poke|p2|Landorus-Therian, M
|poke|p2|Mew
|poke|p2|Gardevoir, M, shiny
|poke|p2|Rotom-Wash, shiny
|poke|p2|Keldeo
|poke|p2|Ferrothorn, M, shiny
|rule|Swagger Clause: Swagger is banned
|rule|Baton Pass Clause: Limit one PokÃ©mon knowing Baton Pass
|rule|Sleep Clause Mod: Limit one foe put to sleep
|rule|Species Clause: Limit one of each PokÃ©mon
|rule|OHKO Clause: OHKO moves are banned
|rule|Moody Clause: Moody is banned
|rule|Evasion Moves Clause: Evasion moves are banned
|rule|Endless Battle Clause: Forcing endless battles is banned
|rule|HP Percentage Mod: HP is shown in percentages
|teampreview
|
|start
|switch|p1a: Slowbro|Slowbro, F|394\/394
|switch|p2a: Mew|Mew|403\/403
|turn|1
|
|switch|p1a: Clefable|Clefable, M|394\/394
|move|p2a: Mew|Taunt|p1a: Clefable
|-start|p1a: Clefable|move: Taunt
|
|turn|2
|
|move|p2a: Mew|Knock Off|p1a: Clefable
|-resisted|p1a: Clefable
|-damage|p1a: Clefable|345\/394
|-enditem|p1a: Clefable|Leftovers|[from] move: Knock Off|[of] p2a: Mew
|move|p1a: Clefable|Moonblast|p2a: Mew
|-damage|p2a: Mew|316\/403
|
|-heal|p2a: Mew|341\/403|[from] item: Leftovers
|turn|3
|
|switch|p2a: Ferrothorn|Ferrothorn, M, shiny|352\/352
|move|p1a: Clefable|Moonblast|p2a: Ferrothorn
|-resisted|p2a: Ferrothorn
|-damage|p2a: Ferrothorn|311\/352
|-unboost|p2a: Ferrothorn|spa|1
|
|-heal|p2a: Ferrothorn|333\/352|[from] item: Leftovers
|turn|4
|
|switch|p1a: Zapdos|Zapdos|384\/384
|-ability|p1a: Zapdos|Pressure
|move|p2a: Ferrothorn|Stealth Rock|p1a: Zapdos
|-sidestart|p1: Taunter|move: Stealth Rock
|
|-heal|p2a: Ferrothorn|352\/352|[from] item: Leftovers
|turn|5
|
|move|p2a: Ferrothorn|Protect|p2a: Ferrothorn
|-singleturn|p2a: Ferrothorn|Protect
|move|p1a: Zapdos|Defog|p2a: Ferrothorn
|-activate|p2a: Ferrothorn|Protect
|
|turn|6
|
|move|p1a: Zapdos|Defog|p2a: Ferrothorn
|-unboost|p2a: Ferrothorn|evasion|1
|-sideend|p1: Taunter|Stealth Rock|[from] move: Defog|[of] p1a: Zapdos
|move|p2a: Ferrothorn|Leech Seed|p1a: Zapdos
|-start|p1a: Zapdos|move: Leech Seed
|
|-damage|p1a: Zapdos|336\/384|[from] Leech Seed|[of] p2a: Ferrothorn
|turn|7
|
|move|p1a: Zapdos|Heat Wave|p2a: Ferrothorn
|-supereffective|p2a: Ferrothorn
|-damage|p2a: Ferrothorn|92\/352
|move|p2a: Ferrothorn|Stealth Rock|p1a: Zapdos
|-sidestart|p1: Taunter|move: Stealth Rock
|
|-heal|p1a: Zapdos|360\/384|[from] item: Leftovers
|-heal|p2a: Ferrothorn|114\/352|[from] item: Leftovers
|-damage|p1a: Zapdos|312\/384|[from] Leech Seed|[of] p2a: Ferrothorn
|-heal|p2a: Ferrothorn|162\/352|[silent]
|turn|8
|
|move|p2a: Ferrothorn|Protect|p2a: Ferrothorn
|-singleturn|p2a: Ferrothorn|Protect
|move|p1a: Zapdos|Defog|p2a: Ferrothorn
|-activate|p2a: Ferrothorn|Protect
|
|-heal|p1a: Zapdos|336\/384|[from] item: Leftovers
|-heal|p2a: Ferrothorn|184\/352|[from] item: Leftovers
|-damage|p1a: Zapdos|288\/384|[from] Leech Seed|[of] p2a: Ferrothorn
|-heal|p2a: Ferrothorn|232\/352|[silent]
|turn|9
|
|move|p1a: Zapdos|Defog|p2a: Ferrothorn
|-unboost|p2a: Ferrothorn|evasion|1
|-sideend|p1: Taunter|Stealth Rock|[from] move: Defog|[of] p1a: Zapdos
|move|p2a: Ferrothorn|Stealth Rock|p1a: Zapdos
|-sidestart|p1: Taunter|move: Stealth Rock
|
|-heal|p1a: Zapdos|312\/384|[from] item: Leftovers
|-heal|p2a: Ferrothorn|254\/352|[from] item: Leftovers
|-damage|p1a: Zapdos|264\/384|[from] Leech Seed|[of] p2a: Ferrothorn
|-heal|p2a: Ferrothorn|302\/352|[silent]
|turn|10
|
|move|p2a: Ferrothorn|Protect|p2a: Ferrothorn
|-singleturn|p2a: Ferrothorn|Protect
|move|p1a: Zapdos|Heat Wave|p2a: Ferrothorn
|-activate|p2a: Ferrothorn|Protect
|
|-heal|p1a: Zapdos|288\/384|[from] item: Leftovers
|-heal|p2a: Ferrothorn|324\/352|[from] item: Leftovers
|-damage|p1a: Zapdos|240\/384|[from] Leech Seed|[of] p2a: Ferrothorn
|-heal|p2a: Ferrothorn|352\/352|[silent]
|turn|11
|
|move|p1a: Zapdos|Heat Wave|p2a: Ferrothorn
|-supereffective|p2a: Ferrothorn
|-damage|p2a: Ferrothorn|92\/352
|move|p2a: Ferrothorn|Stealth Rock|p1a: Zapdos
|-fail|p1a: Zapdos
|
|-heal|p1a: Zapdos|264\/384|[from] item: Leftovers
|-heal|p2a: Ferrothorn|114\/352|[from] item: Leftovers
|-damage|p1a: Zapdos|216\/384|[from] Leech Seed|[of] p2a: Ferrothorn
|-heal|p2a: Ferrothorn|162\/352|[silent]
|turn|12
|
|move|p2a: Ferrothorn|Protect|p2a: Ferrothorn
|-singleturn|p2a: Ferrothorn|Protect
|move|p1a: Zapdos|Roost|p1a: Zapdos
|-heal|p1a: Zapdos|384\/384
|
|-heal|p2a: Ferrothorn|184\/352|[from] item: Leftovers
|-damage|p1a: Zapdos|336\/384|[from] Leech Seed|[of] p2a: Ferrothorn
|-heal|p2a: Ferrothorn|232\/352|[silent]
|turn|13
|
|switch|p2a: Keldeo|Keldeo|323\/323
|move|p1a: Zapdos|Heat Wave|p2a: Keldeo
|-resisted|p2a: Keldeo
|-damage|p2a: Keldeo|272\/323
|
|-heal|p1a: Zapdos|360\/384|[from] item: Leftovers
|-damage|p1a: Zapdos|312\/384|[from] Leech Seed|[of] p2a: Keldeo
|-heal|p2a: Keldeo|320\/323|[silent]
|turn|14
|
|switch|p1a: Clefable|Clefable, M|345\/394
|move|p2a: Keldeo|Icy Wind|p1a: Clefable
|-damage|p1a: Clefable|260\/394
|-unboost|p1a: Clefable|spe|1
|
|turn|15
|
|switch|p2a: Ferrothorn|Ferrothorn, M, shiny|232\/352
|move|p1a: Clefable|Wish|p1a: Clefable
|
|-heal|p2a: Ferrothorn|254\/352|[from] item: Leftovers
|turn|16
|
|switch|p1a: Zapdos|Zapdos|312\/384
|-damage|p1a: Zapdos|216\/384|[from] Stealth Rock
|-ability|p1a: Zapdos|Pressure
|move|p2a: Ferrothorn|Leech Seed|p1a: Zapdos
|-start|p1a: Zapdos|move: Leech Seed
|
|-heal|p1a: Zapdos|384\/384|[from] move: Wish|[wisher] Clefable
|-heal|p2a: Ferrothorn|276\/352|[from] item: Leftovers
|-damage|p1a: Zapdos|336\/384|[from] Leech Seed|[of] p2a: Ferrothorn
|-heal|p2a: Ferrothorn|324\/352|[silent]
|turn|17
|
|move|p1a: Zapdos|Roost|p1a: Zapdos
|-heal|p1a: Zapdos|384\/384
|move|p2a: Ferrothorn|Stealth Rock|p1a: Zapdos
|-fail|p1a: Zapdos
|
|-heal|p2a: Ferrothorn|346\/352|[from] item: Leftovers
|-damage|p1a: Zapdos|336\/384|[from] Leech Seed|[of] p2a: Ferrothorn
|-heal|p2a: Ferrothorn|352\/352|[silent]
|turn|18
|
|move|p1a: Zapdos|Roost|p1a: Zapdos
|-heal|p1a: Zapdos|384\/384
|move|p2a: Ferrothorn|Stealth Rock|p1a: Zapdos
|-fail|p1a: Zapdos
|
|-damage|p1a: Zapdos|336\/384|[from] Leech Seed|[of] p2a: Ferrothorn
|turn|19
|
|move|p1a: Zapdos|Heat Wave|p2a: Ferrothorn
|-supereffective|p2a: Ferrothorn
|-damage|p2a: Ferrothorn|64\/352
|move|p2a: Ferrothorn|Stealth Rock|p1a: Zapdos
|-fail|p1a: Zapdos
|
|-heal|p1a: Zapdos|360\/384|[from] item: Leftovers
|-heal|p2a: Ferrothorn|86\/352|[from] item: Leftovers
|-damage|p1a: Zapdos|312\/384|[from] Leech Seed|[of] p2a: Ferrothorn
|-heal|p2a: Ferrothorn|134\/352|[silent]
|turn|20
|
|move|p2a: Ferrothorn|Protect|p2a: Ferrothorn
|-singleturn|p2a: Ferrothorn|Protect
|move|p1a: Zapdos|Roost|p1a: Zapdos
|-heal|p1a: Zapdos|384\/384
|
|-heal|p2a: Ferrothorn|156\/352|[from] item: Leftovers
|-damage|p1a: Zapdos|336\/384|[from] Leech Seed|[of] p2a: Ferrothorn
|-heal|p2a: Ferrothorn|204\/352|[silent]
|turn|21
|
|switch|p2a: Landorus-Therian|Landorus-Therian, M|326\/326
|-ability|p2a: Landorus-Therian|Intimidate|[of] p1a: Zapdos
|-unboost|p1a: Zapdos|atk|1
|move|p1a: Zapdos|Defog|p2a: Landorus-Therian
|-unboost|p2a: Landorus-Therian|evasion|1
|-sideend|p1: Taunter|Stealth Rock|[from] move: Defog|[of] p1a: Zapdos
|
|-heal|p1a: Zapdos|360\/384|[from] item: Leftovers
|-damage|p1a: Zapdos|312\/384|[from] Leech Seed|[of] p2a: Landorus-Therian
|turn|22
|
|move|p2a: Landorus-Therian|U-turn|p1a: Zapdos
|-resisted|p1a: Zapdos
|-damage|p1a: Zapdos|279\/384
|
|switch|p2a: Keldeo|Keldeo|320\/323
|move|p1a: Zapdos|Roost|p1a: Zapdos
|-heal|p1a: Zapdos|384\/384
|
|-damage|p1a: Zapdos|336\/384|[from] Leech Seed|[of] p2a: Keldeo
|-heal|p2a: Keldeo|323\/323|[silent]
|turn|23
|
|switch|p1a: Slowbro|Slowbro, F|394\/394
|move|p2a: Keldeo|Scald|p1a: Slowbro
|-resisted|p1a: Slowbro
|-damage|p1a: Slowbro|256\/394
|
|turn|24
|
|switch|p2a: Ferrothorn|Ferrothorn, M, shiny|204\/352
|detailschange|p1a: Slowbro|Slowbro-Mega, F
|message|Slowbro has Mega Evolved into Mega Slowbro!
|move|p1a: Slowbro|Slack Off|p1a: Slowbro
|-heal|p1a: Slowbro|394\/394
|
|-heal|p2a: Ferrothorn|226\/352|[from] item: Leftovers
|turn|25
|
|switch|p1a: Zapdos|Zapdos|336\/384
|-ability|p1a: Zapdos|Pressure
|move|p2a: Ferrothorn|Stealth Rock|p1a: Zapdos
|-sidestart|p1: Taunter|move: Stealth Rock
|
|-heal|p1a: Zapdos|360\/384|[from] item: Leftovers
|-heal|p2a: Ferrothorn|248\/352|[from] item: Leftovers
|turn|26
|
|move|p2a: Ferrothorn|Protect|p2a: Ferrothorn
|-singleturn|p2a: Ferrothorn|Protect
|move|p1a: Zapdos|Heat Wave|p2a: Ferrothorn
|-activate|p2a: Ferrothorn|Protect
|
|-heal|p1a: Zapdos|384\/384|[from] item: Leftovers
|-heal|p2a: Ferrothorn|270\/352|[from] item: Leftovers
|turn|27
|
|switch|p2a: Landorus-Therian|Landorus-Therian, M|326\/326
|-ability|p2a: Landorus-Therian|Intimidate|[of] p1a: Zapdos
|-unboost|p1a: Zapdos|atk|1
|move|p1a: Zapdos|Heat Wave|p2a: Landorus-Therian
|-crit|p2a: Landorus-Therian
|-damage|p2a: Landorus-Therian|174\/326
|
|turn|28
|
|move|p2a: Landorus-Therian|Stone Edge|p1a: Zapdos|[miss]
|-miss|p2a: Landorus-Therian|p1a: Zapdos
|move|p1a: Zapdos|Defog|p2a: Landorus-Therian
|-unboost|p2a: Landorus-Therian|evasion|1
|-sideend|p1: Taunter|Stealth Rock|[from] move: Defog|[of] p1a: Zapdos
|
|turn|29
|
|switch|p2a: Ferrothorn|Ferrothorn, M, shiny|270\/352
|switch|p1a: Slowbro|Slowbro-Mega, F|394\/394
|
|-heal|p2a: Ferrothorn|292\/352|[from] item: Leftovers
|turn|30
|
|switch|p1a: Hawlucha|Hawlucha, F|298\/298
|move|p2a: Ferrothorn|Stealth Rock|p1a: Hawlucha
|-sidestart|p1: Taunter|move: Stealth Rock
|
|-heal|p2a: Ferrothorn|314\/352|[from] item: Leftovers
|turn|31
|
|move|p2a: Ferrothorn|Protect|p2a: Ferrothorn
|-singleturn|p2a: Ferrothorn|Protect
|move|p1a: Hawlucha|Swords Dance|p1a: Hawlucha
|-boost|p1a: Hawlucha|atk|2
|
|-heal|p2a: Ferrothorn|336\/352|[from] item: Leftovers
|turn|32
|
|switch|p2a: Landorus-Therian|Landorus-Therian, M|174\/326
|-ability|p2a: Landorus-Therian|Intimidate|[of] p1a: Hawlucha
|-unboost|p1a: Hawlucha|atk|1
|move|p1a: Hawlucha|High Jump Kick|p2a: Landorus-Therian
|-resisted|p2a: Landorus-Therian
|-damage|p2a: Landorus-Therian|34\/326
|
|turn|33
|
|move|p2a: Landorus-Therian|U-turn|p1a: Hawlucha
|-resisted|p1a: Hawlucha
|-damage|p1a: Hawlucha|269\/298
|
|switch|p2a: Mew|Mew|341\/403
|move|p1a: Hawlucha|Sky Attack|p2a: Mew|[still]
|-prepare|p1a: Hawlucha|Sky Attack|p2a: Mew
|-enditem|p1a: Hawlucha|Power Herb
|-anim|p1a: Hawlucha|Sky Attack|p2a: Mew
|-damage|p2a: Mew|44\/403
|
|-heal|p2a: Mew|69\/403|[from] item: Leftovers
|turn|34
|
|switch|p2a: Landorus-Therian|Landorus-Therian, M|34\/326
|-ability|p2a: Landorus-Therian|Intimidate|[of] p1a: Hawlucha
|-unboost|p1a: Hawlucha|atk|1
|move|p1a: Hawlucha|Acrobatics|p2a: Landorus-Therian
|-damage|p2a: Landorus-Therian|0 fnt
|faint|p2a: Landorus-Therian
|
|
|switch|p2a: Ferrothorn|Ferrothorn, M, shiny|336\/352
|turn|35
|
|move|p1a: Hawlucha|High Jump Kick|p2a: Ferrothorn
|-supereffective|p2a: Ferrothorn
|-damage|p2a: Ferrothorn|90\/352
|-damage|p1a: Hawlucha|232\/298|[from] ability: Iron Barbs|[of] p2a: Ferrothorn
|move|p2a: Ferrothorn|Leech Seed|p1a: Hawlucha
|-start|p1a: Hawlucha|move: Leech Seed
|
|-heal|p2a: Ferrothorn|112\/352|[from] item: Leftovers
|-damage|p1a: Hawlucha|195\/298|[from] Leech Seed|[of] p2a: Ferrothorn
|-heal|p2a: Ferrothorn|149\/352|[silent]
|turn|36
|
|move|p1a: Hawlucha|Swords Dance|p1a: Hawlucha
|-boost|p1a: Hawlucha|atk|2
|move|p2a: Ferrothorn|Gyro Ball|p1a: Hawlucha
|-damage|p1a: Hawlucha|0 fnt
|faint|p1a: Hawlucha
|
|-heal|p2a: Ferrothorn|171\/352|[from] item: Leftovers
|
|switch|p1a: Zapdos|Zapdos|384\/384
|-damage|p1a: Zapdos|288\/384|[from] Stealth Rock
|-ability|p1a: Zapdos|Pressure
|turn|37
|
|move|p2a: Ferrothorn|Protect|p2a: Ferrothorn
|-singleturn|p2a: Ferrothorn|Protect
|move|p1a: Zapdos|Heat Wave|p2a: Ferrothorn
|-activate|p2a: Ferrothorn|Protect
|
|-heal|p1a: Zapdos|312\/384|[from] item: Leftovers
|-heal|p2a: Ferrothorn|193\/352|[from] item: Leftovers
|turn|38
|
|switch|p2a: Rotom-Wash|Rotom-Wash, shiny|303\/303
|move|p1a: Zapdos|Defog|p2a: Rotom-Wash
|-unboost|p2a: Rotom-Wash|evasion|1
|-sideend|p1: Taunter|Stealth Rock|[from] move: Defog|[of] p1a: Zapdos
|
|-heal|p1a: Zapdos|336\/384|[from] item: Leftovers
|turn|39
|
|switch|p1a: Tyranitar|Tyranitar, F|404\/404
|-weather|Sandstorm
|move|p2a: Rotom-Wash|Will-O-Wisp|p1a: Tyranitar
|-status|p1a: Tyranitar|brn
|
|-weather|Sandstorm|[upkeep]
|-damage|p2a: Rotom-Wash|285\/303|[from] sandstorm
|-heal|p2a: Rotom-Wash|303\/303|[from] item: Leftovers
|-damage|p1a: Tyranitar|354\/404 brn|[from] brn
|turn|40
|
|move|p2a: Rotom-Wash|Hydro Pump|p1a: Tyranitar
|-supereffective|p1a: Tyranitar
|-damage|p1a: Tyranitar|262\/404 brn
|move|p1a: Tyranitar|Crunch|p2a: Rotom-Wash
|-damage|p2a: Rotom-Wash|254\/303
|
|-weather|Sandstorm|[upkeep]
|-damage|p2a: Rotom-Wash|236\/303|[from] sandstorm
|-heal|p2a: Rotom-Wash|254\/303|[from] item: Leftovers
|-damage|p1a: Tyranitar|212\/404 brn|[from] brn
|turn|41
|
|switch|p1a: Clefable|Clefable, M|260\/394
|move|p2a: Rotom-Wash|Volt Switch|p1a: Clefable
|-damage|p1a: Clefable|188\/394
|
|switch|p2a: Gardevoir|Gardevoir, M, shiny|277\/277
|-ability|p2a: Gardevoir|Magic Guard|[from] ability: Trace|[of] p1a: Clefable
|
|-weather|Sandstorm|[upkeep]
|turn|42
|
|detailschange|p2a: Gardevoir|Gardevoir-Mega, M, shiny
|message|Gardevoir has Mega Evolved into Mega Gardevoir!
|move|p2a: Gardevoir|Substitute|p2a: Gardevoir
|-start|p2a: Gardevoir|Substitute
|-damage|p2a: Gardevoir|208\/277
|move|p1a: Clefable|Wish|p1a: Clefable
|
|-weather|Sandstorm|[upkeep]
|-damage|p2a: Gardevoir|191\/277|[from] sandstorm
|turn|43
|
|move|p2a: Gardevoir|Calm Mind|p2a: Gardevoir
|-boost|p2a: Gardevoir|spa|1
|-boost|p2a: Gardevoir|spd|1
|move|p1a: Clefable|Moonblast|p2a: Gardevoir
|-activate|p2a: Gardevoir|Substitute|[damage]
|
|-weather|none
|-heal|p1a: Clefable|385\/394|[from] move: Wish|[wisher] Clefable
|turn|44
|
|move|p2a: Gardevoir|Calm Mind|p2a: Gardevoir
|-boost|p2a: Gardevoir|spa|1
|-boost|p2a: Gardevoir|spd|1
|move|p1a: Clefable|Moonblast|p2a: Gardevoir
|-end|p2a: Gardevoir|Substitute
|
|turn|45
|
|switch|p1a: Tyranitar|Tyranitar, F|212\/404 brn
|-weather|Sandstorm
|move|p2a: Gardevoir|Substitute|p2a: Gardevoir
|-start|p2a: Gardevoir|Substitute
|-damage|p2a: Gardevoir|122\/277
|
|-weather|Sandstorm|[upkeep]
|-damage|p2a: Gardevoir|105\/277|[from] sandstorm
|-damage|p1a: Tyranitar|162\/404 brn|[from] brn
|turn|46
|
|move|p2a: Gardevoir|Hyper Voice|p1a: Tyranitar
|-supereffective|p1a: Tyranitar
|-damage|p1a: Tyranitar|0 fnt
|faint|p1a: Tyranitar
|
|-weather|Sandstorm|[upkeep]
|-damage|p2a: Gardevoir|88\/277|[from] sandstorm
|
|switch|p1a: Clefable|Clefable, M|385\/394
|turn|47
|
|move|p2a: Gardevoir|Psyshock|p1a: Clefable
|-damage|p1a: Clefable|0 fnt
|faint|p1a: Clefable
|
|-weather|Sandstorm|[upkeep]
|-damage|p2a: Gardevoir|71\/277|[from] sandstorm
|
|switch|p1a: Amoonguss|Amoonguss, M|432\/432
|turn|48
|
|switch|p1a: Slowbro|Slowbro-Mega, F|394\/394
|move|p2a: Gardevoir|Psyshock|p1a: Slowbro
|-resisted|p1a: Slowbro
|-damage|p1a: Slowbro|288\/394
|
|-weather|Sandstorm|[upkeep]
|-damage|p2a: Gardevoir|54\/277|[from] sandstorm
|-damage|p1a: Slowbro|264\/394|[from] sandstorm
|turn|49
|
|switch|p1a: Amoonguss|Amoonguss, M|432\/432
|move|p2a: Gardevoir|Hyper Voice|p1a: Amoonguss
|-crit|p1a: Amoonguss
|-resisted|p1a: Amoonguss
|-damage|p1a: Amoonguss|14\/432
|
|-weather|none
|-heal|p1a: Amoonguss|41\/432|[from] item: Black Sludge
|turn|50
|
|move|p2a: Gardevoir|Hyper Voice|p1a: Amoonguss
|-resisted|p1a: Amoonguss
|-damage|p1a: Amoonguss|0 fnt
|faint|p1a: Amoonguss
|
|
|switch|p1a: Zapdos|Zapdos|336\/384
|-ability|p1a: Zapdos|Pressure
|turn|51
|
|move|p2a: Gardevoir|Hyper Voice|p1a: Zapdos
|-damage|p1a: Zapdos|0 fnt
|faint|p1a: Zapdos
|
|-message|Taunter forfeited.
|
|win|femt6
|raw|Ladder updating...
|leave|Taunter
|player|p1
|raw|Taunter's rating: 1344 &rarr; <strong>1327<\/strong><br \/>(-17 for losing)
|raw|femt6's rating: 1405 &rarr; <strong>1422<\/strong><br \/>(+17 for winning)