|join|Eighty
|join|femt6
|player|p1|Eighty|265
|player|p2|femt6|265
|gametype|singles
|tier|OU
|rated
|rule|Evasion Abilities Clause: Evasion abilities are banned
|clearpoke
|poke|p1|Hippowdon, F, shiny
|poke|p1|Latias, F
|poke|p1|Skarmory, M
|poke|p1|Roserade, F, shiny
|poke|p1|Stoutland, F
|poke|p1|Jellicent, F, shiny
|poke|p2|Tyranitar, M
|poke|p2|Celebi
|poke|p2|Landorus-Therian, M
|poke|p2|Keldeo-Resolute
|poke|p2|Xatu, M
|poke|p2|Jirachi
|rule|Sleep Clause Mod: Limit one foe put to sleep
|rule|Species Clause: Limit one of each Pokemon
|rule|OHKO Clause: OHKO moves are banned
|rule|Moody Clause: Moody is banned
|rule|Evasion Moves Clause: Evasion moves are banned
|rule|HP Percentage Mod: HP is reported as percentages
|teampreview
|callback|decision
|
|start
|switch|p1a: Jellicent|Jellicent, F, shiny|403\/403
|switch|p2a: Pawn|Jirachi|342\/342
|turn|1
|callback|decision
|
|move|p2a: Pawn|U-turn|p1a: Jellicent
|-resisted|p1a: Jellicent
|-damage|p1a: Jellicent|367\/403
|callback|decision
|
|switch|p2a: King|Tyranitar, M|403\/403
|-weather|Sandstorm|[from] ability: Sand Stream|[of] p2a: King
|move|p1a: Jellicent|Scald|p2a: King
|-supereffective|p2a: King
|-damage|p2a: King|281\/403
|
|-weather|Sandstorm|[upkeep]
|-damage|p1a: Jellicent|342\/403|[from] sandstorm
|-heal|p1a: Jellicent|367\/403|[from] item: Leftovers
|turn|2
|callback|decision
|
|move|p1a: Jellicent|Scald|p2a: King
|-supereffective|p2a: King
|-damage|p2a: King|165\/403
|move|p2a: King|Pursuit|p1a: Jellicent
|-supereffective|p1a: Jellicent
|-damage|p1a: Jellicent|125\/403
|
|-weather|Sandstorm|[upkeep]
|-damage|p1a: Jellicent|100\/403|[from] sandstorm
|-heal|p1a: Jellicent|125\/403|[from] item: Leftovers
|turn|3
|callback|decision
|
|move|p1a: Jellicent|Scald|p2a: King
|-supereffective|p2a: King
|-damage|p2a: King|61\/403
|move|p2a: King|Pursuit|p1a: Jellicent
|-supereffective|p1a: Jellicent
|-damage|p1a: Jellicent|0 fnt
|faint|p1a: Jellicent
|
|-weather|Sandstorm|[upkeep]
|callback|decision
|
|switch|p1a: Hippowdon|Hippowdon, F, shiny|420\/420
|turn|4
|callback|decision
|
|switch|p2a: Bishop|Xatu, M|326\/326
|switch|p1a: Stoutland|Stoutland, F|311\/311
|
|-weather|Sandstorm|[upkeep]
|-damage|p2a: Bishop|306\/326|[from] sandstorm
|-heal|p2a: Bishop|326\/326|[from] item: Leftovers
|turn|5
|callback|decision
|
|move|p1a: Stoutland|Return|p2a: Bishop
|-damage|p2a: Bishop|100\/326
|move|p2a: Bishop|U-turn|p1a: Stoutland
|-damage|p1a: Stoutland|271\/311
|callback|decision
|
|switch|p2a: Rook|Landorus-Therian, M|378\/378
|-ability|p2a: Rook|Intimidate|[of] p1a: Stoutland
|-unboost|p1a: Stoutland|atk|1
|
|-weather|Sandstorm|[upkeep]
|turn|6
|callback|decision
|
|switch|p1a: Skarmory|Skarmory, M|334\/334
|move|p2a: Rook|Stealth Rock|p1a: Skarmory
|-sidestart|p1: Eighty|move: Stealth Rock
|
|-weather|Sandstorm|[upkeep]
|turn|7
|callback|decision
|
|move|p2a: Rook|U-turn|p1a: Skarmory
|-resisted|p1a: Skarmory
|-damage|p1a: Skarmory|323\/334
|-damage|p2a: Rook|315\/378|[from] item: Rocky Helmet|[of] p1a: Skarmory
|callback|decision
|
|switch|p2a: Bishop|Xatu, M|100\/326
|move|p1a: Skarmory|Brave Bird|p2a: Bishop
|-damage|p2a: Bishop|0 fnt
|-damage|p1a: Skarmory|290\/334|[from] recoil|[of] p2a: Bishop
|faint|p2a: Bishop
|
|-weather|Sandstorm|[upkeep]
|callback|decision
|
|switch|p2a: Knight|Keldeo-Resolute|324\/324
|turn|8
|callback|decision
|
|switch|p1a: Roserade|Roserade, F, shiny|324\/324
|-damage|p1a: Roserade|284\/324|[from] Stealth Rock
|move|p2a: Knight|Icy Wind|p1a: Roserade
|-supereffective|p1a: Roserade
|-damage|p1a: Roserade|138\/324
|-unboost|p1a: Roserade|spe|1
|
|-weather|Sandstorm|[upkeep]
|-damage|p2a: Knight|304\/324|[from] sandstorm
|-damage|p1a: Roserade|118\/324|[from] sandstorm
|-heal|p1a: Roserade|138\/324|[from] item: Black Sludge
|turn|9
|callback|decision
|
|move|p2a: Knight|Icy Wind|p1a: Roserade
|-supereffective|p1a: Roserade
|-damage|p1a: Roserade|0 fnt
|faint|p1a: Roserade
|
|-weather|Sandstorm|[upkeep]
|-damage|p2a: Knight|284\/324|[from] sandstorm
|callback|decision
|
|switch|p1a: Stoutland|Stoutland, F|271\/311
|-damage|p1a: Stoutland|233\/311|[from] Stealth Rock
|turn|10
|callback|decision
|
|switch|p2a: Rook|Landorus-Therian, M|315\/378
|-ability|p2a: Rook|Intimidate|[of] p1a: Stoutland
|-unboost|p1a: Stoutland|atk|1
|move|p1a: Stoutland|Return|p2a: Rook
|-damage|p2a: Rook|174\/378
|
|-weather|Sandstorm|[upkeep]
|-heal|p2a: Rook|197\/378|[from] item: Leftovers
|turn|11
|callback|decision
|
|move|p1a: Stoutland|Return|p2a: Rook
|-damage|p2a: Rook|38\/378
|move|p2a: Rook|U-turn|p1a: Stoutland
|-damage|p1a: Stoutland|155\/311
|callback|decision
|
|switch|p2a: Pawn|Jirachi|342\/342
|
|-weather|Sandstorm|[upkeep]
|turn|12
|callback|decision
|
|move|p1a: Stoutland|Return|p2a: Pawn
|-resisted|p2a: Pawn
|-damage|p2a: Pawn|264\/342
|move|p2a: Pawn|Fire Punch|p1a: Stoutland
|-damage|p1a: Stoutland|74\/311
|-status|p1a: Stoutland|brn
|
|-weather|Sandstorm|[upkeep]
|-damage|p1a: Stoutland|36\/311 brn|[from] brn
|turn|13
|callback|decision
|
|switch|p1a: Hippowdon|Hippowdon, F, shiny|420\/420
|-damage|p1a: Hippowdon|394\/420|[from] Stealth Rock
|move|p2a: Pawn|Fire Punch|p1a: Hippowdon
|-damage|p1a: Hippowdon|323\/420
|
|-weather|Sandstorm|[upkeep]
|-heal|p1a: Hippowdon|349\/420|[from] item: Leftovers
|turn|14
|callback|decision
|
|switch|p2a: Knight|Keldeo-Resolute|284\/324
|move|p1a: Hippowdon|Stealth Rock|p2a: Knight
|-sidestart|p2: femt6|move: Stealth Rock
|
|-weather|Sandstorm|[upkeep]
|-damage|p2a: Knight|264\/324|[from] sandstorm
|-heal|p1a: Hippowdon|375\/420|[from] item: Leftovers
|turn|15
|callback|decision
|
|switch|p1a: Stoutland|Stoutland, F|36\/311 brn
|-damage|p1a: Stoutland|0 fnt|[from] Stealth Rock
|faint|p1a: Stoutland
|move|p2a: Knight|Surf|p1: Stoutland|[notarget]
|-notarget
|
|-weather|Sandstorm|[upkeep]
|-damage|p2a: Knight|244\/324|[from] sandstorm
|callback|decision
|
|switch|p1a: Latias|Latias, F|364\/364
|-damage|p1a: Latias|319\/364|[from] Stealth Rock
|turn|16
|callback|decision
|
|move|p1a: Latias|Hidden Power|p2a: Knight
|-crit|p2a: Knight
|-resisted|p2a: Knight
|-damage|p2a: Knight|177\/324
|move|p2a: Knight|Icy Wind|p1a: Latias
|-crit|p1a: Latias
|-supereffective|p1a: Latias
|-damage|p1a: Latias|61\/364
|-unboost|p1a: Latias|spe|1
|
|-weather|Sandstorm|[upkeep]
|-damage|p2a: Knight|157\/324|[from] sandstorm
|-damage|p1a: Latias|39\/364|[from] sandstorm
|-heal|p1a: Latias|61\/364|[from] item: Leftovers
|turn|17
|callback|decision
|
|switch|p1a: Hippowdon|Hippowdon, F, shiny|375\/420
|-damage|p1a: Hippowdon|349\/420|[from] Stealth Rock
|move|p2a: Knight|Icy Wind|p1a: Hippowdon
|-supereffective|p1a: Hippowdon
|-damage|p1a: Hippowdon|207\/420
|-unboost|p1a: Hippowdon|spe|1
|
|-weather|Sandstorm|[upkeep]
|-damage|p2a: Knight|137\/324|[from] sandstorm
|-heal|p1a: Hippowdon|233\/420|[from] item: Leftovers
|turn|18
|callback|decision
|chat|femt6|gg
|
|move|p2a: Knight|Surf|p1a: Hippowdon
|-supereffective|p1a: Hippowdon
|-damage|p1a: Hippowdon|0 fnt
|faint|p1a: Hippowdon
|
|-weather|Sandstorm|[upkeep]
|-damage|p2a: Knight|117\/324|[from] sandstorm
|callback|decision
|
|switch|p1a: Latias|Latias, F|61\/364
|-damage|p1a: Latias|16\/364|[from] Stealth Rock
|turn|19
|callback|decision
|
|switch|p2a: Pawn|Jirachi|264\/342
|-damage|p2a: Pawn|243\/342|[from] Stealth Rock
|move|p1a: Latias|Roost|p1a: Latias
|-heal|p1a: Latias|198\/364
|
|-weather|Sandstorm|[upkeep]
|-damage|p1a: Latias|176\/364|[from] sandstorm
|-heal|p1a: Latias|198\/364|[from] item: Leftovers
|turn|20
|callback|decision
|
|move|p2a: Pawn|U-turn|p1a: Latias
|-supereffective|p1a: Latias
|-damage|p1a: Latias|38\/364
|callback|decision
|
|switch|p2a: King|Tyranitar, M|61\/403
|-damage|p2a: King|11\/403|[from] Stealth Rock
|move|p1a: Latias|Roost|p1a: Latias
|-heal|p1a: Latias|220\/364
|
|-weather|Sandstorm|[upkeep]
|-damage|p1a: Latias|198\/364|[from] sandstorm
|-heal|p1a: Latias|220\/364|[from] item: Leftovers
|turn|21
|callback|decision
|chat|Eighty|gg
|chat|Eighty|gg
|chat|Eighty|gg
|chat|Eighty|gg
|chat|Eighty|gg
|chat|Eighty|gg
|
|move|p1a: Latias|Dragon Pulse|p2a: King
|-damage|p2a: King|0 fnt
|faint|p2a: King
|
|-weather|Sandstorm|[upkeep]
|-damage|p1a: Latias|198\/364|[from] sandstorm
|-heal|p1a: Latias|220\/364|[from] item: Leftovers
|callback|decision
|chat|femt6|yeah
|chat|femt6|gg
|
|switch|p2a: Pawn|Jirachi|243\/342
|-damage|p2a: Pawn|222\/342|[from] Stealth Rock
|turn|22
|callback|decision
|
|switch|p1a: Skarmory|Skarmory, M|290\/334
|-damage|p1a: Skarmory|249\/334|[from] Stealth Rock
|move|p2a: Pawn|Iron Head|p1a: Skarmory
|-resisted|p1a: Skarmory
|-damage|p1a: Skarmory|212\/334
|-damage|p2a: Pawn|165\/342|[from] item: Rocky Helmet|[of] p1a: Skarmory
|
|-weather|Sandstorm|[upkeep]
|turn|23
|callback|decision
|chat|Eighty|yeah
|chat|Eighty|gg
|chat|femt6|=\/
|
|switch|p2a: Rook|Landorus-Therian, M|38\/378
|-damage|p2a: Rook|0 fnt|[from] Stealth Rock
|faint|p2a: Rook
|move|p1a: Skarmory|Roost|p1a: Skarmory
|-heal|p1a: Skarmory|334\/334
|
|-weather|Sandstorm|[upkeep]
|callback|decision
|chat|femt6|dont run
|chat|femt6|please
|
|switch|p2a: Pawn|Jirachi|165\/342
|-damage|p2a: Pawn|144\/342|[from] Stealth Rock
|turn|24
|callback|decision
|chat|Eighty|why would I run from free points
|
|move|p2a: Pawn|Ice Punch|p1a: Skarmory
|-damage|p1a: Skarmory|291\/334
|-damage|p2a: Pawn|87\/342|[from] item: Rocky Helmet|[of] p1a: Skarmory
|-status|p1a: Skarmory|frz
|cant|p1a: Skarmory|frz
|
|-weather|Sandstorm|[upkeep]
|turn|25
|callback|decision
|
|switch|p2a: Knight|Keldeo-Resolute|117\/324
|-damage|p2a: Knight|97\/324|[from] Stealth Rock
|-curestatus|p1a: Skarmory|frz
|move|p1a: Skarmory|Spikes|p2a: Knight
|-sidestart|p2: femt6|Spikes
|
|-weather|Sandstorm|[upkeep]
|-damage|p2a: Knight|77\/324|[from] sandstorm
|turn|26
|callback|decision
|
|move|p2a: Knight|Hidden Power|p1a: Skarmory
|-supereffective|p1a: Skarmory
|-damage|p1a: Skarmory|3\/334
|move|p1a: Skarmory|Whirlwind|p2a: Knight
|drag|p2a: Pawn|Jirachi|87\/342
|-damage|p2a: Pawn|45\/342|[from] Spikes
|-damage|p2a: Pawn|24\/342|[from] Stealth Rock
|
|-weather|Sandstorm|[upkeep]
|turn|27
|callback|decision
|
|move|p2a: Pawn|Ice Punch|p1a: Skarmory
|-damage|p1a: Skarmory|0 fnt
|-damage|p2a: Pawn|0 fnt|[from] item: Rocky Helmet|[of] p1a: Skarmory
|faint|p1a: Skarmory
|faint|p2a: Pawn
|
|-weather|Sandstorm|[upkeep]
|callback|decision
|chat|Eighty|thanks for points
|
|switch|p1a: Latias|Latias, F|220\/364
|-damage|p1a: Latias|175\/364|[from] Stealth Rock
|switch|p2a: Queen|Celebi|404\/404
|-damage|p2a: Queen|354\/404|[from] Spikes
|-damage|p2a: Queen|304\/404|[from] Stealth Rock
|turn|28
|callback|decision
|
|move|p1a: Latias|Calm Mind|p1a: Latias
|-boost|p1a: Latias|spa|1
|-boost|p1a: Latias|spd|1
|move|p2a: Queen|Perish Song|p2a: Queen
|-fieldactivate|move: Perish Song
|
|-start|p1a: Latias|perish3
|-start|p2a: Queen|perish3
|-weather|Sandstorm|[upkeep]
|-damage|p1a: Latias|153\/364|[from] sandstorm
|-damage|p2a: Queen|279\/404|[from] sandstorm
|-heal|p1a: Latias|175\/364|[from] item: Leftovers
|-heal|p2a: Queen|304\/404|[from] item: Leftovers
|turn|29
|callback|decision
|
|move|p1a: Latias|Calm Mind|p1a: Latias
|-boost|p1a: Latias|spa|1
|-boost|p1a: Latias|spd|1
|move|p2a: Queen|Recover|p2a: Queen
|-heal|p2a: Queen|404\/404
|
|-start|p1a: Latias|perish2
|-start|p2a: Queen|perish2
|-weather|Sandstorm|[upkeep]
|-damage|p1a: Latias|153\/364|[from] sandstorm
|-damage|p2a: Queen|379\/404|[from] sandstorm
|-heal|p1a: Latias|175\/364|[from] item: Leftovers
|-heal|p2a: Queen|404\/404|[from] item: Leftovers
|turn|30
|callback|decision
|
|move|p1a: Latias|Hidden Power|p2a: Queen
|-supereffective|p2a: Queen
|-damage|p2a: Queen|230\/404
|move|p2a: Queen|Recover|p2a: Queen
|-heal|p2a: Queen|404\/404
|
|-start|p1a: Latias|perish1
|-start|p2a: Queen|perish1
|-weather|Sandstorm|[upkeep]
|-damage|p1a: Latias|153\/364|[from] sandstorm
|-damage|p2a: Queen|379\/404|[from] sandstorm
|-heal|p1a: Latias|175\/364|[from] item: Leftovers
|-heal|p2a: Queen|404\/404|[from] item: Leftovers
|turn|31
|callback|decision
|chat|femt6|thanks u
|chat|femt6|gg
|chat|femt6|lol
|chat|femt6|ahuahuahuahuha
|chat|Eighty|lol grats on luck
|chat|femt6|smile
|chat|femt6|kkkkkkkkkk
|-message|Eighty forfeited.
|
|win|femt6
|raw|Ladder updating...
|chat|femt6|newbie
|leave|Eighty
|player|p1
|raw|Eighty's rating: 2072 &rarr; <strong>2066<\/strong><br \/>(-6 for losing)
|raw|femt6's rating: 1809 &rarr; <strong>1814<\/strong><br \/>(+5 for winning)