|join|batataklug
|join|femt6
|player|p1|batataklug|101
|player|p2|femt6|86
|gametype|singles
|gen|6
|tier|OU
|clearpoke
|poke|p1|Kingdra, F, shiny
|poke|p1|Medicham, F, shiny
|poke|p1|Conkeldurr, M, shiny
|poke|p1|Talonflame, M, shiny
|poke|p1|Rotom-Wash, shiny
|poke|p1|Hippowdon, M, shiny
|poke|p2|Garchomp, F
|poke|p2|Aegislash, M
|poke|p2|Talonflame, M
|poke|p2|Rotom-Wash
|poke|p2|Venusaur, F
|poke|p2|Latias, F
|rule|Sleep Clause Mod: Limit one foe put to sleep
|rule|Species Clause: Limit one of each Pokemon
|rule|OHKO Clause: OHKO moves are banned
|rule|Moody Clause: Moody is banned
|rule|Evasion Moves Clause: Evasion moves are banned
|rule|Endless Battle Clause: Forcing endless battles is banned.
|rule|HP Percentage Mod: HP is reported as percentages
|teampreview
|
|start
|switch|p1a: Talonflame|Talonflame, M, shiny|298\/298
|switch|p2a: Venusaur|Venusaur, F|359\/359
|turn|1
|
|switch|p2a: Rotom-Wash|Rotom-Wash|303\/303
|move|p1a: Talonflame|Flare Blitz|p2a: Rotom-Wash
|-resisted|p2a: Rotom-Wash
|-damage|p2a: Rotom-Wash|214\/303
|-damage|p1a: Talonflame|269\/298|[from] recoil|[of] p2a: Rotom-Wash
|
|-heal|p2a: Rotom-Wash|232\/303|[from] item: Leftovers
|turn|2
|
|switch|p1a: Rotom-Wash|Rotom-Wash, shiny|304\/304
|move|p2a: Rotom-Wash|Volt Switch|p1a: Rotom-Wash
|-crit|p1a: Rotom-Wash
|-damage|p1a: Rotom-Wash|214\/304
|
|switch|p2a: Venusaur|Venusaur, F|359\/359
|
|turn|3
|
|detailschange|p2a: Venusaur|Venusaur-Mega, F
|message|Venusaur has Mega Evolved into Mega Venusaur!
|move|p1a: Rotom-Wash|Hidden Power|p2a: Venusaur
|-supereffective|p2a: Venusaur
|-damage|p2a: Venusaur|317\/359
|move|p2a: Venusaur|Giga Drain|p1a: Rotom-Wash
|-supereffective|p1a: Rotom-Wash
|-enditem|p1a: Rotom-Wash|Rindo Berry|[eat]
|-damage|p1a: Rotom-Wash|111\/304
|-heal|p2a: Venusaur|359\/359|[from] drain|[of] p1a: Rotom-Wash
|
|turn|4
|
|switch|p1a: Conkeldurr|Conkeldurr, M, shiny|414\/414
|move|p2a: Venusaur|Sludge Bomb|p1a: Conkeldurr
|-damage|p1a: Conkeldurr|167\/414
|
|turn|5
|
|move|p2a: Venusaur|Sludge Bomb|p1a: Conkeldurr
|-damage|p1a: Conkeldurr|0 fnt
|faint|p1a: Conkeldurr
|
|
|switch|p1a: Talonflame|Talonflame, M, shiny|269\/298
|turn|6
|
|switch|p2a: Rotom-Wash|Rotom-Wash|232\/303
|move|p1a: Talonflame|Flare Blitz|p2a: Rotom-Wash
|-resisted|p2a: Rotom-Wash
|-damage|p2a: Rotom-Wash|150\/303
|-damage|p1a: Talonflame|242\/298|[from] recoil|[of] p2a: Rotom-Wash
|
|-heal|p2a: Rotom-Wash|168\/303|[from] item: Leftovers
|turn|7
|
|switch|p1a: Kingdra|Kingdra, F, shiny|291\/291
|move|p2a: Rotom-Wash|Volt Switch|p1a: Kingdra
|-damage|p1a: Kingdra|200\/291
|
|switch|p2a: Venusaur|Venusaur-Mega, F|359\/359
|
|turn|8
|
|move|p1a: Kingdra|Ice Beam|p2a: Venusaur
|-supereffective|p2a: Venusaur
|-damage|p2a: Venusaur|255\/359
|-damage|p1a: Kingdra|171\/291|[from] item: Life Orb
|move|p2a: Venusaur|Sludge Bomb|p1a: Kingdra
|-damage|p1a: Kingdra|6\/291
|
|turn|9
|
|move|p1a: Kingdra|Dragon Pulse|p2a: Venusaur
|-damage|p2a: Venusaur|95\/359
|-damage|p1a: Kingdra|0 fnt|[from] item: Life Orb
|faint|p1a: Kingdra
|move|p2a: Venusaur|Synthesis|p2a: Venusaur
|-heal|p2a: Venusaur|274\/359
|
|
|switch|p1a: Talonflame|Talonflame, M, shiny|242\/298
|turn|10
|
|switch|p2a: Garchomp|Garchomp, F|358\/358
|move|p1a: Talonflame|Brave Bird|p2a: Garchomp
|-damage|p2a: Garchomp|121\/358
|-damage|p1a: Talonflame|205\/298|[from] ability: Rough Skin|[of] p2a: Garchomp
|-damage|p1a: Talonflame|156\/298|[from] item: Rocky Helmet|[of] p2a: Garchomp
|-damage|p1a: Talonflame|78\/298|[from] recoil|[of] p2a: Garchomp
|
|turn|11
|
|switch|p2a: Rotom-Wash|Rotom-Wash|168\/303
|move|p1a: Talonflame|Brave Bird|p2a: Rotom-Wash
|-resisted|p2a: Rotom-Wash
|-damage|p2a: Rotom-Wash|79\/303
|-damage|p1a: Talonflame|49\/298|[from] recoil|[of] p2a: Rotom-Wash
|
|-heal|p2a: Rotom-Wash|97\/303|[from] item: Leftovers
|turn|12
|
|move|p1a: Talonflame|Brave Bird|p2a: Rotom-Wash
|-resisted|p2a: Rotom-Wash
|-damage|p2a: Rotom-Wash|9\/303
|-damage|p1a: Talonflame|20\/298|[from] recoil|[of] p2a: Rotom-Wash
|move|p2a: Rotom-Wash|Volt Switch|p1a: Talonflame
|-crit|p1a: Talonflame
|-supereffective|p1a: Talonflame
|-damage|p1a: Talonflame|0 fnt
|faint|p1a: Talonflame
|
|switch|p2a: Aegislash|Aegislash, M|322\/322
|
|
|switch|p1a: Hippowdon|Hippowdon, M, shiny|420\/420
|-weather|Sandstorm
|turn|13
|
|move|p2a: Aegislash|Toxic|p1a: Hippowdon
|-status|p1a: Hippowdon|tox
|move|p1a: Hippowdon|Earthquake|p2a: Aegislash
|-supereffective|p2a: Aegislash
|-damage|p2a: Aegislash|82\/322
|
|-weather|Sandstorm|[upkeep]
|-heal|p2a: Aegislash|102\/322|[from] item: Leftovers
|-damage|p1a: Hippowdon|394\/420 tox|[from] psn
|turn|14
|
|move|p2a: Aegislash|King's Shield|p2a: Aegislash
|-singleturn|p2a: Aegislash|Protect
|move|p1a: Hippowdon|Earthquake|p2a: Aegislash
|-activate|p2a: Aegislash|Protect
|
|-weather|Sandstorm|[upkeep]
|-heal|p2a: Aegislash|122\/322|[from] item: Leftovers
|-heal|p1a: Hippowdon|420\/420 tox|[from] item: Leftovers
|-damage|p1a: Hippowdon|368\/420 tox|[from] psn
|turn|15
|
|switch|p2a: Latias|Latias, F|313\/313
|move|p1a: Hippowdon|Earthquake|p2a: Latias
|-immune|p2a: Latias|[msg]
|
|-weather|Sandstorm|[upkeep]
|-damage|p2a: Latias|294\/313|[from] sandstorm
|-heal|p1a: Hippowdon|394\/420 tox|[from] item: Leftovers
|-damage|p1a: Hippowdon|316\/420 tox|[from] psn
|turn|16
|
|move|p2a: Latias|Draco Meteor|p1a: Hippowdon
|-damage|p1a: Hippowdon|0 fnt
|-unboost|p2a: Latias|spa|2
|-damage|p2a: Latias|263\/313|[from] item: Life Orb
|faint|p1a: Hippowdon
|
|-weather|Sandstorm|[upkeep]
|-damage|p2a: Latias|244\/313|[from] sandstorm
|
|switch|p1a: Medicham|Medicham, F, shiny|324\/324
|turn|17
|
|switch|p2a: Aegislash|Aegislash, M|122\/322
|move|p1a: Medicham|Drain Punch|p2a: Aegislash
|-immune|p2a: Aegislash|[msg]
|
|-weather|none
|-heal|p2a: Aegislash|142\/322|[from] item: Leftovers
|turn|18
|
|move|p2a: Aegislash|King's Shield|p2a: Aegislash
|-singleturn|p2a: Aegislash|Protect
|move|p1a: Medicham|Psycho Cut|p2a: Aegislash
|-activate|p2a: Aegislash|Protect
|
|-heal|p2a: Aegislash|162\/322|[from] item: Leftovers
|turn|19
|
|move|p1a: Medicham|Psycho Cut|p2a: Aegislash
|-resisted|p2a: Aegislash
|-damage|p2a: Aegislash|108\/322
|-formechange|p2a: Aegislash|Aegislash-Blade
|move|p2a: Aegislash|Shadow Ball|p1a: Medicham
|-supereffective|p1a: Medicham
|-damage|p1a: Medicham|0 fnt
|faint|p1a: Medicham
|
|-heal|p2a: Aegislash|128\/322|[from] item: Leftovers
|
|switch|p1a: Rotom-Wash|Rotom-Wash, shiny|111\/304
|turn|20
|
|switch|p2a: Venusaur|Venusaur-Mega, F|274\/359
|move|p1a: Rotom-Wash|Hydro Pump|p2a: Venusaur|[miss]
|-miss|p1a: Rotom-Wash|p2a: Venusaur
|
|turn|21
|
|move|p1a: Rotom-Wash|Hidden Power|p2a: Venusaur
|-supereffective|p2a: Venusaur
|-damage|p2a: Venusaur|230\/359
|move|p2a: Venusaur|Giga Drain|p1a: Rotom-Wash
|-supereffective|p1a: Rotom-Wash
|-damage|p1a: Rotom-Wash|0 fnt
|-heal|p2a: Venusaur|286\/359|[from] drain|[of] p1a: Rotom-Wash
|faint|p1a: Rotom-Wash
|
|win|femt6
|leave|batataklug
|player|p1