|join|femt6
|join|Punctilliosaurus
|player|p1|femt6|169
|player|p2|Punctilliosaurus|266
|gametype|singles
|tier|OU
|rated
|rule|Evasion Abilities Clause: Evasion abilities are banned
|clearpoke
|poke|p1|Tyranitar, M
|poke|p1|Garchomp, M
|poke|p1|Jellicent, M
|poke|p1|Latios, M
|poke|p1|Forretress, M
|poke|p1|Breloom, F
|poke|p2|Dragonite, M
|poke|p2|Breloom, F
|poke|p2|Starmie
|poke|p2|Scizor, F
|poke|p2|Mamoswine, M
|poke|p2|Volcarona, M
|rule|Sleep Clause: Limit one foe put to sleep
|rule|Species Clause: Limit one of each Pokemon
|rule|OHKO Clause: OHKO moves are banned
|rule|Moody Clause: Moody is banned
|rule|Evasion Moves Clause: Evasion moves are banned
|teampreview
|callback|decision
|
|start
|switch|p1a: Jellicent|Jellicent, M|404\/404
|switch|p2a: Mamoswine|Mamoswine, M|362\/362
|turn|1
|callback|decision
|
|move|p2a: Mamoswine|Stealth Rock|p1a: Jellicent
|-sidestart|p1: femt6|move: Stealth Rock
|move|p1a: Jellicent|Scald|p2a: Mamoswine
|-supereffective|p2a: Mamoswine
|-damage|p2a: Mamoswine|96\/362
|
|turn|2
|callback|decision
|
|switch|p2a: Breloom|Breloom, F|262\/262
|move|p1a: Jellicent|Will-O-Wisp|p2a: Breloom
|-status|p2a: Breloom|brn
|
|-damage|p2a: Breloom|230\/262 brn|[from] brn
|turn|3
|callback|decision
|
|switch|p1a: Tyranitar|Tyranitar, M|342\/342
|-damage|p1a: Tyranitar|300\/342|[from] Stealth Rock
|-weather|Sandstorm|[from] ability: Sand Stream|[of] p1a: Tyranitar
|move|p2a: Breloom|Spore|p1a: Tyranitar
|-status|p1a: Tyranitar|slp
|
|-weather|Sandstorm|[upkeep]
|-damage|p2a: Breloom|214\/262 brn|[from] sandstorm
|-damage|p2a: Breloom|182\/262 brn|[from] brn
|turn|4
|callback|decision
|
|switch|p1a: Forretress|Forretress, M|353\/353
|-damage|p1a: Forretress|309\/353|[from] Stealth Rock
|move|p2a: Breloom|Bullet Seed|p1a: Forretress
|-resisted|p1a: Forretress
|-damage|p1a: Forretress|304\/353
|-resisted|p1a: Forretress
|-damage|p1a: Forretress|299\/353
|-hitcount|p1a: Forretress|2
|
|-weather|Sandstorm|[upkeep]
|-damage|p2a: Breloom|166\/262 brn|[from] sandstorm
|-heal|p1a: Forretress|321\/353|[from] item: Leftovers
|-damage|p2a: Breloom|134\/262 brn|[from] brn
|turn|5
|callback|decision
|
|move|p2a: Breloom|Swords Dance|p2a: Breloom
|-boost|p2a: Breloom|atk|2
|move|p1a: Forretress|Rapid Spin|p2a: Breloom
|-damage|p2a: Breloom|116\/262 brn
|-sideend|p1: femt6|Stealth Rock|[from] move: Rapid Spin|[of] p1a: Forretress
|
|-weather|Sandstorm|[upkeep]
|-damage|p2a: Breloom|100\/262 brn|[from] sandstorm
|-heal|p1a: Forretress|343\/353|[from] item: Leftovers
|-damage|p2a: Breloom|68\/262 brn|[from] brn
|turn|6
|callback|decision
|
|move|p2a: Breloom|Mach Punch|p1a: Forretress
|-damage|p1a: Forretress|268\/353
|move|p1a: Forretress|Gyro Ball|p2a: Breloom
|-damage|p2a: Breloom|0 fnt
|faint|p2a: Breloom
|
|-weather|Sandstorm|[upkeep]
|-heal|p1a: Forretress|290\/353|[from] item: Leftovers
|callback|decision
|
|switch|p2a: Dragonite|Dragonite, M|324\/324
|turn|7
|callback|decision
|
|move|p2a: Dragonite|Dragon Dance|p2a: Dragonite
|-boost|p2a: Dragonite|atk|1
|-boost|p2a: Dragonite|spe|1
|move|p1a: Forretress|Volt Switch|p2a: Dragonite
|-damage|p2a: Dragonite|306\/324
|callback|decision
|
|switch|p1a: Garchomp|Garchomp, M|411\/411
|
|-weather|Sandstorm|[upkeep]
|-damage|p2a: Dragonite|286\/324|[from] sandstorm
|turn|8
|callback|decision
|
|switch|p1a: Forretress|Forretress, M|290\/353
|move|p2a: Dragonite|Outrage|p1a: Forretress
|-resisted|p1a: Forretress
|-damage|p1a: Forretress|188\/353
|
|-weather|Sandstorm|[upkeep]
|-damage|p2a: Dragonite|266\/324|[from] sandstorm
|-heal|p1a: Forretress|210\/353|[from] item: Leftovers
|turn|9
|callback|decision
|
|move|p2a: Dragonite|Outrage|p1a: Forretress
|-crit|p1a: Forretress
|-resisted|p1a: Forretress
|-damage|p1a: Forretress|30\/353
|move|p1a: Forretress|Gyro Ball|p2a: Dragonite
|-damage|p2a: Dragonite|125\/324
|
|-end|p2a: Dragonite|rampage
|-start|p2a: Dragonite|confusion
|-weather|Sandstorm|[upkeep]
|-damage|p2a: Dragonite|105\/324|[from] sandstorm
|-heal|p1a: Forretress|52\/353|[from] item: Leftovers
|-enditem|p2a: Dragonite|Lum Berry|[eat]
|-end|p2a: Dragonite|confusion
|turn|10
|callback|decision
|
|move|p2a: Dragonite|Fire Punch|p1a: Forretress
|-supereffective|p1a: Forretress
|-damage|p1a: Forretress|0 fnt
|faint|p1a: Forretress
|
|-weather|Sandstorm|[upkeep]
|-damage|p2a: Dragonite|85\/324|[from] sandstorm
|callback|decision
|
|switch|p1a: Breloom|Breloom, F|262\/262
|turn|11
|callback|decision
|
|move|p1a: Breloom|Mach Punch|p2a: Dragonite
|-resisted|p2a: Dragonite
|-damage|p2a: Dragonite|3\/324
|-damage|p1a: Breloom|236\/262|[from] item: Life Orb
|move|p2a: Dragonite|Fire Punch|p1a: Breloom
|-supereffective|p1a: Breloom
|-damage|p1a: Breloom|0 fnt
|faint|p1a: Breloom
|
|-weather|Sandstorm|[upkeep]
|-damage|p2a: Dragonite|0 fnt|[from] sandstorm
|faint|p2a: Dragonite
|callback|decision
|
|switch|p1a: Latios|Latios, M|301\/301
|switch|p2a: Scizor|Scizor, F|282\/282
|turn|12
|callback|decision
|
|move|p1a: Latios|Hidden Power|p2a: Scizor
|-supereffective|p2a: Scizor
|-damage|p2a: Scizor|0 fnt
|faint|p2a: Scizor
|
|-weather|Sandstorm|[upkeep]
|-damage|p1a: Latios|283\/301|[from] sandstorm
|callback|decision
|
|switch|p2a: Mamoswine|Mamoswine, M|96\/362
|turn|13
|callback|decision
|
|move|p2a: Mamoswine|Ice Shard|p1a: Latios
|-supereffective|p1a: Latios
|-damage|p1a: Latios|85\/301
|move|p1a: Latios|Hidden Power|p2a: Mamoswine
|-supereffective|p2a: Mamoswine
|-damage|p2a: Mamoswine|0 fnt
|faint|p2a: Mamoswine
|
|-weather|Sandstorm|[upkeep]
|-damage|p1a: Latios|67\/301|[from] sandstorm
|callback|decision
|
|switch|p2a: Volcarona|Volcarona, M|312\/312
|turn|14
|callback|decision
|
|switch|p1a: Garchomp|Garchomp, M|411\/411
|move|p2a: Volcarona|Quiver Dance|p2a: Volcarona
|-boost|p2a: Volcarona|spa|1
|-boost|p2a: Volcarona|spd|1
|-boost|p2a: Volcarona|spe|1
|
|-weather|Sandstorm|[upkeep]
|-damage|p2a: Volcarona|293\/312|[from] sandstorm
|turn|15
|callback|decision
|
|move|p2a: Volcarona|Bug Buzz|p1a: Garchomp
|-damage|p1a: Garchomp|122\/411
|move|p1a: Garchomp|Earthquake|p2a: Volcarona
|-damage|p2a: Volcarona|86\/312
|
|-weather|Sandstorm|[upkeep]
|-damage|p2a: Volcarona|67\/312|[from] sandstorm
|turn|16
|callback|decision
|
|move|p2a: Volcarona|Bug Buzz|p1a: Garchomp
|-damage|p1a: Garchomp|0 fnt
|faint|p1a: Garchomp
|
|-weather|Sandstorm|[upkeep]
|-damage|p2a: Volcarona|48\/312|[from] sandstorm
|callback|decision
|
|switch|p1a: Jellicent|Jellicent, M|404\/404
|turn|17
|callback|decision
|
|move|p2a: Volcarona|Hidden Power|p1a: Jellicent
|-damage|p1a: Jellicent|282\/404
|move|p1a: Jellicent|Scald|p2a: Volcarona
|-supereffective|p2a: Volcarona
|-damage|p2a: Volcarona|0 fnt
|faint|p2a: Volcarona
|
|-weather|Sandstorm|[upkeep]
|-damage|p1a: Jellicent|257\/404|[from] sandstorm
|-heal|p1a: Jellicent|282\/404|[from] item: Leftovers
|callback|decision
|
|switch|p2a: Starmie|Starmie|262\/262
|turn|18
|callback|decision
|
|move|p2a: Starmie|Thunderbolt|p1a: Jellicent
|-supereffective|p1a: Jellicent
|-damage|p1a: Jellicent|56\/404
|-damage|p2a: Starmie|236\/262|[from] item: Life Orb
|move|p1a: Jellicent|Will-O-Wisp|p2a: Starmie
|-status|p2a: Starmie|brn
|
|-weather|Sandstorm|[upkeep]
|-damage|p2a: Starmie|220\/262 brn|[from] sandstorm
|-damage|p1a: Jellicent|31\/404|[from] sandstorm
|-heal|p1a: Jellicent|56\/404|[from] item: Leftovers
|-damage|p2a: Starmie|188\/262 brn|[from] brn
|turn|19
|callback|decision
|
|switch|p1a: Tyranitar|Tyranitar, M|300\/342 slp
|move|p2a: Starmie|Thunderbolt|p1a: Tyranitar
|-damage|p1a: Tyranitar|226\/342 slp
|-damage|p2a: Starmie|162\/262 brn|[from] item: Life Orb
|
|-weather|Sandstorm|[upkeep]
|-damage|p2a: Starmie|146\/262 brn|[from] sandstorm
|-damage|p2a: Starmie|114\/262 brn|[from] brn
|turn|20
|callback|decision
|
|switch|p1a: Jellicent|Jellicent, M|56\/404
|move|p2a: Starmie|Surf|p1a: Jellicent
|-heal|p1a: Jellicent|157\/404|[from] ability: Water Absorb|[of] p2a: Starmie
|
|-weather|Sandstorm|[upkeep]
|-damage|p2a: Starmie|98\/262 brn|[from] sandstorm
|-damage|p1a: Jellicent|132\/404|[from] sandstorm
|-heal|p1a: Jellicent|157\/404|[from] item: Leftovers
|-damage|p2a: Starmie|66\/262 brn|[from] brn
|turn|21
|callback|decision
|
|switch|p1a: Tyranitar|Tyranitar, M|226\/342 slp
|move|p2a: Starmie|Thunderbolt|p1a: Tyranitar
|-damage|p1a: Tyranitar|141\/342 slp
|-damage|p2a: Starmie|40\/262 brn|[from] item: Life Orb
|
|-weather|Sandstorm|[upkeep]
|-damage|p2a: Starmie|24\/262 brn|[from] sandstorm
|-damage|p2a: Starmie|0 fnt|[from] brn
|faint|p2a: Starmie
|
|win|femt6
|raw|Ladder updating...
|raw|femt6's rating: 1781 &rarr; <strong>1783<\/strong><br \/>(+2 for winning)
|raw|Punctilliosaurus's rating: 1639 &rarr; <strong>1637<\/strong><br \/>(-2 for losing)
|leave|Punctilliosaurus
|player|p2