|join|femt6
|join|San0suke
|player|p1|femt6|102
|player|p2|San0suke|1
|gametype|singles
|gen|6
|tier|OU
|clearpoke
|poke|p1|Pidgeot, M
|poke|p1|Thundurus, M
|poke|p1|Excadrill, M
|poke|p1|Tyranitar, M
|poke|p1|Slowbro, M
|poke|p1|Amoonguss, M
|poke|p2|Metagross
|poke|p2|Azumarill, F
|poke|p2|Latios, M
|poke|p2|Garchomp, M
|poke|p2|Thundurus, M
|poke|p2|Keldeo
|rule|Swagger Clause: Swagger is banned
|rule|Baton Pass Clause: Limit one PokÃ©mon knowing Baton Pass
|rule|Sleep Clause Mod: Limit one foe put to sleep
|rule|Species Clause: Limit one of each PokÃ©mon
|rule|OHKO Clause: OHKO moves are banned
|rule|Moody Clause: Moody is banned
|rule|Evasion Moves Clause: Evasion moves are banned
|rule|Endless Battle Clause: Forcing endless battles is banned
|rule|HP Percentage Mod: HP is shown in percentages
|teampreview
|c|âSan0suke|boa sorte aÃ­
|c|âfemt6|bom jogo
|
|start
|switch|p1a: Amoonguss|Amoonguss, M|431\/431
|switch|p2a: Garchomp|Garchomp, M|357\/357
|turn|1
|
|move|p2a: Garchomp|Stealth Rock|p1a: Amoonguss
|-sidestart|p1: femt6|move: Stealth Rock
|move|p1a: Amoonguss|Spore|p2a: Garchomp
|-status|p2a: Garchomp|slp
|
|turn|2
|
|cant|p2a: Garchomp|slp
|move|p1a: Amoonguss|Stun Spore|p2a: Garchomp
|-fail|p2a: Garchomp
|
|turn|3
|
|cant|p2a: Garchomp|slp
|move|p1a: Amoonguss|Giga Drain|p2a: Garchomp
|-damage|p2a: Garchomp|260\/357 slp
|
|turn|4
|
|-curestatus|p2a: Garchomp|slp
|move|p2a: Garchomp|Fire Blast|p1a: Amoonguss|[miss]
|-miss|p2a: Garchomp|p1a: Amoonguss
|move|p1a: Amoonguss|Giga Drain|p2a: Garchomp
|-damage|p2a: Garchomp|157\/357
|
|turn|5
|
|move|p2a: Garchomp|Fire Blast|p1a: Amoonguss
|-supereffective|p1a: Amoonguss
|-damage|p1a: Amoonguss|217\/431
|move|p1a: Amoonguss|Spore|p2a: Garchomp
|-status|p2a: Garchomp|slp
|
|-heal|p1a: Amoonguss|243\/431|[from] item: Black Sludge
|turn|6
|
|cant|p2a: Garchomp|slp
|move|p1a: Amoonguss|Stun Spore|p2a: Garchomp
|-fail|p2a: Garchomp
|
|-heal|p1a: Amoonguss|269\/431|[from] item: Black Sludge
|turn|7
|
|cant|p2a: Garchomp|slp
|move|p1a: Amoonguss|Giga Drain|p2a: Garchomp
|-damage|p2a: Garchomp|49\/357 slp
|-heal|p1a: Amoonguss|323\/431|[from] drain|[of] p2a: Garchomp
|
|-heal|p1a: Amoonguss|349\/431|[from] item: Black Sludge
|turn|8
|
|cant|p2a: Garchomp|slp
|move|p1a: Amoonguss|Giga Drain|p2a: Garchomp
|-damage|p2a: Garchomp|0 fnt
|-heal|p1a: Amoonguss|374\/431|[from] drain|[of] p2a: Garchomp
|faint|p2a: Garchomp
|
|-heal|p1a: Amoonguss|400\/431|[from] item: Black Sludge
|
|switch|p2a: Metagross|Metagross|301\/301
|turn|9
|
|switch|p1a: Slowbro|Slowbro, M|393\/393
|-damage|p1a: Slowbro|344\/393|[from] Stealth Rock
|detailschange|p2a: Metagross|Metagross-Mega
|-mega|p2a: Metagross|Metagross|Metagrossite
|move|p2a: Metagross|Zen Headbutt|p1a: Slowbro|[miss]
|-miss|p2a: Metagross|p1a: Slowbro
|
|-heal|p1a: Slowbro|368\/393|[from] item: Leftovers
|turn|10
|c|âfemt6|ta difÃ­cil hein
|c|âSan0suke|sim
|
|switch|p2a: Thundurus|Thundurus, M|298\/298
|move|p1a: Slowbro|Thunder Wave|p2a: Thundurus
|-fail|p2a: Thundurus
|
|-heal|p1a: Slowbro|392\/393|[from] item: Leftovers
|turn|11
|
|switch|p1a: Amoonguss|Amoonguss, M|431\/431
|-damage|p1a: Amoonguss|378\/431|[from] Stealth Rock
|move|p2a: Thundurus|Thunderbolt|p1a: Amoonguss
|-resisted|p1a: Amoonguss
|-damage|p1a: Amoonguss|282\/431
|
|-heal|p1a: Amoonguss|308\/431|[from] item: Black Sludge
|turn|12
|
|move|p2a: Thundurus|Hidden Power|p1a: Amoonguss
|-supereffective|p1a: Amoonguss
|-damage|p1a: Amoonguss|150\/431
|move|p1a: Amoonguss|Spore|p2a: Thundurus
|-status|p2a: Thundurus|slp
|
|-heal|p1a: Amoonguss|176\/431|[from] item: Black Sludge
|turn|13
|
|switch|p1a: Tyranitar|Tyranitar, M|404\/404
|-damage|p1a: Tyranitar|354\/404|[from] Stealth Rock
|-weather|Sandstorm
|cant|p2a: Thundurus|slp
|
|-weather|Sandstorm|[upkeep]
|-damage|p2a: Thundurus|280\/298 slp|[from] sandstorm
|-heal|p2a: Thundurus|298\/298 slp|[from] item: Leftovers
|turn|14
|
|-curestatus|p2a: Thundurus|slp
|move|p2a: Thundurus|Focus Blast|p1a: Tyranitar
|-supereffective|p1a: Tyranitar
|-damage|p1a: Tyranitar|78\/404
|move|p1a: Tyranitar|Thunder Wave|p2a: Thundurus
|-fail|p2a: Thundurus
|
|-weather|Sandstorm|[upkeep]
|-damage|p2a: Thundurus|280\/298|[from] sandstorm
|-heal|p2a: Thundurus|298\/298|[from] item: Leftovers
|turn|15
|c|âSan0suke|nossa, tudo aÃ­ paralisa
|c|âSan0suke|huaheaeuahe
|c|âfemt6|quase tudo
|c|âfemt6|e ate agora nÃ£o paralizei nada
|
|switch|p1a: Amoonguss|Amoonguss, M|319\/431
|-damage|p1a: Amoonguss|266\/431|[from] Stealth Rock
|move|p2a: Thundurus|Focus Blast|p1a: Amoonguss
|-resisted|p1a: Amoonguss
|-damage|p1a: Amoonguss|178\/431
|
|-weather|Sandstorm|[upkeep]
|-damage|p2a: Thundurus|280\/298|[from] sandstorm
|-damage|p1a: Amoonguss|152\/431|[from] sandstorm
|-heal|p2a: Thundurus|298\/298|[from] item: Leftovers
|-heal|p1a: Amoonguss|178\/431|[from] item: Black Sludge
|turn|16
|
|move|p2a: Thundurus|Hidden Power|p1a: Amoonguss
|-supereffective|p1a: Amoonguss
|-damage|p1a: Amoonguss|18\/431
|move|p1a: Amoonguss|Spore|p2a: Thundurus
|-status|p2a: Thundurus|slp
|
|-weather|Sandstorm|[upkeep]
|-damage|p2a: Thundurus|280\/298 slp|[from] sandstorm
|-damage|p1a: Amoonguss|0 fnt|[from] sandstorm
|-heal|p2a: Thundurus|298\/298 slp|[from] item: Leftovers
|faint|p1a: Amoonguss
|
|switch|p1a: Excadrill|Excadrill, M|361\/361
|-damage|p1a: Excadrill|350\/361|[from] Stealth Rock
|turn|17
|
|switch|p2a: Keldeo|Keldeo|323\/323
|move|p1a: Excadrill|Iron Head|p2a: Keldeo
|-resisted|p2a: Keldeo
|-damage|p2a: Keldeo|202\/323
|-damage|p1a: Excadrill|314\/361|[from] item: Life Orb
|
|-weather|Sandstorm|[upkeep]
|-damage|p2a: Keldeo|182\/323|[from] sandstorm
|-heal|p2a: Keldeo|202\/323|[from] item: Leftovers
|turn|18
|
|move|p1a: Excadrill|Earthquake|p2a: Keldeo
|-damage|p2a: Keldeo|0 fnt
|-damage|p1a: Excadrill|278\/361|[from] item: Life Orb
|faint|p2a: Keldeo
|
|-weather|Sandstorm|[upkeep]
|
|switch|p2a: Latios|Latios, M|301\/301
|turn|19
|
|move|p1a: Excadrill|Iron Head|p2a: Latios
|-damage|p2a: Latios|51\/301
|-damage|p1a: Excadrill|242\/361|[from] item: Life Orb
|cant|p2a: Latios|flinch
|
|-weather|Sandstorm|[upkeep]
|-damage|p2a: Latios|33\/301|[from] sandstorm
|turn|20
|c|âSan0suke|aeee
|c|âSan0suke|huahauhuahuahua
|c|âfemt6|malz
|c|âfemt6|contra o hax ninguÃ©m pode
|c|âSan0suke|cara,
|c|âSan0suke|vai ser a quarta final seguida
|c|âSan0suke|perdida por hax
|c|âfemt6|eu acho que essa plataforma Ã© a mais haxienta que tem
|c|âfemt6|vc quem quis jogar aki
|c|âSan0suke|nem eu tÃ´ acreditando
|
|switch|p2a: Thundurus|Thundurus, M|298\/298 slp
|move|p1a: Excadrill|Iron Head|p2a: Thundurus
|-resisted|p2a: Thundurus
|-damage|p2a: Thundurus|154\/298 slp
|-damage|p1a: Excadrill|206\/361|[from] item: Life Orb
|
|-weather|none
|-heal|p2a: Thundurus|172\/298 slp|[from] item: Leftovers
|turn|21
|
|switch|p1a: Tyranitar|Tyranitar, M|78\/404
|-damage|p1a: Tyranitar|28\/404|[from] Stealth Rock
|-weather|Sandstorm
|cant|p2a: Thundurus|slp
|
|-weather|Sandstorm|[upkeep]
|-damage|p2a: Thundurus|154\/298 slp|[from] sandstorm
|-heal|p2a: Thundurus|172\/298 slp|[from] item: Leftovers
|turn|22
|
|cant|p2a: Thundurus|slp
|move|p1a: Tyranitar|Crunch|p2a: Thundurus
|-damage|p2a: Thundurus|0 fnt
|faint|p2a: Thundurus
|
|-weather|Sandstorm|[upkeep]
|
|switch|p2a: Azumarill|Azumarill, F|381\/381
|turn|23
|
|move|p2a: Azumarill|Belly Drum|p2a: Azumarill
|-damage|p2a: Azumarill|191\/381
|-setboost|p2a: Azumarill|atk|6|[from] move: Belly Drum
|move|p1a: Tyranitar|Thunder Wave|p2a: Azumarill
|-status|p2a: Azumarill|par
|
|-weather|Sandstorm|[upkeep]
|-damage|p2a: Azumarill|168\/381 par|[from] sandstorm
|-enditem|p2a: Azumarill|Sitrus Berry|[eat]
|-heal|p2a: Azumarill|263\/381 par|[from] item: Sitrus Berry
|turn|24
|c|âSan0suke|com certeza
|c|âSan0suke|vai dar fully
|c|âSan0suke|quando eu precisar
|
|move|p2a: Azumarill|Aqua Jet|p1a: Tyranitar
|-supereffective|p1a: Tyranitar
|-damage|p1a: Tyranitar|0 fnt
|faint|p1a: Tyranitar
|
|-weather|Sandstorm|[upkeep]
|-damage|p2a: Azumarill|240\/381 par|[from] sandstorm
|c|âfemt6|agora nÃ£o
|c|âfemt6|vai dar exatamente quando precisar mesmo
|c|âfemt6|espera sÃ³
|
|switch|p1a: Slowbro|Slowbro, M|393\/393
|-damage|p1a: Slowbro|344\/393|[from] Stealth Rock
|turn|25
|c|âfemt6|ou vai sweepar a porra toda
|c|âfemt6|sei lÃ¡
|
|move|p1a: Slowbro|Psyshock|p2a: Azumarill
|-damage|p2a: Azumarill|125\/381 par
|move|p2a: Azumarill|Play Rough|p1a: Slowbro
|-damage|p1a: Slowbro|0 fnt
|faint|p1a: Slowbro
|
|-weather|Sandstorm|[upkeep]
|-damage|p2a: Azumarill|102\/381 par|[from] sandstorm
|
|switch|p1a: Pidgeot|Pidgeot, M|307\/307
|-damage|p1a: Pidgeot|231\/307|[from] Stealth Rock
|turn|26
|c|âfemt6|vei ta lento bagarai saporra hein
|c|âfemt6|podia dar fully agora hein
|
|detailschange|p1a: Pidgeot|Pidgeot-Mega, M
|-mega|p1a: Pidgeot|Pidgeot|Pidgeotite
|move|p2a: Azumarill|Aqua Jet|p1a: Pidgeot
|-damage|p1a: Pidgeot|0 fnt
|faint|p1a: Pidgeot
|
|-weather|Sandstorm|[upkeep]
|-damage|p2a: Azumarill|79\/381 par|[from] sandstorm
|c|âSan0suke|nÃ£o fala isso cara
|c|âfemt6|agora agora Ã© um bom momento hein
|
|switch|p1a: Excadrill|Excadrill, M|206\/361
|-damage|p1a: Excadrill|195\/361|[from] Stealth Rock
|turn|27
|c|âSan0suke|se nÃ£o der fully agora
|c|âSan0suke|eu ganho
|
|move|p2a: Azumarill|Aqua Jet|p1a: Excadrill
|-supereffective|p1a: Excadrill
|-damage|p1a: Excadrill|0 fnt
|faint|p1a: Excadrill
|
|-weather|Sandstorm|[upkeep]
|-damage|p2a: Azumarill|56\/381 par|[from] sandstorm
|c|âfemt6|eh
|c|âfemt6|ggzÃ£o
|c|âSan0suke|gg
|
|switch|p1a: Thundurus|Thundurus, M|299\/299
|-damage|p1a: Thundurus|225\/299|[from] Stealth Rock
|turn|28
|c|âSan0suke|pera
|c|âSan0suke|que pode dar fully
|c|âSan0suke|tbolt no gross crit fully
|c|âfemt6|eu sei
|c|âfemt6|mas depois
|c|âfemt6|nÃ£o mato o o gross
|c|âfemt6|nÃ£o tenho tbolt
|c|âfemt6|kkkk
|c|âfemt6|Ã© switch
|
|cant|p2a: Azumarill|par
|move|p1a: Thundurus|Volt Switch|p2a: Azumarill
|-supereffective|p2a: Azumarill
|-damage|p2a: Azumarill|0 fnt
|faint|p2a: Azumarill
|
|-weather|none
|-heal|p1a: Thundurus|243\/299|[from] item: Leftovers
|c|âfemt6|agora que da fully?
|c|âfemt6|vsf
|
|switch|p2a: Metagross|Metagross-Mega|301\/301
|turn|29
|c|âSan0suke|zen headbutt miss
|c|âSan0suke|ah nao, tem ice punch
|
|move|p1a: Thundurus|Thunder Wave|p2a: Metagross
|-status|p2a: Metagross|par
|move|p2a: Metagross|Ice Punch|p1a: Thundurus
|-supereffective|p1a: Thundurus
|-damage|p1a: Thundurus|0 fnt
|faint|p1a: Thundurus
|
|win|San0suke
|c|âfemt6|agora vai
|c|âSan0suke|gg