|join|Reverb
|join|femt6
|player|p1|Reverb|#reverb
|player|p2|femt6|101
|gametype|singles
|gen|6
|tier|OU
|rated
|clearpoke
|poke|p1|Landorus-Therian, M
|poke|p1|Latias, F
|poke|p1|Heatran, F
|poke|p1|Conkeldurr, M
|poke|p1|Azumarill, M
|poke|p1|Heracross, F
|poke|p2|Metagross
|poke|p2|Gothitelle, M
|poke|p2|Rotom-Wash
|poke|p2|Garchomp, F
|poke|p2|Azumarill, M
|poke|p2|Latios, M
|rule|Swagger Clause: Swagger is banned
|rule|Baton Pass Clause: Limit one PokÃ©mon knowing Baton Pass
|rule|Sleep Clause Mod: Limit one foe put to sleep
|rule|Species Clause: Limit one of each PokÃ©mon
|rule|OHKO Clause: OHKO moves are banned
|rule|Moody Clause: Moody is banned
|rule|Evasion Moves Clause: Evasion moves are banned
|rule|Endless Battle Clause: Forcing endless battles is banned
|rule|HP Percentage Mod: HP is shown in percentages
|teampreview
|join|Cosine180
|join|Dark380
|join|haunter
|join|Piexplode
|join|Aloha
|
|start
|switch|p1a: Conkeldurr|Conkeldurr, M|364\/364
|switch|p2a: Garchomp|Garchomp, F|358\/358
|turn|1
|
|move|p2a: Garchomp|Stealth Rock|p1a: Conkeldurr
|-sidestart|p1: Reverb|move: Stealth Rock
|move|p1a: Conkeldurr|Ice Punch|p2a: Garchomp
|-supereffective|p2a: Garchomp
|-enditem|p2a: Garchomp|Focus Sash
|-damage|p2a: Garchomp|1\/358
|-damage|p1a: Conkeldurr|319\/364|[from] ability: Rough Skin|[of] p2a: Garchomp
|
|turn|2
|
|switch|p2a: Gothitelle|Gothitelle, M|282\/282
|move|p1a: Conkeldurr|Mach Punch|p2a: Gothitelle
|-crit|p2a: Gothitelle
|-resisted|p2a: Gothitelle
|-damage|p2a: Gothitelle|214\/282
|
|turn|3
|c| Piexplode|rip trapping is aids
|
|move|p2a: Gothitelle|Psychic|p1a: Conkeldurr
|-supereffective|p1a: Conkeldurr
|-damage|p1a: Conkeldurr|17\/364
|move|p1a: Conkeldurr|Knock Off|p2a: Gothitelle
|-supereffective|p2a: Gothitelle
|-damage|p2a: Gothitelle|0 fnt
|-enditem|p2a: Gothitelle|Choice Specs|[from] move: Knock Off|[of] p1a: Conkeldurr
|faint|p2a: Gothitelle
|
|c|âReverb|what a lord
|
|switch|p2a: Azumarill|Azumarill, M|364\/364
|turn|4
|
|move|p2a: Azumarill|Aqua Jet|p1a: Conkeldurr
|-damage|p1a: Conkeldurr|0 fnt
|faint|p1a: Conkeldurr
|
|
|switch|p1a: Azumarill|Azumarill, M|341\/341
|-damage|p1a: Azumarill|299\/341|[from] Stealth Rock
|turn|5
|join|Costi93
|
|move|p1a: Azumarill|Play Rough|p2a: Azumarill
|-damage|p2a: Azumarill|0 fnt
|faint|p2a: Azumarill
|
|join|yuy
|
|switch|p2a: Metagross|Metagross|321\/321
|turn|6
|
|switch|p1a: Heatran|Heatran, F|385\/385
|-damage|p1a: Heatran|337\/385|[from] Stealth Rock
|detailschange|p2a: Metagross|Metagross-Mega
|-mega|p2a: Metagross|Metagross|Metagrossite
|move|p2a: Metagross|Iron Head|p1a: Heatran
|-resisted|p1a: Heatran
|-damage|p1a: Heatran|281\/385
|
|-heal|p1a: Heatran|305\/385|[from] item: Leftovers
|turn|7
|
|switch|p1a: Latias|Latias, F|364\/364
|-damage|p1a: Latias|319\/364|[from] Stealth Rock
|move|p2a: Metagross|Earthquake|p1a: Latias
|-immune|p1a: Latias|[msg]
|
|-heal|p1a: Latias|341\/364|[from] item: Leftovers
|turn|8
|
|move|p2a: Metagross|Iron Head|p1a: Latias
|-damage|p1a: Latias|158\/364
|cant|p1a: Latias|flinch
|
|-heal|p1a: Latias|180\/364|[from] item: Leftovers
|turn|9
|
|switch|p1a: Landorus-Therian|Landorus-Therian, M|319\/319
|-damage|p1a: Landorus-Therian|280\/319|[from] Stealth Rock
|-ability|p1a: Landorus-Therian|Intimidate|[of] p2a: Metagross
|-unboost|p2a: Metagross|atk|1
|move|p2a: Metagross|Iron Head|p1a: Landorus-Therian
|-damage|p1a: Landorus-Therian|132\/319
|
|turn|10
|c|âReverb|:(
|
|move|p1a: Landorus-Therian|U-turn|p2a: Metagross
|-damage|p2a: Metagross|261\/321
|c|âReverb|fuck cancel button
|join|Mega Magic Bounce
|
|switch|p1a: Heatran|Heatran, F|305\/385
|-damage|p1a: Heatran|257\/385|[from] Stealth Rock
|move|p2a: Metagross|Earthquake|p1a: Heatran
|-supereffective|p1a: Heatran
|-damage|p1a: Heatran|0 fnt
|faint|p1a: Heatran
|
|c|~haunter|rekt
|
|switch|p1a: Landorus-Therian|Landorus-Therian, M|132\/319
|-damage|p1a: Landorus-Therian|93\/319|[from] Stealth Rock
|-ability|p1a: Landorus-Therian|Intimidate|[of] p2a: Metagross
|-unboost|p2a: Metagross|atk|1
|turn|11
|
|switch|p2a: Garchomp|Garchomp, F|1\/358
|move|p1a: Landorus-Therian|Explosion|p2a: Garchomp
|-damage|p2a: Garchomp|0 fnt
|faint|p1a: Landorus-Therian
|faint|p2a: Garchomp
|
|c| Mega Magic Bounce|overkill
|join|No Wins
|c| Piexplode|#whatachoke?
|c|âReverb|that flinch fucked me
|
|switch|p2a: Latios|Latios, M|301\/301
|switch|p1a: Latias|Latias, F|180\/364
|-damage|p1a: Latias|135\/364|[from] Stealth Rock
|turn|12
|-message|Reverb forfeited.
|
|switch|p1a: Azumarill|Azumarill, M|299\/341
|-damage|p1a: Azumarill|257\/341|[from] Stealth Rock
|move|p2a: Latios|Draco Meteor|p1a: Azumarill
|-immune|p1a: Azumarill|[msg]
|
|turn|13
|leave|haunter
|
|win|femt6
|raw|Ladder updating...
|c| Mega Magic Bounce|damn, rekt
|c|âReverb|shush
|join|Diamanten Drache
|c| Mega Magic Bounce|lol
|raw|Reverb's rating: 1740 &rarr; <strong>1712<\/strong><br \/>(-28 for losing)
|raw|femt6's rating: 1597 &rarr; <strong>1625<\/strong><br \/>(+28 for winning)
|c| Mega Magic Bounce|jk bro
|leave|femt6
|leave|Reverb
|leave|Mega Magic Bounce
|player|p2
|leave|Piexplode
|player|p1
|leave|Costi93
|leave|Diamanten Drache
|leave|No Wins
|join|yrs
|join|Prankster
|leave|Prankster
|join|AdvanceShip
|leave|yrs
|leave|AdvanceShip
|join|yrs