|join|femt6
|join|femt7
|player|p1|femt6|266
|player|p2|femt7|170
|gametype|singles
|tier|OU
|rule|Evasion Abilities Clause: Evasion abilities are banned
|clearpoke
|poke|p1|Ninetales, M
|poke|p1|Jirachi
|poke|p1|Dugtrio, M
|poke|p1|Xatu, F
|poke|p1|Volcarona, M
|poke|p1|Venusaur, M
|poke|p2|Heatran, M
|poke|p2|Forretress, F
|poke|p2|Celebi
|poke|p2|Landorus-Therian, M
|poke|p2|Tyranitar, M
|poke|p2|Keldeo
|rule|Sleep Clause Mod: Limit one foe put to sleep
|rule|Species Clause: Limit one of each Pokemon
|rule|OHKO Clause: OHKO moves are banned
|rule|Moody Clause: Moody is banned
|rule|Evasion Moves Clause: Evasion moves are banned
|rule|HP Percentage Mod: HP is reported as percentages
|teampreview
|callback|decision
|
|start
|switch|p1a: Jirachi|Jirachi|381\/381
|switch|p2a: Landorus|Landorus-Therian, M|327\/327
|-ability|p2a: Landorus|Intimidate|[of] p1a: Jirachi
|-unboost|p1a: Jirachi|atk|1
|turn|1
|callback|decision
|
|move|p2a: Landorus|Earthquake|p1a: Jirachi
|-supereffective|p1a: Jirachi
|-damage|p1a: Jirachi|0 fnt
|faint|p1a: Jirachi
|
|callback|decision
|
|switch|p1a: Ninetales|Ninetales, M|349\/349
|-weather|SunnyDay|[from] ability: Drought|[of] p1a: Ninetales
|turn|2
|callback|decision
|chat|femt7|chupa
|
|switch|p1a: Dugtrio|Dugtrio, M|212\/212
|move|p2a: Landorus|Earthquake|p1a: Dugtrio
|-enditem|p1a: Dugtrio|Focus Sash
|-damage|p1a: Dugtrio|1\/212
|
|-weather|SunnyDay|[upkeep]
|turn|3
|callback|decision
|
|switch|p1a: Xatu|Xatu, F|333\/333
|move|p2a: Landorus|Earthquake|p1a: Xatu
|-immune|p1a: Xatu|[msg]
|
|-weather|SunnyDay|[upkeep]
|turn|4
|callback|decision
|chat|femt6|eu fazendo merda
|chat|femt6|pqp
|
|switch|p2a: Tyranitar|Tyranitar, M|366\/366
|-weather|Sandstorm|[from] ability: Sand Stream|[of] p2a: Tyranitar
|move|p1a: Xatu|U-turn|p2a: Tyranitar
|-supereffective|p2a: Tyranitar
|-damage|p2a: Tyranitar|290\/366
|callback|decision
|
|switch|p1a: Dugtrio|Dugtrio, M|1\/212
|
|-weather|Sandstorm|[upkeep]
|turn|5
|callback|decision
|
|move|p1a: Dugtrio|Reversal|p2a: Tyranitar
|-supereffective|p2a: Tyranitar
|-damage|p2a: Tyranitar|0 fnt
|faint|p2a: Tyranitar
|
|-weather|Sandstorm|[upkeep]
|callback|decision
|
|switch|p2a: Landorus|Landorus-Therian, M|327\/327
|-ability|p2a: Landorus|Intimidate|[of] p1a: Dugtrio
|-unboost|p1a: Dugtrio|atk|1
|turn|6
|callback|decision
|
|switch|p1a: Xatu|Xatu, F|333\/333
|move|p2a: Landorus|U-turn|p1a: Xatu
|-damage|p1a: Xatu|244\/333
|-damage|p2a: Landorus|273\/327|[from] item: Rocky Helmet|[of] p1a: Xatu
|callback|decision
|
|switch|p2a: Heatran|Heatran, M|385\/385
|
|-weather|Sandstorm|[upkeep]
|-damage|p1a: Xatu|224\/333|[from] sandstorm
|turn|7
|callback|decision
|
|move|p1a: Xatu|U-turn|p2a: Heatran
|-resisted|p2a: Heatran
|-damage|p2a: Heatran|376\/385
|callback|decision
|
|switch|p1a: Ninetales|Ninetales, M|349\/349
|-weather|SunnyDay|[from] ability: Drought|[of] p1a: Ninetales
|move|p2a: Heatran|Earth Power|p1a: Ninetales
|-supereffective|p1a: Ninetales
|-damage|p1a: Ninetales|163\/349
|
|-weather|SunnyDay|[upkeep]
|-heal|p1a: Ninetales|184\/349|[from] item: Leftovers
|turn|8
|callback|decision
|
|move|p1a: Ninetales|Flamethrower|p2a: Heatran
|-start|p2a: Heatran|ability: Flash Fire
|move|p2a: Heatran|Stealth Rock|p1a: Ninetales
|-sidestart|p1: femt6|move: Stealth Rock
|
|-weather|SunnyDay|[upkeep]
|-heal|p1a: Ninetales|205\/349|[from] item: Leftovers
|turn|9
|callback|decision
|
|move|p1a: Ninetales|Flamethrower|p2a: Heatran
|-immune|p2a: Heatran|[msg]
|move|p2a: Heatran|Lava Plume|p1a: Ninetales
|-resisted|p1a: Ninetales
|-damage|p1a: Ninetales|64\/349
|
|-weather|SunnyDay|[upkeep]
|-heal|p1a: Ninetales|85\/349|[from] item: Leftovers
|turn|10
|callback|decision
|
|move|p2a: Heatran|Earth Power|p1a: Ninetales
|-supereffective|p1a: Ninetales
|-damage|p1a: Ninetales|0 fnt
|faint|p1a: Ninetales
|
|-weather|SunnyDay|[upkeep]
|callback|decision
|
|switch|p1a: Volcarona|Volcarona, M|311\/311
|-damage|p1a: Volcarona|156\/311|[from] Stealth Rock
|turn|11
|callback|decision
|
|move|p1a: Volcarona|Hidden Power|p2a: Heatran
|-supereffective|p2a: Heatran
|-damage|p2a: Heatran|54\/385
|-damage|p1a: Volcarona|125\/311|[from] item: Life Orb
|move|p2a: Heatran|Lava Plume|p1a: Volcarona
|-damage|p1a: Volcarona|0 fnt
|faint|p1a: Volcarona
|
|-weather|SunnyDay|[upkeep]
|callback|decision
|chat|femt6|eh
|chat|femt6|vo durmi
|chat|femt6|perdi pra vc
|chat|femt7|KKKKKKKKKKKKKKKKKK
|chat|femt6|realmente devo de ta com sono
|chat|femt6|kkkkk
|chat|femt7|faz parte ;d
|chat|femt6|pq nÃ£o Ã© possÃ­vel
|chat|femt7|o cara manja aqui
|chat|femt6|fiz uma cagada ali
|chat|femt6|do caralho
|chat|femt6|com dugtrio
|chat|femt6|com o jirachi
|chat|femt7|o cara
|chat|femt7|manja
|chat|femt6|atÃ© ta de boa
|chat|femt6|masdugtrio
|chat|femt7|o cara manja
|leave|femt6
|chat|femt6|foi tosco
|player|p1
|chat|femt7|o cara manja
|chat|femt7|KKKKKKKKKKKKKKKKKKK
|-message|Player 1 lost due to inactivity.
|
|win|femt7