|join|femt6
|join|MrTommyVu
|player|p1|femt6|266
|player|p2|MrTommyVu|101
|gametype|singles
|tier|OU
|rated
|rule|Evasion Abilities Clause: Evasion abilities are banned
|clearpoke
|poke|p1|Tyranitar, M
|poke|p1|Salamence, F
|poke|p1|Lucario, F
|poke|p1|Alakazam, M
|poke|p1|Jellicent, F
|poke|p1|Ferrothorn, M
|poke|p2|Mamoswine, M
|poke|p2|Gengar, M
|poke|p2|Gliscor, F
|poke|p2|Infernape, M
|poke|p2|Latios, M
|poke|p2|Ferrothorn, F
|rule|Sleep Clause Mod: Limit one foe put to sleep
|rule|Species Clause: Limit one of each Pokemon
|rule|OHKO Clause: OHKO moves are banned
|rule|Moody Clause: Moody is banned
|rule|Evasion Moves Clause: Evasion moves are banned
|rule|HP Percentage Mod: HP is reported as percentages
|teampreview
|callback|decision
|
|start
|switch|p1a: Jellicent|Jellicent, F|403\/403
|switch|p2a: Mamoswine|Mamoswine, M|362\/362
|turn|1
|callback|decision
|
|switch|p2a: Ferrothorn|Ferrothorn, F|352\/352
|move|p1a: Jellicent|Will-O-Wisp|p2a: Ferrothorn
|-status|p2a: Ferrothorn|brn
|
|-damage|p2a: Ferrothorn|308\/352 brn|[from] brn
|turn|2
|callback|decision
|
|move|p1a: Jellicent|Taunt|p2a: Ferrothorn
|-start|p2a: Ferrothorn|move: Taunt
|cant|p2a: Ferrothorn|move: Taunt|Thunder Wave
|
|-heal|p2a: Ferrothorn|330\/352 brn|[from] item: Leftovers
|-damage|p2a: Ferrothorn|286\/352 brn|[from] brn
|turn|3
|callback|decision
|
|switch|p1a: Ferrothorn|Ferrothorn, M|352\/352
|switch|p2a: Latios|Latios, M|302\/302
|
|turn|4
|callback|decision
|
|switch|p2a: Gliscor|Gliscor, F|352\/352
|move|p1a: Ferrothorn|Thunder Wave|p2a: Gliscor
|-immune|p2a: Gliscor|[msg]
|
|-activate|p2a: Gliscor|item: Toxic Orb
|-status|p2a: Gliscor|tox
|turn|5
|callback|decision
|
|switch|p2a: Infernape|Infernape, M|293\/293
|move|p1a: Ferrothorn|Spikes|p2a: Infernape
|-sidestart|p2: MrTommyVu|Spikes
|
|turn|6
|callback|decision
|
|switch|p1a: Jellicent|Jellicent, F|403\/403
|move|p2a: Infernape|ThunderPunch|p1a: Jellicent
|-supereffective|p1a: Jellicent
|-damage|p1a: Jellicent|169\/403
|-damage|p2a: Infernape|264\/293|[from] item: Life Orb
|
|-heal|p1a: Jellicent|194\/403|[from] item: Leftovers
|turn|7
|callback|decision
|
|switch|p1a: Salamence|Salamence, F|331\/331
|move|p2a: Infernape|ThunderPunch|p1a: Salamence
|-damage|p1a: Salamence|192\/331
|-damage|p2a: Infernape|235\/293|[from] item: Life Orb
|
|turn|8
|callback|decision
|
|move|p1a: Salamence|Fire Blast|p2a: Infernape
|-resisted|p2a: Infernape
|-damage|p2a: Infernape|172\/293
|move|p2a: Infernape|Hidden Power|p1a: Salamence
|-supereffective|p1a: Salamence
|-damage|p1a: Salamence|0 fnt
|-damage|p2a: Infernape|143\/293|[from] item: Life Orb
|faint|p1a: Salamence
|
|callback|decision
|
|switch|p1a: Alakazam|Alakazam, M|252\/252
|turn|9
|callback|decision
|
|switch|p2a: Ferrothorn|Ferrothorn, F|286\/352 brn
|-damage|p2a: Ferrothorn|242\/352 brn|[from] Spikes
|move|p1a: Alakazam|Focus Blast|p2a: Ferrothorn
|-supereffective|p2a: Ferrothorn
|-damage|p2a: Ferrothorn|40\/352 brn
|
|-heal|p2a: Ferrothorn|62\/352 brn|[from] item: Leftovers
|-damage|p2a: Ferrothorn|18\/352 brn|[from] brn
|turn|10
|callback|decision
|
|move|p1a: Alakazam|Psyshock|p2a: Ferrothorn
|-resisted|p2a: Ferrothorn
|-damage|p2a: Ferrothorn|0 fnt
|faint|p2a: Ferrothorn
|
|callback|decision
|
|switch|p2a: Latios|Latios, M|302\/302
|turn|11
|callback|decision
|
|switch|p1a: Tyranitar|Tyranitar, M|401\/401
|-weather|Sandstorm|[from] ability: Sand Stream|[of] p1a: Tyranitar
|move|p2a: Latios|Dragon Pulse|p1a: Tyranitar
|-damage|p1a: Tyranitar|314\/401
|
|-weather|Sandstorm|[upkeep]
|-damage|p2a: Latios|284\/302|[from] sandstorm
|-heal|p2a: Latios|302\/302|[from] item: Leftovers
|-heal|p1a: Tyranitar|339\/401|[from] item: Leftovers
|turn|12
|callback|decision
|
|switch|p2a: Gliscor|Gliscor, F|352\/352 tox
|move|p1a: Tyranitar|Stealth Rock|p2a: Gliscor
|-sidestart|p2: MrTommyVu|move: Stealth Rock
|
|-weather|Sandstorm|[upkeep]
|-heal|p1a: Tyranitar|364\/401|[from] item: Leftovers
|turn|13
|callback|decision
|
|move|p2a: Gliscor|Substitute|p2a: Gliscor
|-start|p2a: Gliscor|Substitute
|-damage|p2a: Gliscor|264\/352 tox
|move|p1a: Tyranitar|Ice Beam|p2a: Gliscor
|-supereffective|p2a: Gliscor
|-end|p2a: Gliscor|Substitute
|
|-weather|Sandstorm|[upkeep]
|-heal|p1a: Tyranitar|389\/401|[from] item: Leftovers
|-heal|p2a: Gliscor|308\/352 tox|[from] ability: Poison Heal
|turn|14
|callback|decision
|
|switch|p2a: Mamoswine|Mamoswine, M|362\/362
|-damage|p2a: Mamoswine|317\/362|[from] Stealth Rock
|-damage|p2a: Mamoswine|272\/362|[from] Spikes
|move|p1a: Tyranitar|Ice Beam|p2a: Mamoswine
|-damage|p2a: Mamoswine|216\/362
|
|-weather|Sandstorm|[upkeep]
|-heal|p1a: Tyranitar|401\/401|[from] item: Leftovers
|turn|15
|callback|decision
|
|switch|p1a: Ferrothorn|Ferrothorn, M|352\/352
|move|p2a: Mamoswine|Earthquake|p1a: Ferrothorn
|-crit|p1a: Ferrothorn
|-damage|p1a: Ferrothorn|9\/352
|-damage|p2a: Mamoswine|180\/362|[from] item: Life Orb
|
|-weather|Sandstorm|[upkeep]
|-heal|p1a: Ferrothorn|31\/352|[from] item: Leftovers
|turn|16
|callback|decision
|
|move|p2a: Mamoswine|Earthquake|p1a: Ferrothorn
|-damage|p1a: Ferrothorn|0 fnt
|-damage|p2a: Mamoswine|144\/362|[from] item: Life Orb
|faint|p1a: Ferrothorn
|
|-weather|Sandstorm|[upkeep]
|callback|decision
|
|switch|p1a: Lucario|Lucario, F|282\/282
|turn|17
|callback|decision
|
|switch|p2a: Gliscor|Gliscor, F|308\/352 tox
|-damage|p2a: Gliscor|264\/352 tox|[from] Stealth Rock
|move|p1a: Lucario|Bullet Punch|p2a: Gliscor
|-damage|p2a: Gliscor|198\/352 tox
|-damage|p1a: Lucario|254\/282|[from] item: Life Orb
|
|-weather|Sandstorm|[upkeep]
|-heal|p2a: Gliscor|242\/352 tox|[from] ability: Poison Heal
|turn|18
|callback|decision
|
|switch|p1a: Jellicent|Jellicent, F|194\/403
|move|p2a: Gliscor|Earthquake|p1a: Jellicent
|-damage|p1a: Jellicent|89\/403
|
|-weather|Sandstorm|[upkeep]
|-damage|p1a: Jellicent|64\/403|[from] sandstorm
|-heal|p1a: Jellicent|89\/403|[from] item: Leftovers
|-heal|p2a: Gliscor|286\/352 tox|[from] ability: Poison Heal
|turn|19
|callback|decision
|
|move|p2a: Gliscor|Earthquake|p1a: Jellicent
|-damage|p1a: Jellicent|0 fnt
|faint|p1a: Jellicent
|
|-weather|Sandstorm|[upkeep]
|-heal|p2a: Gliscor|330\/352 tox|[from] ability: Poison Heal
|callback|decision
|
|switch|p1a: Alakazam|Alakazam, M|252\/252
|turn|20
|callback|decision
|
|move|p1a: Alakazam|Hidden Power|p2a: Gliscor
|-crit|p2a: Gliscor
|-supereffective|p2a: Gliscor
|-damage|p2a: Gliscor|0 fnt
|faint|p2a: Gliscor
|
|-weather|Sandstorm|[upkeep]
|callback|decision
|
|switch|p2a: Latios|Latios, M|302\/302
|-damage|p2a: Latios|265\/302|[from] Stealth Rock
|turn|21
|callback|decision
|
|switch|p1a: Tyranitar|Tyranitar, M|401\/401
|move|p2a: Latios|Surf|p1a: Tyranitar
|-supereffective|p1a: Tyranitar
|-damage|p1a: Tyranitar|287\/401
|
|-weather|Sandstorm|[upkeep]
|-damage|p2a: Latios|247\/302|[from] sandstorm
|-heal|p2a: Latios|265\/302|[from] item: Leftovers
|-heal|p1a: Tyranitar|312\/401|[from] item: Leftovers
|turn|22
|callback|decision
|
|switch|p2a: Infernape|Infernape, M|143\/293
|-damage|p2a: Infernape|107\/293|[from] Stealth Rock
|-damage|p2a: Infernape|71\/293|[from] Spikes
|move|p1a: Tyranitar|Crunch|p2a: Infernape
|-resisted|p2a: Infernape
|-damage|p2a: Infernape|0 fnt
|faint|p2a: Infernape
|
|-weather|Sandstorm|[upkeep]
|-heal|p1a: Tyranitar|337\/401|[from] item: Leftovers
|callback|decision
|
|switch|p2a: Mamoswine|Mamoswine, M|144\/362
|-damage|p2a: Mamoswine|99\/362|[from] Stealth Rock
|-damage|p2a: Mamoswine|54\/362|[from] Spikes
|turn|23
|callback|decision
|
|switch|p1a: Lucario|Lucario, F|254\/282
|move|p2a: Mamoswine|Earthquake|p1a: Lucario
|-supereffective|p1a: Lucario
|-damage|p1a: Lucario|0 fnt
|-damage|p2a: Mamoswine|18\/362|[from] item: Life Orb
|faint|p1a: Lucario
|
|-weather|Sandstorm|[upkeep]
|callback|decision
|
|switch|p1a: Alakazam|Alakazam, M|252\/252
|turn|24
|callback|decision
|
|move|p2a: Mamoswine|Ice Shard|p1a: Alakazam
|-damage|p1a: Alakazam|71\/252
|-damage|p2a: Mamoswine|0 fnt|[from] item: Life Orb
|faint|p2a: Mamoswine
|move|p1a: Alakazam|Psyshock|p2: Mamoswine|[notarget]
|-notarget
|
|-weather|Sandstorm|[upkeep]
|callback|decision
|
|switch|p2a: Latios|Latios, M|265\/302
|-damage|p2a: Latios|228\/302|[from] Stealth Rock
|turn|25
|callback|decision
|
|switch|p1a: Tyranitar|Tyranitar, M|337\/401
|move|p2a: Latios|Surf|p1a: Tyranitar
|-crit|p1a: Tyranitar
|-supereffective|p1a: Tyranitar
|-damage|p1a: Tyranitar|103\/401
|
|-weather|Sandstorm|[upkeep]
|-damage|p2a: Latios|210\/302|[from] sandstorm
|-heal|p2a: Latios|228\/302|[from] item: Leftovers
|-heal|p1a: Tyranitar|128\/401|[from] item: Leftovers
|turn|26
|callback|decision
|chat|femt6|lol
|chat|femt6|hax winz
|
|move|p2a: Latios|Surf|p1a: Tyranitar
|-supereffective|p1a: Tyranitar
|-damage|p1a: Tyranitar|16\/401
|move|p1a: Tyranitar|Crunch|p2a: Latios
|-supereffective|p2a: Latios
|-damage|p2a: Latios|0 fnt
|faint|p2a: Latios
|
|-weather|Sandstorm|[upkeep]
|-heal|p1a: Tyranitar|41\/401|[from] item: Leftovers
|callback|decision
|
|switch|p2a: Gengar|Gengar, M|262\/262
|-damage|p2a: Gengar|230\/262|[from] Stealth Rock
|turn|27
|callback|decision
|
|move|p2a: Gengar|Focus Blast|p1a: Tyranitar|[miss]
|-miss|p2a: Gengar|p1a: Tyranitar
|move|p1a: Tyranitar|Crunch|p2a: Gengar
|-supereffective|p2a: Gengar
|-damage|p2a: Gengar|0 fnt
|faint|p2a: Gengar
|
|win|femt6
|raw|Ladder updating...
|raw|femt6's rating: 1910 &rarr; <strong>1912<\/strong><br \/>(+2 for winning)
|raw|MrTommyVu's rating: 1698 &rarr; <strong>1697<\/strong><br \/>(-1 for losing)