|join|femt6
|join|MadBul
|player|p1|femt6|265
|player|p2|MadBul|283
|gametype|singles
|tier|OU
|rated
|rule|Evasion Abilities Clause: Evasion abilities are banned
|clearpoke
|poke|p1|Keldeo-Resolute
|poke|p1|Mamoswine, M
|poke|p1|Scizor, F
|poke|p1|Dragonite, M
|poke|p1|Garchomp, M
|poke|p1|Tentacruel, M
|poke|p2|Terrakion
|poke|p2|Gengar, F
|poke|p2|Kyurem-Black
|poke|p2|Azelf
|poke|p2|Scizor, F
|poke|p2|Gorebyss, M
|rule|Sleep Clause Mod: Limit one foe put to sleep
|rule|Species Clause: Limit one of each Pokemon
|rule|OHKO Clause: OHKO moves are banned
|rule|Moody Clause: Moody is banned
|rule|Evasion Moves Clause: Evasion moves are banned
|rule|HP Percentage Mod: HP is reported as percentages
|teampreview
|callback|decision
|
|start
|switch|p1a: Garchomp|Garchomp, M|357\/357
|switch|p2a: Azelf|Azelf|333\/333
|turn|1
|callback|decision
|
|move|p2a: Azelf|Taunt|p1a: Garchomp
|-start|p1a: Garchomp|move: Taunt
|cant|p1a: Garchomp|move: Taunt|Stealth Rock
|
|turn|2
|callback|decision
|
|move|p2a: Azelf|Reflect|p2a: Azelf
|-sidestart|p2: MadBul|Reflect
|move|p1a: Garchomp|Outrage|p2a: Azelf
|-damage|p2a: Azelf|205\/333
|
|turn|3
|callback|decision
|
|move|p2a: Azelf|Stealth Rock|p1a: Garchomp
|-sidestart|p1: femt6|move: Stealth Rock
|move|p1a: Garchomp|Outrage|p2a: Azelf
|-damage|p2a: Azelf|80\/333
|
|-end|p1a: Garchomp|move: Taunt
|turn|4
|callback|decision
|
|move|p2a: Azelf|Taunt|p1a: Garchomp
|-start|p1a: Garchomp|move: Taunt
|move|p1a: Garchomp|Outrage|p2a: Azelf
|-damage|p2a: Azelf|0 fnt
|faint|p2a: Azelf
|
|-end|p1a: Garchomp|rampage
|-start|p1a: Garchomp|confusion
|callback|decision
|
|switch|p2a: Gorebyss|Gorebyss, M|314\/314
|turn|5
|callback|decision
|
|-activate|p1a: Garchomp|confusion
|-damage|p1a: Garchomp|303\/357|[from] confusion
|move|p2a: Gorebyss|Shell Smash|p2a: Gorebyss
|-boost|p2a: Gorebyss|atk|2
|-boost|p2a: Gorebyss|spa|2
|-boost|p2a: Gorebyss|spe|2
|-unboost|p2a: Gorebyss|def|1
|-unboost|p2a: Gorebyss|spd|1
|-enditem|p2a: Gorebyss|White Herb
|-restoreboost|p2a: Gorebyss|[silent]
|
|turn|6
|callback|decision
|
|move|p2a: Gorebyss|Substitute|p2a: Gorebyss
|-start|p2a: Gorebyss|Substitute
|-damage|p2a: Gorebyss|236\/314
|-activate|p1a: Garchomp|confusion
|-damage|p1a: Garchomp|255\/357|[from] confusion
|
|-end|p1a: Garchomp|move: Taunt
|turn|7
|callback|decision
|
|move|p2a: Gorebyss|Baton Pass|p2a: Gorebyss
|callback|decision
|
|switch|p2a: Scizor|Scizor, F|281\/281
|-activate|p1a: Garchomp|confusion
|move|p1a: Garchomp|Earthquake|p2a: Scizor
|-end|p2a: Scizor|Substitute
|
|turn|8
|callback|decision
|
|move|p2a: Scizor|Bullet Punch|p1a: Garchomp
|-damage|p1a: Garchomp|0 fnt
|-damage|p2a: Scizor|246\/281|[from] ability: Rough Skin|[of] p1a: Garchomp
|-damage|p2a: Scizor|218\/281|[from] item: Life Orb
|faint|p1a: Garchomp
|
|callback|decision
|
|switch|p1a: Tentacruel|Tentacruel, M|364\/364
|-damage|p1a: Tentacruel|319\/364|[from] Stealth Rock
|turn|9
|callback|decision
|
|move|p2a: Scizor|Bug Bite|p1a: Tentacruel
|-resisted|p1a: Tentacruel
|-damage|p1a: Tentacruel|116\/364
|-damage|p2a: Scizor|190\/281|[from] item: Life Orb
|move|p1a: Tentacruel|Rapid Spin|p2a: Scizor
|-resisted|p2a: Scizor
|-damage|p2a: Scizor|187\/281
|-sideend|p1: femt6|Stealth Rock|[from] move: Rapid Spin|[of] p1a: Tentacruel
|
|-heal|p1a: Tentacruel|138\/364|[from] item: Black Sludge
|-sideend|p2: MadBul|Reflect
|turn|10
|callback|decision
|
|move|p1a: Tentacruel|Protect|p1a: Tentacruel
|-singleturn|p1a: Tentacruel|Protect
|move|p2a: Scizor|Bug Bite|p1a: Tentacruel
|-activate|p1a: Tentacruel|Protect
|
|-heal|p1a: Tentacruel|160\/364|[from] item: Black Sludge
|turn|11
|callback|decision
|
|move|p2a: Scizor|Bug Bite|p1a: Tentacruel
|-resisted|p1a: Tentacruel
|-damage|p1a: Tentacruel|0 fnt
|-damage|p2a: Scizor|159\/281|[from] item: Life Orb
|faint|p1a: Tentacruel
|
|callback|decision
|
|switch|p1a: Dragonite|Dragonite, M|324\/324
|turn|12
|callback|decision
|
|move|p2a: Scizor|Bullet Punch|p1a: Dragonite
|-damage|p1a: Dragonite|176\/324
|-damage|p2a: Scizor|131\/281|[from] item: Life Orb
|move|p1a: Dragonite|Earthquake|p2a: Scizor
|-damage|p2a: Scizor|8\/281
|
|turn|13
|callback|decision
|
|move|p1a: Dragonite|ExtremeSpeed|p2a: Scizor
|-resisted|p2a: Scizor
|-damage|p2a: Scizor|0 fnt
|faint|p2a: Scizor
|
|callback|decision
|
|switch|p2a: Terrakion|Terrakion|324\/324
|-item|p2a: Terrakion|Air Balloon
|turn|14
|callback|decision
|
|switch|p1a: Scizor|Scizor, F|343\/343
|move|p2a: Terrakion|Stone Edge|p1a: Scizor
|-damage|p1a: Scizor|153\/343
|
|turn|15
|callback|decision
|
|move|p1a: Scizor|Bullet Punch|p2a: Terrakion
|-supereffective|p2a: Terrakion
|-damage|p2a: Terrakion|0 fnt
|-enditem|p2a: Terrakion|Air Balloon
|faint|p2a: Terrakion
|
|callback|decision
|
|switch|p2a: Gorebyss|Gorebyss, M|236\/314
|turn|16
|callback|decision
|
|switch|p1a: Dragonite|Dragonite, M|176\/324
|move|p2a: Gorebyss|Substitute|p2a: Gorebyss
|-start|p2a: Gorebyss|Substitute
|-damage|p2a: Gorebyss|158\/314
|
|turn|17
|callback|decision
|
|move|p1a: Dragonite|ExtremeSpeed|p2a: Gorebyss
|-end|p2a: Gorebyss|Substitute
|move|p2a: Gorebyss|Shell Smash|p2a: Gorebyss
|-boost|p2a: Gorebyss|atk|2
|-boost|p2a: Gorebyss|spa|2
|-boost|p2a: Gorebyss|spe|2
|-unboost|p2a: Gorebyss|def|1
|-unboost|p2a: Gorebyss|spd|1
|
|turn|18
|callback|decision
|
|move|p1a: Dragonite|ExtremeSpeed|p2a: Gorebyss
|-damage|p2a: Gorebyss|7\/314
|move|p2a: Gorebyss|Baton Pass|p2a: Gorebyss
|callback|decision
|
|switch|p2a: Gengar|Gengar, F|261\/261
|
|turn|19
|callback|decision
|
|move|p2a: Gengar|Shadow Ball|p1a: Dragonite
|-damage|p1a: Dragonite|0 fnt
|faint|p1a: Dragonite
|
|callback|decision
|
|switch|p1a: Scizor|Scizor, F|153\/343
|turn|20
|callback|decision
|
|move|p1a: Scizor|Bullet Punch|p2a: Gengar
|-damage|p2a: Gengar|0 fnt
|faint|p2a: Gengar
|
|callback|decision
|
|switch|p2a: Kyurem-Black|Kyurem-Black|391\/391
|-ability|p2a: Kyurem-Black|Teravolt
|turn|21
|callback|decision
|
|move|p1a: Scizor|Bullet Punch|p2a: Kyurem-Black
|-supereffective|p2a: Kyurem-Black
|-damage|p2a: Kyurem-Black|0 fnt
|faint|p2a: Kyurem-Black
|
|callback|decision
|-message|MadBul forfeited.
|
|win|femt6
|raw|Ladder updating...
|leave|MadBul
|player|p2
|raw|femt6's rating: 1915 &rarr; <strong>1918<\/strong><br \/>(+3 for winning)
|raw|MadBul's rating: 1730 &rarr; <strong>1728<\/strong><br \/>(-2 for losing)