|join|kwiick test
|join|femt6
|player|p1|kwiick test|264
|player|p2|femt6|102
|gametype|singles
|tier|OU
|rated
|rule|Evasion Abilities Clause: Evasion abilities are banned
|clearpoke
|poke|p1|Ditto
|poke|p1|Heatran, F
|poke|p1|Gyarados, F
|poke|p1|Mew
|poke|p1|Liepard, F
|poke|p1|Skuntank, F
|poke|p2|Gliscor, M
|poke|p2|Tyranitar, F
|poke|p2|Keldeo
|poke|p2|Skarmory, M
|poke|p2|Celebi
|poke|p2|Hydreigon, F
|rule|Sleep Clause Mod: Limit one foe put to sleep
|rule|Species Clause: Limit one of each Pokemon
|rule|OHKO Clause: OHKO moves are banned
|rule|Moody Clause: Moody is banned
|rule|Evasion Moves Clause: Evasion moves are banned
|rule|HP Percentage Mod: HP is reported as percentages
|teampreview
|callback|decision
|
|start
|switch|p1a: Ditto|Ditto|300\/300
|switch|p2a: Tyranitar|Tyranitar, F|401\/401
|-weather|Sandstorm|[from] ability: Sand Stream|[of] p2a: Tyranitar
|-transform|p1a: Ditto|p2a: Tyranitar
|turn|1
|callback|decision
|
|move|p1a: Ditto|Stealth Rock|p2a: Tyranitar
|-sidestart|p2: femt6|move: Stealth Rock
|move|p2a: Tyranitar|Stealth Rock|p1a: Ditto
|-sidestart|p1: kwiick test|move: Stealth Rock
|
|-weather|Sandstorm|[upkeep]
|turn|2
|callback|decision
|
|switch|p1a: Liepard|Liepard, F|332\/332
|-damage|p1a: Liepard|291\/332|[from] Stealth Rock
|switch|p2a: Skarmory|Skarmory, M|334\/334
|-damage|p2a: Skarmory|293\/334|[from] Stealth Rock
|
|-weather|Sandstorm|[upkeep]
|-damage|p1a: Liepard|271\/332|[from] sandstorm
|-heal|p1a: Liepard|291\/332|[from] item: Leftovers
|turn|3
|callback|decision
|
|switch|p1a: Ditto|Ditto|300\/300
|-damage|p1a: Ditto|263\/300|[from] Stealth Rock
|-transform|p1a: Ditto|p2a: Skarmory
|move|p2a: Skarmory|Spikes|p1a: Ditto
|-sidestart|p1: kwiick test|Spikes
|
|-weather|Sandstorm|[upkeep]
|turn|4
|callback|decision
|
|move|p1a: Ditto|Spikes|p2a: Skarmory
|-sidestart|p2: femt6|Spikes
|move|p2a: Skarmory|Whirlwind|p1a: Ditto
|drag|p1a: Gyarados|Gyarados, F|332\/332
|-damage|p1a: Gyarados|249\/332|[from] Stealth Rock
|-ability|p1a: Gyarados|Intimidate|[of] p2a: Skarmory
|-unboost|p2a: Skarmory|atk|1
|
|-weather|Sandstorm|[upkeep]
|-damage|p1a: Gyarados|229\/332|[from] sandstorm
|turn|5
|callback|decision
|
|move|p1a: Gyarados|Roar|p2a: Skarmory
|drag|p2a: Celebi|Celebi|403\/403
|-damage|p2a: Celebi|353\/403|[from] Spikes
|-damage|p2a: Celebi|303\/403|[from] Stealth Rock
|
|-weather|Sandstorm|[upkeep]
|-damage|p1a: Gyarados|209\/332|[from] sandstorm
|-damage|p2a: Celebi|278\/403|[from] sandstorm
|-heal|p2a: Celebi|303\/403|[from] item: Leftovers
|turn|6
|callback|decision
|
|move|p2a: Celebi|Perish Song|p2a: Celebi
|-fieldactivate|move: Perish Song
|move|p1a: Gyarados|Roar|p2a: Celebi
|drag|p2a: Tyranitar|Tyranitar, F|401\/401
|-damage|p2a: Tyranitar|351\/401|[from] Stealth Rock
|-damage|p2a: Tyranitar|301\/401|[from] Spikes
|
|-start|p1a: Gyarados|perish3
|-weather|Sandstorm|[upkeep]
|-damage|p1a: Gyarados|189\/332|[from] sandstorm
|turn|7
|callback|decision
|
|switch|p2a: Skarmory|Skarmory, M|293\/334
|-damage|p2a: Skarmory|252\/334|[from] Stealth Rock
|move|p1a: Gyarados|Roar|p2a: Skarmory
|drag|p2a: Keldeo|Keldeo|323\/323
|-damage|p2a: Keldeo|303\/323|[from] Stealth Rock
|-damage|p2a: Keldeo|263\/323|[from] Spikes
|
|-start|p1a: Gyarados|perish2
|-weather|Sandstorm|[upkeep]
|-damage|p2a: Keldeo|243\/323|[from] sandstorm
|-damage|p1a: Gyarados|169\/332|[from] sandstorm
|turn|8
|callback|decision
|
|switch|p2a: Skarmory|Skarmory, M|252\/334
|-damage|p2a: Skarmory|211\/334|[from] Stealth Rock
|move|p1a: Gyarados|Roar|p2a: Skarmory
|drag|p2a: Gliscor|Gliscor, M|352\/352
|-damage|p2a: Gliscor|308\/352|[from] Stealth Rock
|
|-start|p1a: Gyarados|perish1
|-weather|Sandstorm|[upkeep]
|-damage|p1a: Gyarados|149\/332|[from] sandstorm
|-activate|p2a: Gliscor|item: Toxic Orb
|-status|p2a: Gliscor|tox
|turn|9
|callback|decision
|
|move|p2a: Gliscor|Toxic|p1a: Gyarados
|-status|p1a: Gyarados|tox
|move|p1a: Gyarados|Roar|p2a: Gliscor
|drag|p2a: Celebi|Celebi|303\/403
|-damage|p2a: Celebi|253\/403|[from] Stealth Rock
|-damage|p2a: Celebi|203\/403|[from] Spikes
|
|-start|p1a: Gyarados|perish0
|-weather|Sandstorm|[upkeep]
|-damage|p2a: Celebi|178\/403|[from] sandstorm
|-heal|p2a: Celebi|203\/403|[from] item: Leftovers
|faint|p1a: Gyarados
|callback|decision
|
|switch|p1a: Liepard|Liepard, F|291\/332
|-damage|p1a: Liepard|250\/332|[from] Stealth Rock
|-damage|p1a: Liepard|209\/332|[from] Spikes
|turn|10
|callback|decision
|
|move|p1a: Liepard|Assist|p1a: Liepard
|move|p1a: Liepard|Roar|p2a: Celebi|[from]Assist
|drag|p2a: Hydreigon|Hydreigon, F|325\/325
|-damage|p2a: Hydreigon|285\/325|[from] Stealth Rock
|
|-weather|Sandstorm|[upkeep]
|-damage|p1a: Liepard|189\/332|[from] sandstorm
|-damage|p2a: Hydreigon|265\/325|[from] sandstorm
|-heal|p1a: Liepard|209\/332|[from] item: Leftovers
|turn|11
|callback|decision
|
|move|p1a: Liepard|Assist|p1a: Liepard
|move|p1a: Liepard|Roar|p2a: Hydreigon|[from]Assist
|drag|p2a: Celebi|Celebi|203\/403
|-damage|p2a: Celebi|153\/403|[from] Stealth Rock
|-damage|p2a: Celebi|103\/403|[from] Spikes
|
|-weather|Sandstorm|[upkeep]
|-damage|p1a: Liepard|189\/332|[from] sandstorm
|-damage|p2a: Celebi|78\/403|[from] sandstorm
|-heal|p1a: Liepard|209\/332|[from] item: Leftovers
|-heal|p2a: Celebi|103\/403|[from] item: Leftovers
|turn|12
|callback|decision
|
|move|p1a: Liepard|Assist|p1a: Liepard
|move|p1a: Liepard|Roar|p2a: Celebi|[from]Assist
|drag|p2a: Tyranitar|Tyranitar, F|301\/401
|-damage|p2a: Tyranitar|251\/401|[from] Stealth Rock
|-damage|p2a: Tyranitar|201\/401|[from] Spikes
|
|-weather|Sandstorm|[upkeep]
|-damage|p1a: Liepard|189\/332|[from] sandstorm
|-heal|p1a: Liepard|209\/332|[from] item: Leftovers
|turn|13
|callback|decision
|
|move|p1a: Liepard|Assist|p1a: Liepard
|move|p1a: Liepard|Roar|p2a: Tyranitar|[from]Assist
|drag|p2a: Keldeo|Keldeo|243\/323
|-damage|p2a: Keldeo|203\/323|[from] Spikes
|-damage|p2a: Keldeo|183\/323|[from] Stealth Rock
|
|-weather|Sandstorm|[upkeep]
|-damage|p2a: Keldeo|163\/323|[from] sandstorm
|-damage|p1a: Liepard|189\/332|[from] sandstorm
|-heal|p1a: Liepard|209\/332|[from] item: Leftovers
|turn|14
|callback|decision
|
|move|p1a: Liepard|Assist|p1a: Liepard
|move|p1a: Liepard|Roar|p2a: Keldeo|[from]Assist
|drag|p2a: Hydreigon|Hydreigon, F|265\/325
|-damage|p2a: Hydreigon|225\/325|[from] Stealth Rock
|
|-weather|Sandstorm|[upkeep]
|-damage|p1a: Liepard|189\/332|[from] sandstorm
|-damage|p2a: Hydreigon|205\/325|[from] sandstorm
|-heal|p1a: Liepard|209\/332|[from] item: Leftovers
|turn|15
|callback|decision
|
|move|p1a: Liepard|Assist|p1a: Liepard
|move|p1a: Liepard|Roar|p2a: Hydreigon|[from]Assist
|drag|p2a: Tyranitar|Tyranitar, F|201\/401
|-damage|p2a: Tyranitar|151\/401|[from] Spikes
|-damage|p2a: Tyranitar|101\/401|[from] Stealth Rock
|
|-weather|Sandstorm|[upkeep]
|-damage|p1a: Liepard|189\/332|[from] sandstorm
|-heal|p1a: Liepard|209\/332|[from] item: Leftovers
|turn|16
|callback|decision
|
|move|p1a: Liepard|Assist|p1a: Liepard
|move|p1a: Liepard|Roar|p2a: Tyranitar|[from]Assist
|drag|p2a: Skarmory|Skarmory, M|211\/334
|-damage|p2a: Skarmory|170\/334|[from] Stealth Rock
|
|-weather|Sandstorm|[upkeep]
|-damage|p1a: Liepard|189\/332|[from] sandstorm
|-heal|p1a: Liepard|209\/332|[from] item: Leftovers
|turn|17
|callback|decision
|
|move|p1a: Liepard|Assist|p1a: Liepard
|move|p1a: Liepard|Roar|p2a: Skarmory|[from]Assist
|drag|p2a: Gliscor|Gliscor, M|308\/352 tox
|-damage|p2a: Gliscor|264\/352 tox|[from] Stealth Rock
|
|-weather|Sandstorm|[upkeep]
|-damage|p1a: Liepard|189\/332|[from] sandstorm
|-heal|p1a: Liepard|209\/332|[from] item: Leftovers
|-heal|p2a: Gliscor|308\/352 tox|[from] ability: Poison Heal
|turn|18
|callback|decision
|
|move|p2a: Gliscor|Protect|p2a: Gliscor
|-singleturn|p2a: Gliscor|Protect
|move|p1a: Liepard|Assist|p1a: Liepard
|move|p1a: Liepard|Roar|p2a: Gliscor|[from]Assist
|-activate|p2a: Gliscor|Protect
|
|-weather|Sandstorm|[upkeep]
|-damage|p1a: Liepard|189\/332|[from] sandstorm
|-heal|p1a: Liepard|209\/332|[from] item: Leftovers
|-heal|p2a: Gliscor|352\/352 tox|[from] ability: Poison Heal
|turn|19
|callback|decision
|
|move|p1a: Liepard|Assist|p1a: Liepard
|move|p1a: Liepard|Roar|p2a: Gliscor|[from]Assist
|drag|p2a: Hydreigon|Hydreigon, F|205\/325
|-damage|p2a: Hydreigon|165\/325|[from] Stealth Rock
|
|-weather|Sandstorm|[upkeep]
|-damage|p1a: Liepard|189\/332|[from] sandstorm
|-damage|p2a: Hydreigon|145\/325|[from] sandstorm
|-heal|p1a: Liepard|209\/332|[from] item: Leftovers
|turn|20
|callback|decision
|
|move|p1a: Liepard|Assist|p1a: Liepard
|move|p1a: Liepard|Roar|p2a: Hydreigon|[from]Assist
|drag|p2a: Celebi|Celebi|103\/403
|-damage|p2a: Celebi|53\/403|[from] Stealth Rock
|-damage|p2a: Celebi|3\/403|[from] Spikes
|
|-weather|Sandstorm|[upkeep]
|-damage|p1a: Liepard|189\/332|[from] sandstorm
|-damage|p2a: Celebi|0 fnt|[from] sandstorm
|-heal|p1a: Liepard|209\/332|[from] item: Leftovers
|faint|p2a: Celebi
|callback|decision
|
|switch|p2a: Gliscor|Gliscor, M|352\/352 tox
|-damage|p2a: Gliscor|308\/352 tox|[from] Stealth Rock
|turn|21
|callback|decision
|
|move|p2a: Gliscor|Protect|p2a: Gliscor
|-singleturn|p2a: Gliscor|Protect
|move|p1a: Liepard|Substitute|p1a: Liepard
|-start|p1a: Liepard|Substitute
|-damage|p1a: Liepard|126\/332
|
|-weather|Sandstorm|[upkeep]
|-damage|p1a: Liepard|106\/332|[from] sandstorm
|-heal|p1a: Liepard|126\/332|[from] item: Leftovers
|-heal|p2a: Gliscor|352\/352 tox|[from] ability: Poison Heal
|turn|22
|callback|decision
|
|move|p1a: Liepard|Assist|p1a: Liepard
|move|p1a: Liepard|Roar|p2a: Gliscor|[from]Assist
|drag|p2a: Keldeo|Keldeo|163\/323
|-damage|p2a: Keldeo|123\/323|[from] Spikes
|-damage|p2a: Keldeo|103\/323|[from] Stealth Rock
|
|-weather|Sandstorm|[upkeep]
|-damage|p2a: Keldeo|83\/323|[from] sandstorm
|-damage|p1a: Liepard|106\/332|[from] sandstorm
|-heal|p1a: Liepard|126\/332|[from] item: Leftovers
|turn|23
|callback|decision
|
|move|p1a: Liepard|Assist|p1a: Liepard
|move|p1a: Liepard|Roar|p2a: Keldeo|[from]Assist
|drag|p2a: Tyranitar|Tyranitar, F|101\/401
|-damage|p2a: Tyranitar|51\/401|[from] Stealth Rock
|-damage|p2a: Tyranitar|1\/401|[from] Spikes
|
|-weather|Sandstorm|[upkeep]
|-damage|p1a: Liepard|106\/332|[from] sandstorm
|-heal|p1a: Liepard|126\/332|[from] item: Leftovers
|turn|24
|callback|decision
|
|move|p1a: Liepard|Assist|p1a: Liepard
|move|p1a: Liepard|Roar|p2a: Tyranitar|[from]Assist
|drag|p2a: Keldeo|Keldeo|83\/323
|-damage|p2a: Keldeo|63\/323|[from] Stealth Rock
|-damage|p2a: Keldeo|23\/323|[from] Spikes
|
|-weather|Sandstorm|[upkeep]
|-damage|p2a: Keldeo|3\/323|[from] sandstorm
|-damage|p1a: Liepard|106\/332|[from] sandstorm
|-heal|p1a: Liepard|126\/332|[from] item: Leftovers
|turn|25
|callback|decision
|
|move|p1a: Liepard|Assist|p1a: Liepard
|move|p1a: Liepard|Roar|p2a: Keldeo|[from]Assist
|drag|p2a: Skarmory|Skarmory, M|170\/334
|-damage|p2a: Skarmory|129\/334|[from] Stealth Rock
|
|-weather|Sandstorm|[upkeep]
|-damage|p1a: Liepard|106\/332|[from] sandstorm
|-heal|p1a: Liepard|126\/332|[from] item: Leftovers
|turn|26
|callback|decision
|
|move|p1a: Liepard|Assist|p1a: Liepard
|move|p1a: Liepard|Roar|p2a: Skarmory|[from]Assist
|drag|p2a: Hydreigon|Hydreigon, F|145\/325
|-damage|p2a: Hydreigon|105\/325|[from] Stealth Rock
|
|-weather|Sandstorm|[upkeep]
|-damage|p1a: Liepard|106\/332|[from] sandstorm
|-damage|p2a: Hydreigon|85\/325|[from] sandstorm
|-heal|p1a: Liepard|126\/332|[from] item: Leftovers
|turn|27
|callback|decision
|
|move|p1a: Liepard|Assist|p1a: Liepard
|move|p1a: Liepard|Roar|p2a: Hydreigon|[from]Assist
|drag|p2a: Keldeo|Keldeo|3\/323
|-damage|p2a: Keldeo|0 fnt|[from] Stealth Rock
|faint|p2a: Keldeo
|
|-weather|Sandstorm|[upkeep]
|-damage|p1a: Liepard|106\/332|[from] sandstorm
|-heal|p1a: Liepard|126\/332|[from] item: Leftovers
|callback|decision
|
|switch|p2a: Tyranitar|Tyranitar, F|1\/401
|-damage|p2a: Tyranitar|0 fnt|[from] Spikes
|faint|p2a: Tyranitar
|callback|decision
|
|switch|p2a: Hydreigon|Hydreigon, F|85\/325
|-damage|p2a: Hydreigon|45\/325|[from] Stealth Rock
|turn|28
|callback|decision
|
|move|p1a: Liepard|Assist|p1a: Liepard
|move|p1a: Liepard|Roar|p2a: Hydreigon|[from]Assist
|drag|p2a: Gliscor|Gliscor, M|352\/352 tox
|-damage|p2a: Gliscor|308\/352 tox|[from] Stealth Rock
|
|-weather|Sandstorm|[upkeep]
|-damage|p1a: Liepard|106\/332|[from] sandstorm
|-heal|p1a: Liepard|126\/332|[from] item: Leftovers
|-heal|p2a: Gliscor|352\/352 tox|[from] ability: Poison Heal
|turn|29
|callback|decision
|
|move|p1a: Liepard|Assist|p1a: Liepard
|move|p1a: Liepard|Roar|p2a: Gliscor|[from]Assist
|drag|p2a: Hydreigon|Hydreigon, F|45\/325
|-damage|p2a: Hydreigon|5\/325|[from] Stealth Rock
|
|-weather|Sandstorm|[upkeep]
|-damage|p1a: Liepard|106\/332|[from] sandstorm
|-damage|p2a: Hydreigon|0 fnt|[from] sandstorm
|-heal|p1a: Liepard|126\/332|[from] item: Leftovers
|faint|p2a: Hydreigon
|callback|decision
|
|switch|p2a: Skarmory|Skarmory, M|129\/334
|-damage|p2a: Skarmory|88\/334|[from] Stealth Rock
|turn|30
|callback|decision
|
|move|p1a: Liepard|Assist|p1a: Liepard
|move|p1a: Liepard|Roar|p2a: Skarmory|[from]Assist
|drag|p2a: Gliscor|Gliscor, M|352\/352 tox
|-damage|p2a: Gliscor|308\/352 tox|[from] Stealth Rock
|
|-weather|Sandstorm|[upkeep]
|-damage|p1a: Liepard|106\/332|[from] sandstorm
|-heal|p1a: Liepard|126\/332|[from] item: Leftovers
|-heal|p2a: Gliscor|352\/352 tox|[from] ability: Poison Heal
|turn|31
|callback|decision
|
|move|p1a: Liepard|Assist|p1a: Liepard
|move|p1a: Liepard|Roar|p2a: Gliscor|[from]Assist
|drag|p2a: Skarmory|Skarmory, M|88\/334
|-damage|p2a: Skarmory|47\/334|[from] Stealth Rock
|
|-weather|Sandstorm|[upkeep]
|-damage|p1a: Liepard|106\/332|[from] sandstorm
|-heal|p1a: Liepard|126\/332|[from] item: Leftovers
|turn|32
|callback|decision
|
|move|p1a: Liepard|Assist|p1a: Liepard
|move|p1a: Liepard|Roar|p2a: Skarmory|[from]Assist
|drag|p2a: Gliscor|Gliscor, M|352\/352 tox
|-damage|p2a: Gliscor|308\/352 tox|[from] Stealth Rock
|
|-weather|Sandstorm|[upkeep]
|-damage|p1a: Liepard|106\/332|[from] sandstorm
|-heal|p1a: Liepard|126\/332|[from] item: Leftovers
|-heal|p2a: Gliscor|352\/352 tox|[from] ability: Poison Heal
|turn|33
|callback|decision
|
|move|p1a: Liepard|Assist|p1a: Liepard
|move|p1a: Liepard|Roar|p2a: Gliscor|[from]Assist
|drag|p2a: Skarmory|Skarmory, M|47\/334
|-damage|p2a: Skarmory|6\/334|[from] Stealth Rock
|
|-weather|Sandstorm|[upkeep]
|-damage|p1a: Liepard|106\/332|[from] sandstorm
|-heal|p1a: Liepard|126\/332|[from] item: Leftovers
|turn|34
|callback|decision
|
|move|p1a: Liepard|Assist|p1a: Liepard
|move|p1a: Liepard|Roar|p2a: Skarmory|[from]Assist
|drag|p2a: Gliscor|Gliscor, M|352\/352 tox
|-damage|p2a: Gliscor|308\/352 tox|[from] Stealth Rock
|
|-weather|Sandstorm|[upkeep]
|-damage|p1a: Liepard|106\/332|[from] sandstorm
|-heal|p1a: Liepard|126\/332|[from] item: Leftovers
|-heal|p2a: Gliscor|352\/352 tox|[from] ability: Poison Heal
|turn|35
|callback|decision
|
|move|p1a: Liepard|Assist|p1a: Liepard
|move|p1a: Liepard|Roar|p2a: Gliscor|[from]Assist
|drag|p2a: Skarmory|Skarmory, M|6\/334
|-damage|p2a: Skarmory|0 fnt|[from] Stealth Rock
|faint|p2a: Skarmory
|
|-weather|Sandstorm|[upkeep]
|-damage|p1a: Liepard|106\/332|[from] sandstorm
|-heal|p1a: Liepard|126\/332|[from] item: Leftovers
|callback|decision
|
|switch|p2a: Gliscor|Gliscor, M|352\/352 tox
|-damage|p2a: Gliscor|308\/352 tox|[from] Stealth Rock
|turn|36
|callback|decision
|
|move|p1a: Liepard|Nasty Plot|p1a: Liepard
|-boost|p1a: Liepard|spa|2
|move|p2a: Gliscor|Substitute|p2a: Gliscor
|-start|p2a: Gliscor|Substitute
|-damage|p2a: Gliscor|220\/352 tox
|
|-weather|Sandstorm|[upkeep]
|-damage|p1a: Liepard|106\/332|[from] sandstorm
|-heal|p1a: Liepard|126\/332|[from] item: Leftovers
|-heal|p2a: Gliscor|264\/352 tox|[from] ability: Poison Heal
|turn|37
|callback|decision
|
|move|p1a: Liepard|Foul Play|p2a: Gliscor
|-activate|p2a: Gliscor|Substitute|[damage]
|move|p2a: Gliscor|Earthquake|p1a: Liepard
|-crit|p1a: Liepard
|-end|p1a: Liepard|Substitute
|
|-weather|Sandstorm|[upkeep]
|-damage|p1a: Liepard|106\/332|[from] sandstorm
|-heal|p1a: Liepard|126\/332|[from] item: Leftovers
|-heal|p2a: Gliscor|308\/352 tox|[from] ability: Poison Heal
|turn|38
|callback|decision
|
|move|p1a: Liepard|Substitute|p1a: Liepard
|-start|p1a: Liepard|Substitute
|-damage|p1a: Liepard|43\/332
|move|p2a: Gliscor|Earthquake|p1a: Liepard
|-end|p1a: Liepard|Substitute
|
|-weather|Sandstorm|[upkeep]
|-damage|p1a: Liepard|23\/332|[from] sandstorm
|-heal|p1a: Liepard|43\/332|[from] item: Leftovers
|-heal|p2a: Gliscor|352\/352 tox|[from] ability: Poison Heal
|turn|39
|callback|decision
|
|move|p1a: Liepard|Foul Play|p2a: Gliscor
|-end|p2a: Gliscor|Substitute
|move|p2a: Gliscor|Earthquake|p1a: Liepard
|-damage|p1a: Liepard|0 fnt
|faint|p1a: Liepard
|
|-weather|Sandstorm|[upkeep]
|callback|decision
|
|switch|p1a: Heatran|Heatran, F|324\/324
|-damage|p1a: Heatran|284\/324|[from] Spikes
|-damage|p1a: Heatran|244\/324|[from] Stealth Rock
|turn|40
|callback|decision
|
|move|p2a: Gliscor|Earthquake|p1a: Heatran
|-supereffective|p1a: Heatran
|-damage|p1a: Heatran|0 fnt
|faint|p1a: Heatran
|
|-weather|Sandstorm|[upkeep]
|callback|decision
|
|switch|p1a: Skuntank|Skuntank, F|410\/410
|-damage|p1a: Skuntank|359\/410|[from] Stealth Rock
|-damage|p1a: Skuntank|308\/410|[from] Spikes
|turn|41
|callback|decision
|
|move|p2a: Gliscor|Earthquake|p1a: Skuntank
|-supereffective|p1a: Skuntank
|-damage|p1a: Skuntank|108\/410
|move|p1a: Skuntank|Roar|p2a: Gliscor
|
|-weather|Sandstorm|[upkeep]
|-damage|p1a: Skuntank|83\/410|[from] sandstorm
|-heal|p1a: Skuntank|108\/410|[from] item: Leftovers
|turn|42
|callback|decision
|
|move|p2a: Gliscor|Substitute|p2a: Gliscor
|-start|p2a: Gliscor|Substitute
|-damage|p2a: Gliscor|264\/352 tox
|move|p1a: Skuntank|Roar|p2a: Gliscor
|
|-weather|Sandstorm|[upkeep]
|-damage|p1a: Skuntank|83\/410|[from] sandstorm
|-heal|p1a: Skuntank|108\/410|[from] item: Leftovers
|-heal|p2a: Gliscor|308\/352 tox|[from] ability: Poison Heal
|turn|43
|callback|decision
|
|move|p2a: Gliscor|Earthquake|p1a: Skuntank
|-supereffective|p1a: Skuntank
|-damage|p1a: Skuntank|0 fnt
|faint|p1a: Skuntank
|
|-weather|Sandstorm|[upkeep]
|-heal|p2a: Gliscor|352\/352 tox|[from] ability: Poison Heal
|callback|decision
|
|switch|p1a: Mew|Mew|404\/404
|-damage|p1a: Mew|354\/404|[from] Stealth Rock
|-damage|p1a: Mew|304\/404|[from] Spikes
|turn|44
|callback|decision
|
|move|p2a: Gliscor|Toxic|p1a: Mew
|-status|p1a: Mew|tox
|move|p1a: Mew|Roar|p2a: Gliscor
|
|-weather|Sandstorm|[upkeep]
|-damage|p1a: Mew|279\/404 tox|[from] sandstorm
|-damage|p1a: Mew|254\/404 tox|[from] psn
|turn|45
|callback|decision
|
|move|p2a: Gliscor|Earthquake|p1a: Mew
|-damage|p1a: Mew|169\/404 tox
|move|p1a: Mew|Roar|p2a: Gliscor
|
|-weather|Sandstorm|[upkeep]
|-damage|p1a: Mew|144\/404 tox|[from] sandstorm
|-damage|p1a: Mew|94\/404 tox|[from] psn
|turn|46
|callback|decision
|
|move|p2a: Gliscor|Earthquake|p1a: Mew
|-damage|p1a: Mew|0 fnt
|faint|p1a: Mew
|
|-weather|Sandstorm|[upkeep]
|callback|decision
|
|switch|p1a: Ditto|Ditto|263\/300
|-damage|p1a: Ditto|226\/300|[from] Stealth Rock
|-damage|p1a: Ditto|189\/300|[from] Spikes
|turn|47
|callback|decision
|
|move|p2a: Gliscor|Toxic|p1a: Ditto
|-status|p1a: Ditto|tox
|move|p1a: Ditto|Transform|p2a: Gliscor
|-fail|p2a: Gliscor
|
|-weather|Sandstorm|[upkeep]
|-damage|p1a: Ditto|171\/300 tox|[from] sandstorm
|-damage|p1a: Ditto|153\/300 tox|[from] psn
|turn|48
|callback|decision
|chat|kwiick test|lol
|chat|kwiick test|fuck
|chat|femt6|smile
|chat|femt6|little noob
|chat|kwiick test|^Ã§
|-message|kwiick test forfeited.
|
|win|femt6
|raw|Ladder updating...
|leave|kwiick test
|player|p1
|raw|kwiick test's rating: 1688 &rarr; <strong>1683<\/strong><br \/>(-5 for losing)
|raw|femt6's rating: 1916 &rarr; <strong>1920<\/strong><br \/>(+4 for winning)