|join|femt6
|join|latino
|player|p1|femt6|266
|player|p2|latino|1
|gametype|singles
|tier|OU
|rated
|rule|Evasion Abilities Clause: Evasion abilities are banned
|clearpoke
|poke|p1|Tyranitar, M
|poke|p1|Salamence, F
|poke|p1|Lucario, F
|poke|p1|Alakazam, F
|poke|p1|Jellicent, F
|poke|p1|Ferrothorn, M
|poke|p2|Ninetales, F
|poke|p2|Starmie
|poke|p2|Venusaur, M
|poke|p2|Weavile, M
|poke|p2|Heatran, M
|poke|p2|Ferrothorn, F
|rule|Sleep Clause Mod: Limit one foe put to sleep
|rule|Species Clause: Limit one of each Pokemon
|rule|OHKO Clause: OHKO moves are banned
|rule|Moody Clause: Moody is banned
|rule|Evasion Moves Clause: Evasion moves are banned
|rule|HP Percentage Mod: HP is reported as percentages
|teampreview
|callback|decision
|
|start
|switch|p1a: Tyranitar|Tyranitar, M|401\/401
|switch|p2a: Weavile|Weavile, M|282\/282
|-ability|p2a: Weavile|Pressure
|-weather|Sandstorm|[from] ability: Sand Stream|[of] p1a: Tyranitar
|turn|1
|callback|decision
|
|switch|p1a: Ferrothorn|Ferrothorn, M|352\/352
|move|p2a: Weavile|Low Kick|p1a: Ferrothorn
|-supereffective|p1a: Ferrothorn
|-damage|p1a: Ferrothorn|162\/352
|-damage|p2a: Weavile|247\/282|[from] ability: Iron Barbs|[of] p1a: Ferrothorn
|-damage|p2a: Weavile|219\/282|[from] item: Life Orb
|
|-weather|Sandstorm|[upkeep]
|-damage|p2a: Weavile|202\/282|[from] sandstorm
|-heal|p1a: Ferrothorn|184\/352|[from] item: Leftovers
|turn|2
|callback|decision
|
|switch|p1a: Jellicent|Jellicent, F|403\/403
|move|p2a: Weavile|Low Kick|p1a: Jellicent
|-immune|p1a: Jellicent|[msg]
|
|-weather|Sandstorm|[upkeep]
|-damage|p2a: Weavile|185\/282|[from] sandstorm
|-damage|p1a: Jellicent|378\/403|[from] sandstorm
|-heal|p1a: Jellicent|403\/403|[from] item: Leftovers
|turn|3
|callback|decision
|
|switch|p2a: Ninetales|Ninetales, F|350\/350
|-weather|SunnyDay|[from] ability: Drought|[of] p2a: Ninetales
|switch|p1a: Lucario|Lucario, F|282\/282
|
|-weather|SunnyDay|[upkeep]
|turn|4
|callback|decision
|
|switch|p1a: Tyranitar|Tyranitar, M|401\/401
|-weather|Sandstorm|[from] ability: Sand Stream|[of] p1a: Tyranitar
|switch|p2a: Venusaur|Venusaur, M|301\/301
|
|-weather|Sandstorm|[upkeep]
|-damage|p2a: Venusaur|283\/301|[from] sandstorm
|-heal|p2a: Venusaur|301\/301|[from] item: Leftovers
|turn|5
|callback|decision
|
|move|p2a: Venusaur|Giga Drain|p1a: Tyranitar
|-supereffective|p1a: Tyranitar
|-damage|p1a: Tyranitar|287\/401
|move|p1a: Tyranitar|Stealth Rock|p2a: Venusaur
|-sidestart|p2: latino|move: Stealth Rock
|
|-weather|Sandstorm|[upkeep]
|-damage|p2a: Venusaur|283\/301|[from] sandstorm
|-heal|p2a: Venusaur|301\/301|[from] item: Leftovers
|-heal|p1a: Tyranitar|312\/401|[from] item: Leftovers
|turn|6
|callback|decision
|
|switch|p1a: Ferrothorn|Ferrothorn, M|184\/352
|move|p2a: Venusaur|Earthquake|p1a: Ferrothorn
|-damage|p1a: Ferrothorn|133\/352
|
|-weather|Sandstorm|[upkeep]
|-damage|p2a: Venusaur|283\/301|[from] sandstorm
|-heal|p2a: Venusaur|301\/301|[from] item: Leftovers
|-heal|p1a: Ferrothorn|155\/352|[from] item: Leftovers
|turn|7
|callback|decision
|
|switch|p1a: Salamence|Salamence, F|331\/331
|move|p2a: Venusaur|Hidden Power|p1a: Salamence
|-resisted|p1a: Salamence
|-damage|p1a: Salamence|277\/331
|
|-weather|Sandstorm|[upkeep]
|-damage|p1a: Salamence|257\/331|[from] sandstorm
|-damage|p2a: Venusaur|283\/301|[from] sandstorm
|-heal|p2a: Venusaur|301\/301|[from] item: Leftovers
|turn|8
|callback|decision
|
|switch|p2a: Ferrothorn|Ferrothorn, F|352\/352
|-damage|p2a: Ferrothorn|330\/352|[from] Stealth Rock
|move|p1a: Salamence|Fire Blast|p2a: Ferrothorn
|-supereffective|p2a: Ferrothorn
|-damage|p2a: Ferrothorn|0 fnt
|faint|p2a: Ferrothorn
|-boost|p1a: Salamence|atk|1|[from] ability: Moxie
|
|-weather|Sandstorm|[upkeep]
|-damage|p1a: Salamence|237\/331|[from] sandstorm
|callback|decision
|-message|latino forfeited.
|
|win|femt6
|raw|Ladder updating...
|raw|femt6's rating: 1924 &rarr; <strong>1928<\/strong><br \/>(+4 for winning)
|raw|latino's rating: 1851 &rarr; <strong>1849<\/strong><br \/>(-2 for losing)
|leave|latino
|player|p2