|join|femt6
|join|colacloud
|player|p1|femt6|266
|player|p2|colacloud|1
|gametype|singles
|gen|6
|tier|OU
|rated
|clearpoke
|poke|p1|Heatran, M
|poke|p1|Rotom-Wash
|poke|p1|Skarmory, M
|poke|p1|Venusaur, F
|poke|p1|Chansey, F
|poke|p1|Conkeldurr, M
|poke|p2|Charizard, M
|poke|p2|Gyarados, M, shiny
|poke|p2|Blissey, F, shiny
|poke|p2|Electivire, M
|poke|p2|Gengar, M
|poke|p2|Snorlax, M, shiny
|rule|Sleep Clause Mod: Limit one foe put to sleep
|rule|Species Clause: Limit one of each Pokemon
|rule|OHKO Clause: OHKO moves are banned
|rule|Moody Clause: Moody is banned
|rule|Evasion Moves Clause: Evasion moves are banned
|rule|Endless Battle Clause: Forcing endless battles is banned.
|rule|HP Percentage Mod: HP is reported as percentages
|teampreview
|
|start
|switch|p1a: Rotom-Wash|Rotom-Wash|304\/304
|switch|p2a: Electivire|Electivire, M|291\/291
|turn|1
|
|move|p2a: Electivire|Wild Charge|p1a: Rotom-Wash
|-damage|p1a: Rotom-Wash|175\/304
|-damage|p2a: Electivire|259\/291|[from] recoil|[of] p1a: Rotom-Wash
|move|p1a: Rotom-Wash|Will-O-Wisp|p2a: Electivire
|-status|p2a: Electivire|brn
|
|-heal|p1a: Rotom-Wash|194\/304|[from] item: Leftovers
|-damage|p2a: Electivire|223\/291 brn|[from] brn
|turn|2
|
|switch|p1a: Venusaur|Venusaur, F|364\/364
|move|p2a: Electivire|Wild Charge|p1a: Venusaur
|-resisted|p1a: Venusaur
|-damage|p1a: Venusaur|330\/364
|-damage|p2a: Electivire|214\/291 brn|[from] recoil|[of] p1a: Venusaur
|
|-damage|p2a: Electivire|178\/291 brn|[from] brn
|turn|3
|
|-formechange|p1a: Venusaur|Venusaur-Mega
|message|Venusaur has Mega Evolved into Mega Venusaur!
|move|p2a: Electivire|Flamethrower|p1a: Venusaur
|-supereffective|p1a: Venusaur
|-damage|p1a: Venusaur|256\/364
|move|p1a: Venusaur|Leech Seed|p2a: Electivire
|-start|p2a: Electivire|move: Leech Seed
|
|-damage|p2a: Electivire|142\/291 brn|[from] Leech Seed|[of] p1a: Venusaur
|-heal|p1a: Venusaur|292\/364|[silent]
|-damage|p2a: Electivire|106\/291 brn|[from] brn
|turn|4
|
|switch|p2a: Blissey|Blissey, F, shiny|652\/652
|switch|p1a: Conkeldurr|Conkeldurr, M|414\/414
|
|turn|5
|
|switch|p2a: Gengar|Gengar, M|262\/262
|move|p1a: Conkeldurr|Knock Off|p2a: Gengar
|-supereffective|p2a: Gengar
|-damage|p2a: Gengar|0 fnt
|faint|p2a: Gengar
|
|
|switch|p2a: Charizard|Charizard, M|298\/298
|turn|6
|
|switch|p1a: Heatran|Heatran, M|380\/380
|-formechange|p2a: Charizard|Charizard-Mega-X
|message|Charizard has Mega Evolved into Mega Charizard!
|move|p2a: Charizard|Dragon Claw|p1a: Heatran
|-resisted|p1a: Heatran
|-damage|p1a: Heatran|278\/380
|
|-heal|p1a: Heatran|301\/380|[from] item: Leftovers
|turn|7
|
|switch|p1a: Rotom-Wash|Rotom-Wash|194\/304
|move|p2a: Charizard|Flare Blitz|p1a: Rotom-Wash
|-resisted|p1a: Rotom-Wash
|-damage|p1a: Rotom-Wash|73\/304
|-damage|p2a: Charizard|258\/298|[from] recoil|[of] p1a: Rotom-Wash
|-status|p1a: Rotom-Wash|brn
|
|-heal|p1a: Rotom-Wash|92\/304 brn|[from] item: Leftovers
|-damage|p1a: Rotom-Wash|54\/304 brn|[from] brn
|turn|8
|
|switch|p1a: Heatran|Heatran, M|301\/380
|move|p2a: Charizard|Dragon Claw|p1a: Heatran
|-resisted|p1a: Heatran
|-damage|p1a: Heatran|204\/380
|
|-heal|p1a: Heatran|227\/380|[from] item: Leftovers
|turn|9
|
|move|p2a: Charizard|Flare Blitz|p1a: Heatran
|-start|p1a: Heatran|ability: Flash Fire
|move|p1a: Heatran|Stealth Rock|p2a: Charizard
|-sidestart|p2: colacloud|move: Stealth Rock
|
|-heal|p1a: Heatran|250\/380|[from] item: Leftovers
|turn|10
|
|move|p2a: Charizard|Dragon Claw|p1a: Heatran
|-resisted|p1a: Heatran
|-damage|p1a: Heatran|147\/380
|move|p1a: Heatran|Roar|p2a: Charizard
|drag|p2a: Electivire|Electivire, M|106\/291 brn
|-damage|p2a: Electivire|70\/291 brn|[from] Stealth Rock
|
|-heal|p1a: Heatran|170\/380|[from] item: Leftovers
|-damage|p2a: Electivire|34\/291 brn|[from] brn
|turn|11
|
|switch|p1a: Skarmory|Skarmory, M|334\/334
|move|p2a: Electivire|Earthquake|p1a: Skarmory
|-immune|p1a: Skarmory|[msg]
|
|-damage|p2a: Electivire|0 fnt|[from] brn
|faint|p2a: Electivire
|
|switch|p2a: Charizard|Charizard, M|258\/298
|-formechange|p2a: Charizard|Charizard-Mega-X
|-damage|p2a: Charizard|184\/298|[from] Stealth Rock
|turn|12
|
|switch|p1a: Heatran|Heatran, M|170\/380
|move|p2a: Charizard|Flare Blitz|p1a: Heatran
|-start|p1a: Heatran|ability: Flash Fire
|
|-heal|p1a: Heatran|193\/380|[from] item: Leftovers
|turn|13
|
|move|p2a: Charizard|Dragon Dance|p2a: Charizard
|-boost|p2a: Charizard|atk|1
|-boost|p2a: Charizard|spe|1
|move|p1a: Heatran|Roar|p2a: Charizard
|drag|p2a: Gyarados|Gyarados, M, shiny|331\/331
|-damage|p2a: Gyarados|249\/331|[from] Stealth Rock
|
|-heal|p1a: Heatran|216\/380|[from] item: Leftovers
|turn|14
|
|switch|p1a: Venusaur|Venusaur, F|292\/364
|-formechange|p1a: Venusaur|Venusaur-Mega
|move|p2a: Gyarados|Waterfall|p1a: Venusaur
|-resisted|p1a: Venusaur
|-damage|p1a: Venusaur|244\/364
|
|turn|15
|
|switch|p2a: Charizard|Charizard, M|184\/298
|-formechange|p2a: Charizard|Charizard-Mega-X
|-damage|p2a: Charizard|110\/298|[from] Stealth Rock
|move|p1a: Venusaur|Leech Seed|p2a: Charizard
|-start|p2a: Charizard|move: Leech Seed
|
|-damage|p2a: Charizard|73\/298|[from] Leech Seed|[of] p1a: Venusaur
|-heal|p1a: Venusaur|281\/364|[silent]
|turn|16
|
|switch|p1a: Heatran|Heatran, M|216\/380
|move|p2a: Charizard|Roost|p2a: Charizard
|-heal|p2a: Charizard|222\/298
|
|-heal|p1a: Heatran|239\/380|[from] item: Leftovers
|-damage|p2a: Charizard|185\/298|[from] Leech Seed|[of] p1a: Heatran
|-heal|p1a: Heatran|276\/380|[silent]
|turn|17
|
|switch|p2a: Gyarados|Gyarados, M, shiny|249\/331
|-damage|p2a: Gyarados|167\/331|[from] Stealth Rock
|move|p1a: Heatran|Taunt|p2a: Gyarados
|-start|p2a: Gyarados|move: Taunt
|
|-heal|p1a: Heatran|299\/380|[from] item: Leftovers
|turn|18
|
|switch|p1a: Venusaur|Venusaur, F|281\/364
|-formechange|p1a: Venusaur|Venusaur-Mega
|move|p2a: Gyarados|Waterfall|p1a: Venusaur
|-resisted|p1a: Venusaur
|-damage|p1a: Venusaur|234\/364
|
|turn|19
|
|switch|p2a: Blissey|Blissey, F, shiny|652\/652
|-damage|p2a: Blissey|571\/652|[from] Stealth Rock
|move|p1a: Venusaur|Leech Seed|p2a: Blissey
|-start|p2a: Blissey|move: Leech Seed
|
|-heal|p2a: Blissey|611\/652|[from] item: Leftovers
|-damage|p2a: Blissey|530\/652|[from] Leech Seed|[of] p1a: Venusaur
|-heal|p1a: Venusaur|315\/364|[silent]
|turn|20
|
|switch|p1a: Chansey|Chansey, F|704\/704
|move|p2a: Blissey|Aromatherapy|p2a: Blissey
|-cureteam|p2a: Blissey|[from] move: Aromatherapy
|
|-heal|p2a: Blissey|570\/652|[from] item: Leftovers
|-damage|p2a: Blissey|489\/652|[from] Leech Seed|[of] p1a: Chansey
|turn|21
|
|move|p2a: Blissey|Seismic Toss|p1a: Chansey
|-damage|p1a: Chansey|604\/704
|move|p1a: Chansey|Heal Bell|p1a: Chansey
|-cureteam|p1a: Chansey|[from] move: HealBell
|
|-heal|p2a: Blissey|529\/652|[from] item: Leftovers
|-damage|p2a: Blissey|448\/652|[from] Leech Seed|[of] p1a: Chansey
|-heal|p1a: Chansey|685\/704|[silent]
|turn|22
|
|move|p2a: Blissey|Toxic|p1a: Chansey
|-status|p1a: Chansey|tox
|move|p1a: Chansey|Wish|p1a: Chansey
|
|-heal|p2a: Blissey|488\/652|[from] item: Leftovers
|-damage|p2a: Blissey|407\/652|[from] Leech Seed|[of] p1a: Chansey
|-heal|p1a: Chansey|704\/704 tox|[silent]
|-damage|p1a: Chansey|660\/704 tox|[from] psn
|turn|23
|
|switch|p2a: Charizard|Charizard, M|185\/298
|-formechange|p2a: Charizard|Charizard-Mega-X
|-damage|p2a: Charizard|111\/298|[from] Stealth Rock
|switch|p1a: Rotom-Wash|Rotom-Wash|54\/304
|
|-heal|p1a: Rotom-Wash|304\/304|[from] move: Wish|[wisher] Chansey
|turn|24
|
|move|p2a: Charizard|Roost|p2a: Charizard
|-heal|p2a: Charizard|260\/298
|move|p1a: Rotom-Wash|Volt Switch|p2a: Charizard
|-resisted|p2a: Charizard
|-damage|p2a: Charizard|209\/298
|
|switch|p1a: Heatran|Heatran, M|299\/380
|
|-heal|p1a: Heatran|322\/380|[from] item: Leftovers
|turn|25
|
|move|p2a: Charizard|Dragon Dance|p2a: Charizard
|-boost|p2a: Charizard|atk|1
|-boost|p2a: Charizard|spe|1
|move|p1a: Heatran|Roar|p2a: Charizard
|drag|p2a: Blissey|Blissey, F, shiny|407\/652
|-damage|p2a: Blissey|326\/652|[from] Stealth Rock
|
|-heal|p1a: Heatran|345\/380|[from] item: Leftovers
|-heal|p2a: Blissey|366\/652|[from] item: Leftovers
|turn|26
|
|move|p1a: Heatran|Taunt|p2a: Blissey
|-start|p2a: Blissey|move: Taunt
|move|p2a: Blissey|Seismic Toss|p1a: Heatran
|-damage|p1a: Heatran|245\/380
|
|-heal|p1a: Heatran|268\/380|[from] item: Leftovers
|-heal|p2a: Blissey|406\/652|[from] item: Leftovers
|turn|27
|
|switch|p1a: Conkeldurr|Conkeldurr, M|414\/414
|switch|p2a: Snorlax|Snorlax, M, shiny|481\/481
|-damage|p2a: Snorlax|421\/481|[from] Stealth Rock
|
|-heal|p2a: Snorlax|451\/481|[from] item: Leftovers
|turn|28
|
|move|p1a: Conkeldurr|Knock Off|p2a: Snorlax
|-damage|p2a: Snorlax|271\/481
|-enditem|p2a: Snorlax|Leftovers|[from] move: Knock Off|[of] p1a: Conkeldurr
|move|p2a: Snorlax|Earthquake|p1a: Conkeldurr
|-damage|p1a: Conkeldurr|298\/414
|
|turn|29
|
|switch|p2a: Charizard|Charizard, M|209\/298
|-formechange|p2a: Charizard|Charizard-Mega-X
|-damage|p2a: Charizard|135\/298|[from] Stealth Rock
|move|p1a: Conkeldurr|Knock Off|p2a: Charizard
|-damage|p2a: Charizard|52\/298
|
|turn|30
|
|move|p1a: Conkeldurr|Mach Punch|p2a: Charizard
|-damage|p2a: Charizard|0 fnt
|faint|p2a: Charizard
|
|
|switch|p2a: Snorlax|Snorlax, M, shiny|271\/481
|-damage|p2a: Snorlax|211\/481|[from] Stealth Rock
|turn|31
|
|move|p1a: Conkeldurr|Drain Punch|p2a: Snorlax
|-supereffective|p2a: Snorlax
|-damage|p2a: Snorlax|0 fnt
|-heal|p1a: Conkeldurr|404\/414|[from] drain|[of] p2a: Snorlax
|faint|p2a: Snorlax
|
|-message|colacloud forfeited.
|
|win|femt6
|raw|Ladder updating...
|leave|colacloud
|player|p2
|raw|femt6's rating: 1214 &rarr; <strong>1235<\/strong><br \/>(+21 for winning)
|raw|colacloud's rating: 1157 &rarr; <strong>1136<\/strong><br \/>(-21 for losing)