|join|Another gg easy
|join|Jaytec
|player|p1|Another gg easy|72
|player|p2|Jaytec|169
|gametype|singles
|gen|6
|tier|UU
|rated
|rule|Sleep Clause Mod: Limit one foe put to sleep
|rule|Species Clause: Limit one of each PokÃ©mon
|rule|OHKO Clause: OHKO moves are banned
|rule|Moody Clause: Moody is banned
|rule|Evasion Moves Clause: Evasion moves are banned
|rule|Endless Battle Clause: Forcing endless battles is banned
|rule|HP Percentage Mod: HP is shown in percentages
|clearpoke
|poke|p1|Celebi
|poke|p1|Crobat, F
|poke|p1|Sharpedo, M
|poke|p1|Donphan, M
|poke|p1|Rotom-Heat
|poke|p1|Hydreigon, F
|poke|p2|Beedrill, M
|poke|p2|Galvantula, F
|poke|p2|Flygon, M
|poke|p2|Empoleon, M
|poke|p2|Arcanine, F
|poke|p2|Tentacruel, M
|rule|Swagger Clause: Swagger is banned
|rule|Baton Pass Clause: Limit one PokÃ©mon knowing Baton Pass
|teampreview
|
|start
|switch|p1a: Crobat|Crobat, F|311\/311
|switch|p2a: Beedrill|Beedrill, M|271\/271
|turn|1
|
|detailschange|p2a: Beedrill|Beedrill-Mega, M
|-mega|p2a: Beedrill|Beedrill|Beedrillite
|move|p2a: Beedrill|Protect|p2a: Beedrill
|-singleturn|p2a: Beedrill|Protect
|move|p1a: Crobat|U-turn|p2a: Beedrill
|-activate|p2a: Beedrill|Protect
|
|turn|2
|
|switch|p2a: Arcanine|Arcanine, F|383\/383
|-ability|p2a: Arcanine|Intimidate|[of] p1a: Crobat
|-unboost|p1a: Crobat|atk|1
|move|p1a: Crobat|Brave Bird|p2a: Arcanine
|-damage|p2a: Arcanine|254\/383
|-damage|p1a: Crobat|268\/311|[from] recoil|[of] p2a: Arcanine
|-damage|p1a: Crobat|237\/311|[from] item: Life Orb
|
|-heal|p2a: Arcanine|277\/383|[from] item: Leftovers
|turn|3
|
|move|p1a: Crobat|U-turn|p2a: Arcanine
|-crit|p2a: Arcanine
|-resisted|p2a: Arcanine
|-damage|p2a: Arcanine|222\/383
|-damage|p1a: Crobat|206\/311|[from] item: Life Orb
|
|switch|p1a: Rotom-Heat|Rotom-Heat|241\/241
|move|p2a: Arcanine|Will-O-Wisp|p1a: Rotom-Heat
|-fail|p1a: Rotom-Heat
|
|-heal|p2a: Arcanine|245\/383|[from] item: Leftovers
|turn|4
|
|move|p1a: Rotom-Heat|Trick|p2a: Arcanine
|-activate|p1a: Rotom-Heat|move: Trick|[of] p2a: Arcanine
|-item|p2a: Arcanine|Choice Scarf|[from] move: Trick
|-item|p1a: Rotom-Heat|Leftovers|[from] move: Trick
|move|p2a: Arcanine|Morning Sun|p2a: Arcanine
|-heal|p2a: Arcanine|383\/383
|
|turn|5
|
|switch|p2a: Flygon|Flygon, M|301\/301
|move|p1a: Rotom-Heat|Volt Switch|p2a: Flygon
|-immune|p2a: Flygon|[msg]
|
|turn|6
|
|move|p2a: Flygon|U-turn|p1a: Rotom-Heat
|-resisted|p1a: Rotom-Heat
|-damage|p1a: Rotom-Heat|208\/241
|
|switch|p2a: Arcanine|Arcanine, F|383\/383
|-ability|p2a: Arcanine|Intimidate|[of] p1a: Rotom-Heat
|-unboost|p1a: Rotom-Heat|atk|1
|move|p1a: Rotom-Heat|Will-O-Wisp|p2a: Arcanine|[miss]
|-miss|p1a: Rotom-Heat|p2a: Arcanine
|
|-heal|p1a: Rotom-Heat|223\/241|[from] item: Leftovers
|turn|7
|
|move|p2a: Arcanine|Flare Blitz|p1a: Rotom-Heat
|-resisted|p1a: Rotom-Heat
|-damage|p1a: Rotom-Heat|151\/241
|-damage|p2a: Arcanine|359\/383|[from] recoil|[of] p1a: Rotom-Heat
|move|p1a: Rotom-Heat|Volt Switch|p2a: Arcanine
|-damage|p2a: Arcanine|230\/383
|
|switch|p1a: Crobat|Crobat, F|206\/311
|
|turn|8
|
|move|p1a: Crobat|Brave Bird|p2a: Arcanine
|-damage|p2a: Arcanine|38\/383
|-damage|p1a: Crobat|143\/311|[from] recoil|[of] p2a: Arcanine
|-damage|p1a: Crobat|112\/311|[from] item: Life Orb
|move|p2a: Arcanine|Flare Blitz|p1a: Crobat
|-damage|p1a: Crobat|0 fnt
|-damage|p2a: Arcanine|1\/383|[from] recoil|[of] p1a: Crobat
|faint|p1a: Crobat
|
|
|switch|p1a: Sharpedo|Sharpedo, M|281\/281
|turn|9
|
|move|p1a: Sharpedo|Protect|p1a: Sharpedo
|-singleturn|p1a: Sharpedo|Protect
|move|p2a: Arcanine|Flare Blitz|p1a: Sharpedo
|-activate|p1a: Sharpedo|Protect
|
|-boost|p1a: Sharpedo|spe|1|[from] ability: Speed Boost
|turn|10
|
|switch|p2a: Empoleon|Empoleon, M|372\/372
|move|p1a: Sharpedo|Waterfall|p2a: Empoleon
|-resisted|p2a: Empoleon
|-damage|p2a: Empoleon|292\/372
|
|-boost|p1a: Sharpedo|spe|1|[from] ability: Speed Boost
|turn|11
|
|detailschange|p1a: Sharpedo|Sharpedo-Mega, M
|-mega|p1a: Sharpedo|Sharpedo|Sharpedonite
|move|p1a: Sharpedo|Crunch|p2a: Empoleon
|-damage|p2a: Empoleon|15\/372
|move|p2a: Empoleon|Stealth Rock|p1a: Sharpedo
|-sidestart|p1: Another gg easy|move: Stealth Rock
|
|turn|12
|
|move|p1a: Sharpedo|Crunch|p2a: Empoleon
|-damage|p2a: Empoleon|0 fnt
|faint|p2a: Empoleon
|
|
|switch|p2a: Galvantula|Galvantula, F|281\/281
|turn|13
|
|move|p1a: Sharpedo|Crunch|p2a: Galvantula
|-enditem|p2a: Galvantula|Focus Sash
|-damage|p2a: Galvantula|1\/281
|-unboost|p2a: Galvantula|def|1
|move|p2a: Galvantula|Thunder|p1a: Sharpedo
|-supereffective|p1a: Sharpedo
|-damage|p1a: Sharpedo|0 fnt
|faint|p1a: Sharpedo
|
|
|switch|p1a: Donphan|Donphan, M|383\/383
|-damage|p1a: Donphan|360\/383|[from] Stealth Rock
|turn|14
|
|move|p1a: Donphan|Ice Shard|p2a: Galvantula
|-damage|p2a: Galvantula|0 fnt
|faint|p2a: Galvantula
|
|-heal|p1a: Donphan|383\/383|[from] item: Leftovers
|
|switch|p2a: Tentacruel|Tentacruel, M|363\/363
|turn|15
|
|move|p2a: Tentacruel|Scald|p1a: Donphan
|-supereffective|p1a: Donphan
|-damage|p1a: Donphan|159\/383
|-status|p1a: Donphan|brn
|move|p1a: Donphan|Earthquake|p2a: Tentacruel
|-supereffective|p2a: Tentacruel
|-damage|p2a: Tentacruel|105\/363
|
|-heal|p2a: Tentacruel|127\/363|[from] item: Black Sludge
|-heal|p1a: Donphan|182\/383 brn|[from] item: Leftovers
|-damage|p1a: Donphan|135\/383 brn|[from] brn
|turn|16
|c|âAnother gg easy|come on
|c|âAnother gg easy|fucking haxer
|
|move|p2a: Tentacruel|Scald|p1a: Donphan
|-crit|p1a: Donphan
|-supereffective|p1a: Donphan
|-damage|p1a: Donphan|0 fnt
|faint|p1a: Donphan
|
|-heal|p2a: Tentacruel|149\/363|[from] item: Black Sludge
|
|switch|p1a: Celebi|Celebi|403\/403
|-damage|p1a: Celebi|353\/403|[from] Stealth Rock
|turn|17
|
|move|p2a: Tentacruel|Protect|p2a: Tentacruel
|-singleturn|p2a: Tentacruel|Protect
|move|p1a: Celebi|Swords Dance|p1a: Celebi
|-boost|p1a: Celebi|atk|2
|
|-heal|p2a: Tentacruel|171\/363|[from] item: Black Sludge
|turn|18
|
|move|p1a: Celebi|Sucker Punch|p2a: Tentacruel
|-fail|p2a: Tentacruel
|move|p2a: Tentacruel|Toxic|p1a: Celebi
|-status|p1a: Celebi|tox
|
|-heal|p2a: Tentacruel|193\/363|[from] item: Black Sludge
|-damage|p1a: Celebi|328\/403 tox|[from] psn
|turn|19
|
|move|p2a: Tentacruel|Protect|p2a: Tentacruel
|-singleturn|p2a: Tentacruel|Protect
|move|p1a: Celebi|Baton Pass|p1a: Celebi
|
|switch|p1a: Hydreigon|Hydreigon, F|325\/325
|-damage|p1a: Hydreigon|285\/325|[from] Stealth Rock
|
|-heal|p2a: Tentacruel|215\/363|[from] item: Black Sludge
|turn|20
|
|move|p1a: Hydreigon|Draco Meteor|p2a: Tentacruel
|-damage|p2a: Tentacruel|27\/363
|-unboost|p1a: Hydreigon|spa|2
|-damage|p1a: Hydreigon|253\/325|[from] item: Life Orb
|move|p2a: Tentacruel|Toxic|p1a: Hydreigon
|-status|p1a: Hydreigon|tox
|
|-heal|p2a: Tentacruel|49\/363|[from] item: Black Sludge
|-damage|p1a: Hydreigon|233\/325 tox|[from] psn
|turn|21
|
|move|p2a: Tentacruel|Protect|p2a: Tentacruel
|-singleturn|p2a: Tentacruel|Protect
|move|p1a: Hydreigon|Dark Pulse|p2a: Tentacruel
|-activate|p2a: Tentacruel|Protect
|
|-heal|p2a: Tentacruel|71\/363|[from] item: Black Sludge
|-damage|p1a: Hydreigon|193\/325 tox|[from] psn
|turn|22
|
|move|p1a: Hydreigon|Dark Pulse|p2a: Tentacruel
|-damage|p2a: Tentacruel|16\/363
|-damage|p1a: Hydreigon|161\/325 tox|[from] item: Life Orb
|move|p2a: Tentacruel|Scald|p1a: Hydreigon
|-resisted|p1a: Hydreigon
|-damage|p1a: Hydreigon|122\/325 tox
|
|-heal|p2a: Tentacruel|38\/363|[from] item: Black Sludge
|-damage|p1a: Hydreigon|62\/325 tox|[from] psn
|turn|23
|c|âAnother gg easy|cancer
|c|âAnother gg easy|for you
|c|âAnother gg easy|fucking haxer
|
|move|p2a: Tentacruel|Protect|p2a: Tentacruel
|-singleturn|p2a: Tentacruel|Protect
|move|p1a: Hydreigon|Dark Pulse|p2a: Tentacruel
|-activate|p2a: Tentacruel|Protect
|
|-heal|p2a: Tentacruel|60\/363|[from] item: Black Sludge
|-damage|p1a: Hydreigon|0 fnt|[from] psn
|faint|p1a: Hydreigon
|c|âJaytec|hax?
|c|âAnother gg easy|yes
|c|âAnother gg easy|burn
|c|âAnother gg easy|in
|c|âAnother gg easy|donphan
|c|âJaytec|because you get no crit?
|c|âAnother gg easy|????
|c|âAnother gg easy|burn
|c|âAnother gg easy|in donphan
|c|âAnother gg easy|retarded
|c|âAnother gg easy|tentacruel
|c|âAnother gg easy|was off
|c|âAnother gg easy|and you would had steal rocks
|c|âAnother gg easy|then
|c|âAnother gg easy|arcanine off too
|c|âAnother gg easy|beedrill 25%
|c|âAnother gg easy|now say
|c|âAnother gg easy|hax?
|c|âAnother gg easy|retard
|
|switch|p1a: Rotom-Heat|Rotom-Heat|151\/241
|-damage|p1a: Rotom-Heat|91\/241|[from] Stealth Rock
|turn|24
|c|âJaytec|wow
|c|âJaytec|how old are you? 9? xD
|
|move|p1a: Rotom-Heat|Will-O-Wisp|p2a: Tentacruel
|-status|p2a: Tentacruel|brn
|move|p2a: Tentacruel|Scald|p1a: Rotom-Heat
|-supereffective|p1a: Rotom-Heat
|-damage|p1a: Rotom-Heat|0 fnt
|faint|p1a: Rotom-Heat
|
|-heal|p2a: Tentacruel|82\/363 brn|[from] item: Black Sludge
|-damage|p2a: Tentacruel|37\/363 brn|[from] brn
|c|âAnother gg easy|20
|c|âAnother gg easy|but i still hating the people who win by the hax
|c|âAnother gg easy|like you
|c|âAnother gg easy|pathetic bastard
|-message|Another gg easy forfeited.
|leave|Another gg easy
|
|win|Jaytec
|raw|Ladder updating...
|player|p1
|raw|Another gg easy's rating: 1269 &rarr; <strong>1251<\/strong><br \/>(-18 for losing)
|raw|Jaytec's rating: 1373 &rarr; <strong>1387<\/strong><br \/>(+14 for winning)
|c|âJaytec|xDDD