|join|krdskrm
|join|Boris127
|player|p1|krdskrm|172
|player|p2|Boris127|101
|gametype|singles
|gen|6
|tier|OU
|rated
|clearpoke
|poke|p1|Lanturn, M
|poke|p1|Umbreon, F
|poke|p1|Scizor, F
|poke|p1|Vivillon, F
|poke|p1|Absol, F
|poke|p1|Azumarill, M
|poke|p2|Scizor, F
|poke|p2|Rotom-Wash
|poke|p2|Garchomp, M
|poke|p2|Landorus-Therian, M
|poke|p2|Gengar, F
|poke|p2|Heatran, F
|rule|Swagger Clause: Swagger is banned
|rule|Baton Pass Clause: Limit one PokÃ©mon knowing Baton Pass
|rule|Sleep Clause Mod: Limit one foe put to sleep
|rule|Species Clause: Limit one of each PokÃ©mon
|rule|OHKO Clause: OHKO moves are banned
|rule|Moody Clause: Moody is banned
|rule|Evasion Moves Clause: Evasion moves are banned
|rule|Endless Battle Clause: Forcing endless battles is banned
|rule|HP Percentage Mod: HP is shown in percentages
|teampreview
|
|start
|switch|p1a: Azumarill|Azumarill, M|404\/404
|switch|p2a: Landorus-Therian|Landorus-Therian, M|320\/320
|-ability|p2a: Landorus-Therian|Intimidate|[of] p1a: Azumarill
|-unboost|p1a: Azumarill|atk|1
|turn|1
|
|switch|p2a: Rotom-Wash|Rotom-Wash|304\/304
|move|p1a: Azumarill|Play Rough|p2a: Rotom-Wash
|-damage|p2a: Rotom-Wash|208\/304
|
|-heal|p2a: Rotom-Wash|227\/304|[from] item: Leftovers
|turn|2
|
|switch|p1a: Lanturn|Lanturn, M|454\/454
|move|p2a: Rotom-Wash|Will-O-Wisp|p1a: Lanturn
|-status|p1a: Lanturn|brn
|
|-heal|p2a: Rotom-Wash|246\/304|[from] item: Leftovers
|-damage|p1a: Lanturn|398\/454 brn|[from] brn
|turn|3
|
|move|p2a: Rotom-Wash|Volt Switch|p1a: Lanturn
|-heal|p1a: Lanturn|454\/454 brn|[from] ability: Volt Absorb|[of] p2a: Rotom-Wash
|move|p1a: Lanturn|Whirlpool|p2a: Rotom-Wash
|-resisted|p2a: Rotom-Wash
|-damage|p2a: Rotom-Wash|230\/304
|-activate|p2a: Rotom-Wash|move: Whirlpool|[of] p1a: Lanturn
|
|-heal|p2a: Rotom-Wash|249\/304|[from] item: Leftovers
|-damage|p1a: Lanturn|398\/454 brn|[from] brn
|-damage|p2a: Rotom-Wash|211\/304|[from] move: Whirlpool|[partiallytrapped]
|turn|4
|
|move|p2a: Rotom-Wash|Hydro Pump|p1a: Lanturn
|-resisted|p1a: Lanturn
|-damage|p1a: Lanturn|311\/454 brn
|move|p1a: Lanturn|Toxic|p2a: Rotom-Wash
|-status|p2a: Rotom-Wash|tox
|
|-heal|p2a: Rotom-Wash|230\/304 tox|[from] item: Leftovers
|-damage|p2a: Rotom-Wash|211\/304 tox|[from] psn
|-damage|p1a: Lanturn|255\/454 brn|[from] brn
|-damage|p2a: Rotom-Wash|173\/304 tox|[from] move: Whirlpool|[partiallytrapped]
|turn|5
|
|move|p2a: Rotom-Wash|Hydro Pump|p1a: Lanturn
|-resisted|p1a: Lanturn
|-damage|p1a: Lanturn|168\/454 brn
|move|p1a: Lanturn|Rest|p1a: Lanturn
|-status|p1a: Lanturn|slp
|-heal|p1a: Lanturn|454\/454 slp|[silent]
|-status|p1a: Lanturn|slp|[from] move: Rest
|
|-heal|p2a: Rotom-Wash|192\/304 tox|[from] item: Leftovers
|-damage|p2a: Rotom-Wash|154\/304 tox|[from] psn
|-damage|p2a: Rotom-Wash|116\/304 tox|[from] move: Whirlpool|[partiallytrapped]
|turn|6
|
|move|p2a: Rotom-Wash|Hydro Pump|p1a: Lanturn
|-resisted|p1a: Lanturn
|-damage|p1a: Lanturn|376\/454 slp
|cant|p1a: Lanturn|slp
|
|-heal|p2a: Rotom-Wash|135\/304 tox|[from] item: Leftovers
|-damage|p2a: Rotom-Wash|78\/304 tox|[from] psn
|-damage|p2a: Rotom-Wash|40\/304 tox|[from] move: Whirlpool|[partiallytrapped]
|turn|7
|
|move|p2a: Rotom-Wash|Hydro Pump|p1a: Lanturn
|-resisted|p1a: Lanturn
|-damage|p1a: Lanturn|290\/454 slp
|cant|p1a: Lanturn|slp
|
|-heal|p2a: Rotom-Wash|59\/304 tox|[from] item: Leftovers
|-damage|p2a: Rotom-Wash|0 fnt|[from] psn
|faint|p2a: Rotom-Wash
|
|switch|p2a: Landorus-Therian|Landorus-Therian, M|320\/320
|-ability|p2a: Landorus-Therian|Intimidate|[of] p1a: Lanturn
|-unboost|p1a: Lanturn|atk|1
|turn|8
|
|move|p2a: Landorus-Therian|Knock Off|p1a: Lanturn
|-damage|p1a: Lanturn|161\/454 slp
|-enditem|p1a: Lanturn|Grip Claw|[from] move: Knock Off|[of] p2a: Landorus-Therian
|-curestatus|p1a: Lanturn|slp
|move|p1a: Lanturn|Toxic|p2a: Landorus-Therian
|-status|p2a: Landorus-Therian|tox
|
|-damage|p2a: Landorus-Therian|300\/320 tox|[from] psn
|turn|9
|
|switch|p2a: Scizor|Scizor, F|344\/344
|move|p1a: Lanturn|Rest|p1a: Lanturn
|-status|p1a: Lanturn|slp
|-heal|p1a: Lanturn|454\/454 slp|[silent]
|-status|p1a: Lanturn|slp|[from] move: Rest
|
|turn|10
|
|detailschange|p2a: Scizor|Scizor-Mega, F
|message|Scizor has Mega Evolved into Mega Scizor!
|cant|p1a: Lanturn|slp
|move|p2a: Scizor|U-turn|p1a: Lanturn
|-damage|p1a: Lanturn|337\/454 slp
|
|switch|p2a: Landorus-Therian|Landorus-Therian, M|300\/320 tox
|-ability|p2a: Landorus-Therian|Intimidate|[of] p1a: Lanturn
|-unboost|p1a: Lanturn|atk|1
|
|-damage|p2a: Landorus-Therian|280\/320 tox|[from] psn
|turn|11
|
|switch|p1a: Vivillon|Vivillon, F|302\/302
|move|p2a: Landorus-Therian|Earthquake|p1a: Vivillon
|-immune|p1a: Vivillon|[msg]
|
|-damage|p2a: Landorus-Therian|240\/320 tox|[from] psn
|turn|12
|
|switch|p2a: Scizor|Scizor-Mega, F|344\/344
|switch|p1a: Azumarill|Azumarill, M|404\/404
|
|turn|13
|
|move|p2a: Scizor|Bullet Punch|p1a: Azumarill
|-crit|p1a: Azumarill
|-damage|p1a: Azumarill|223\/404
|move|p1a: Azumarill|Play Rough|p2a: Scizor
|-resisted|p2a: Scizor
|-damage|p2a: Scizor|265\/344
|
|turn|14
|
|switch|p1a: Lanturn|Lanturn, M|337\/454 slp
|move|p2a: Scizor|Bullet Punch|p1a: Lanturn
|-resisted|p1a: Lanturn
|-damage|p1a: Lanturn|312\/454 slp
|
|turn|15
|
|move|p2a: Scizor|U-turn|p1a: Lanturn
|-crit|p1a: Lanturn
|-damage|p1a: Lanturn|140\/454 slp
|
|switch|p2a: Garchomp|Garchomp, M|358\/358
|cant|p1a: Lanturn|slp
|
|turn|16
|
|move|p2a: Garchomp|Stealth Rock|p1a: Lanturn
|-sidestart|p1: krdskrm|move: Stealth Rock
|-curestatus|p1a: Lanturn|slp
|move|p1a: Lanturn|Toxic|p2a: Garchomp
|-status|p2a: Garchomp|tox
|
|-damage|p2a: Garchomp|336\/358 tox|[from] psn
|turn|17
|
|move|p2a: Garchomp|Dragon Claw|p1a: Lanturn
|-damage|p1a: Lanturn|8\/454
|move|p1a: Lanturn|Rest|p1a: Lanturn
|-status|p1a: Lanturn|slp
|-heal|p1a: Lanturn|454\/454 slp|[silent]
|-status|p1a: Lanturn|slp|[from] move: Rest
|
|-damage|p2a: Garchomp|292\/358 tox|[from] psn
|turn|18
|
|move|p2a: Garchomp|Swords Dance|p2a: Garchomp
|-boost|p2a: Garchomp|atk|2
|cant|p1a: Lanturn|slp
|
|-damage|p2a: Garchomp|226\/358 tox|[from] psn
|turn|19
|
|move|p2a: Garchomp|Dragon Claw|p1a: Lanturn
|-damage|p1a: Lanturn|186\/454 slp
|cant|p1a: Lanturn|slp
|
|-damage|p2a: Garchomp|138\/358 tox|[from] psn
|turn|20
|
|switch|p1a: Azumarill|Azumarill, M|223\/404
|-damage|p1a: Azumarill|173\/404|[from] Stealth Rock
|move|p2a: Garchomp|Earthquake|p1a: Azumarill
|-damage|p1a: Azumarill|0 fnt
|faint|p1a: Azumarill
|
|-damage|p2a: Garchomp|28\/358 tox|[from] psn
|
|switch|p1a: Scizor|Scizor, F|344\/344
|-damage|p1a: Scizor|301\/344|[from] Stealth Rock
|turn|21
|
|move|p1a: Scizor|Bullet Punch|p2a: Garchomp
|-damage|p2a: Garchomp|0 fnt
|-damage|p1a: Scizor|258\/344|[from] ability: Rough Skin|[of] p2a: Garchomp
|-damage|p1a: Scizor|201\/344|[from] item: Rocky Helmet|[of] p2a: Garchomp
|faint|p2a: Garchomp
|
|
|switch|p2a: Heatran|Heatran, F|344\/344
|turn|22
|
|switch|p2a: Landorus-Therian|Landorus-Therian, M|240\/320 tox
|-ability|p2a: Landorus-Therian|Intimidate|[of] p1a: Scizor
|-unboost|p1a: Scizor|atk|1
|switch|p1a: Lanturn|Lanturn, M|186\/454 slp
|-damage|p1a: Lanturn|130\/454 slp|[from] Stealth Rock
|
|-damage|p2a: Landorus-Therian|220\/320 tox|[from] psn
|turn|23
|
|move|p2a: Landorus-Therian|Earthquake|p1a: Lanturn
|-supereffective|p1a: Lanturn
|-damage|p1a: Lanturn|0 fnt
|faint|p1a: Lanturn
|
|-damage|p2a: Landorus-Therian|180\/320 tox|[from] psn
|
|switch|p1a: Scizor|Scizor, F|201\/344
|-damage|p1a: Scizor|158\/344|[from] Stealth Rock
|turn|24
|
|switch|p2a: Scizor|Scizor-Mega, F|265\/344
|move|p1a: Scizor|Superpower|p2a: Scizor
|-damage|p2a: Scizor|91\/344
|-unboost|p1a: Scizor|atk|1
|-unboost|p1a: Scizor|def|1
|
|turn|25
|
|switch|p2a: Gengar|Gengar, F|262\/262
|switch|p1a: Umbreon|Umbreon, F|394\/394
|-damage|p1a: Umbreon|345\/394|[from] Stealth Rock
|
|-heal|p1a: Umbreon|369\/394|[from] item: Leftovers
|turn|26
|
|move|p2a: Gengar|Substitute|p2a: Gengar
|-start|p2a: Gengar|Substitute
|-damage|p2a: Gengar|197\/262
|move|p1a: Umbreon|Wish|p1a: Umbreon
|
|-heal|p2a: Gengar|213\/262|[from] item: Black Sludge
|-heal|p1a: Umbreon|393\/394|[from] item: Leftovers
|turn|27
|
|move|p2a: Gengar|Focus Blast|p1a: Umbreon
|-supereffective|p1a: Umbreon
|-damage|p1a: Umbreon|235\/394
|move|p1a: Umbreon|Curse|p1a: Umbreon
|-boost|p1a: Umbreon|atk|1
|-boost|p1a: Umbreon|def|1
|-unboost|p1a: Umbreon|spe|1
|
|-heal|p1a: Umbreon|394\/394|[from] move: Wish|[wisher] Umbreon
|-heal|p2a: Gengar|229\/262|[from] item: Black Sludge
|turn|28
|
|move|p2a: Gengar|Focus Blast|p1a: Umbreon
|-supereffective|p1a: Umbreon
|-damage|p1a: Umbreon|228\/394
|-unboost|p1a: Umbreon|spd|1
|move|p1a: Umbreon|Payback|p2a: Gengar
|-supereffective|p2a: Gengar
|-end|p2a: Gengar|Substitute
|
|-heal|p2a: Gengar|245\/262|[from] item: Black Sludge
|-heal|p1a: Umbreon|252\/394|[from] item: Leftovers
|turn|29
|
|move|p2a: Gengar|Focus Blast|p1a: Umbreon|[miss]
|-miss|p2a: Gengar|p1a: Umbreon
|move|p1a: Umbreon|Payback|p2a: Gengar
|-supereffective|p2a: Gengar
|-damage|p2a: Gengar|0 fnt
|faint|p2a: Gengar
|
|-heal|p1a: Umbreon|276\/394|[from] item: Leftovers
|
|switch|p2a: Landorus-Therian|Landorus-Therian, M|180\/320 tox
|-ability|p2a: Landorus-Therian|Intimidate|[of] p1a: Umbreon
|-unboost|p1a: Umbreon|atk|1
|turn|30
|
|move|p2a: Landorus-Therian|U-turn|p1a: Umbreon
|-supereffective|p1a: Umbreon
|-damage|p1a: Umbreon|168\/394
|
|switch|p2a: Heatran|Heatran, F|344\/344
|move|p1a: Umbreon|Payback|p2a: Heatran
|-damage|p2a: Heatran|308\/344
|
|-heal|p1a: Umbreon|192\/394|[from] item: Leftovers
|turn|31
|
|move|p2a: Heatran|Toxic|p1a: Umbreon
|-status|p1a: Umbreon|tox
|move|p1a: Umbreon|Wish|p1a: Umbreon
|
|-heal|p1a: Umbreon|216\/394 tox|[from] item: Leftovers
|-damage|p1a: Umbreon|192\/394 tox|[from] psn
|turn|32
|
|move|p2a: Heatran|Flash Cannon|p1a: Umbreon
|-damage|p1a: Umbreon|46\/394 tox
|-damage|p2a: Heatran|274\/344|[from] item: Life Orb
|move|p1a: Umbreon|Baton Pass|p1a: Umbreon
|
|switch|p1a: Vivillon|Vivillon, F|302\/302
|-damage|p1a: Vivillon|151\/302|[from] Stealth Rock
|
|-heal|p1a: Vivillon|302\/302|[from] move: Wish|[wisher] Umbreon
|turn|33
|
|switch|p2a: Scizor|Scizor-Mega, F|91\/344
|move|p1a: Vivillon|Sleep Powder|p2a: Scizor
|-status|p2a: Scizor|slp
|
|turn|34
|
|move|p1a: Vivillon|Substitute|p1a: Vivillon
|-start|p1a: Vivillon|Substitute
|-damage|p1a: Vivillon|227\/302
|cant|p2a: Scizor|slp
|
|turn|35
|
|cant|p2a: Scizor|slp
|move|p1a: Vivillon|Quiver Dance|p1a: Vivillon
|-boost|p1a: Vivillon|spa|1
|-boost|p1a: Vivillon|spd|1
|-boost|p1a: Vivillon|spe|1
|
|turn|36
|
|cant|p2a: Scizor|slp
|move|p1a: Vivillon|Hurricane|p2a: Scizor
|-damage|p2a: Scizor|0 fnt
|faint|p2a: Scizor
|
|
|switch|p2a: Heatran|Heatran, F|274\/344
|turn|37
|
|move|p1a: Vivillon|Sleep Powder|p2a: Heatran
|-status|p2a: Heatran|slp
|cant|p2a: Heatran|slp
|
|turn|38
|
|move|p1a: Vivillon|Quiver Dance|p1a: Vivillon
|-boost|p1a: Vivillon|spa|1
|-boost|p1a: Vivillon|spd|1
|-boost|p1a: Vivillon|spe|1
|cant|p2a: Heatran|slp
|
|turn|39
|
|move|p1a: Vivillon|Quiver Dance|p1a: Vivillon
|-boost|p1a: Vivillon|spa|1
|-boost|p1a: Vivillon|spd|1
|-boost|p1a: Vivillon|spe|1
|cant|p2a: Heatran|slp
|
|turn|40
|
|move|p1a: Vivillon|Quiver Dance|p1a: Vivillon
|-boost|p1a: Vivillon|spa|1
|-boost|p1a: Vivillon|spd|1
|-boost|p1a: Vivillon|spe|1
|-curestatus|p2a: Heatran|slp
|move|p2a: Heatran|Lava Plume|p1a: Vivillon
|-supereffective|p1a: Vivillon
|-end|p1a: Vivillon|Substitute
|-damage|p2a: Heatran|240\/344|[from] item: Life Orb
|
|turn|41
|
|move|p1a: Vivillon|Sleep Powder|p2a: Heatran
|-status|p2a: Heatran|slp
|cant|p2a: Heatran|slp
|
|turn|42
|
|move|p1a: Vivillon|Substitute|p1a: Vivillon
|-start|p1a: Vivillon|Substitute
|-damage|p1a: Vivillon|152\/302
|-curestatus|p2a: Heatran|slp
|move|p2a: Heatran|Lava Plume|p1a: Vivillon
|-supereffective|p1a: Vivillon
|-end|p1a: Vivillon|Substitute
|-damage|p2a: Heatran|206\/344|[from] item: Life Orb
|
|turn|43
|
|move|p1a: Vivillon|Sleep Powder|p2a: Heatran
|-status|p2a: Heatran|slp
|cant|p2a: Heatran|slp
|
|turn|44
|
|move|p1a: Vivillon|Substitute|p1a: Vivillon
|-start|p1a: Vivillon|Substitute
|-damage|p1a: Vivillon|77\/302
|cant|p2a: Heatran|slp
|
|turn|45
|
|move|p1a: Vivillon|Hurricane|p2a: Heatran
|-resisted|p2a: Heatran
|-damage|p2a: Heatran|10\/344 slp
|-start|p2a: Heatran|confusion
|cant|p2a: Heatran|slp
|
|turn|46
|
|move|p1a: Vivillon|Hurricane|p2a: Heatran
|-resisted|p2a: Heatran
|-damage|p2a: Heatran|0 fnt
|faint|p2a: Heatran
|
|
|switch|p2a: Landorus-Therian|Landorus-Therian, M|180\/320 tox
|-activate|p1a: Vivillon|Substitute|ability: Intimidate|[of] p2a: Landorus-Therian
|turn|47
|
|move|p1a: Vivillon|Hurricane|p2a: Landorus-Therian
|-damage|p2a: Landorus-Therian|0 fnt
|faint|p2a: Landorus-Therian
|
|win|krdskrm
|raw|Ladder updating...
|raw|krdskrm's rating: 1464 &rarr; <strong>1485<\/strong><br \/>(+21 for winning)
|raw|Boris127's rating: 1486 &rarr; <strong>1465<\/strong><br \/>(-21 for losing)
|leave|Boris127
|player|p2