|join|Bl153
|join|Boris127
|player|p1|Bl153|262
|player|p2|Boris127|25
|gametype|singles
|gen|6
|tier|OU
|rated
|clearpoke
|poke|p1|Tyranitar, M
|poke|p1|Landorus, M
|poke|p1|Keldeo
|poke|p1|Scizor, M
|poke|p1|Clefable, F
|poke|p1|Deoxys-Speed
|poke|p2|Venusaur, F
|poke|p2|Heatran, M
|poke|p2|Conkeldurr, F
|poke|p2|Landorus-Therian, M
|poke|p2|Greninja, M
|poke|p2|Garchomp, M
|rule|Baton Pass Clause: Limit 3 pokemon knowing Baton Pass
|rule|Sleep Clause Mod: Limit one foe put to sleep
|rule|Species Clause: Limit one of each Pokemon
|rule|OHKO Clause: OHKO moves are banned
|rule|Moody Clause: Moody is banned
|rule|Swagger Clause: Swagger is banned
|rule|Evasion Moves Clause: Evasion moves are banned
|rule|Endless Battle Clause: Forcing endless battles is banned
|rule|HP Percentage Mod: HP is reported as percentages
|teampreview
|chat|Bl153|gl hf
|
|start
|switch|p1a: Deoxys-Speed|Deoxys-Speed|241\/241
|switch|p2a: Landorus-Therian|Landorus-Therian, M|382\/382
|-ability|p1a: Deoxys-Speed|Pressure
|-ability|p2a: Landorus-Therian|Intimidate|[of] p1a: Deoxys-Speed
|-unboost|p1a: Deoxys-Speed|atk|1
|turn|1
|
|move|p1a: Deoxys-Speed|Ice Beam|p2a: Landorus-Therian
|-supereffective|p2a: Landorus-Therian
|-damage|p2a: Landorus-Therian|0 fnt
|-damage|p1a: Deoxys-Speed|217\/241|[from] item: Life Orb
|faint|p2a: Landorus-Therian
|
|
|switch|p2a: Conkeldurr|Conkeldurr, F|414\/414
|turn|2
|
|switch|p1a: Clefable|Clefable, F|394\/394
|move|p2a: Conkeldurr|Knock Off|p1a: Clefable
|-resisted|p1a: Clefable
|-damage|p1a: Clefable|326\/394
|-enditem|p1a: Clefable|Leftovers|[from] move: Knock Off|[of] p2a: Conkeldurr
|
|turn|3
|
|switch|p2a: Heatran|Heatran, M|386\/386
|move|p1a: Clefable|Thunder Wave|p2a: Heatran
|-status|p2a: Heatran|par
|
|turn|4
|
|switch|p1a: Keldeo|Keldeo|323\/323
|switch|p2a: Conkeldurr|Conkeldurr, F|414\/414
|
|turn|5
|
|move|p1a: Keldeo|Secret Sword|p2a: Conkeldurr
|-damage|p2a: Conkeldurr|264\/414
|move|p2a: Conkeldurr|Drain Punch|p1a: Keldeo
|-damage|p1a: Keldeo|149\/323
|-heal|p2a: Conkeldurr|351\/414|[from] drain|[of] p1a: Keldeo
|
|turn|6
|
|switch|p1a: Clefable|Clefable, F|326\/394
|move|p2a: Conkeldurr|Drain Punch|p1a: Clefable
|-resisted|p1a: Clefable
|-damage|p1a: Clefable|254\/394
|-heal|p2a: Conkeldurr|387\/414|[from] drain|[of] p1a: Clefable
|
|turn|7
|
|move|p1a: Clefable|Soft-Boiled|p1a: Clefable
|-heal|p1a: Clefable|394\/394
|move|p2a: Conkeldurr|Drain Punch|p1a: Clefable
|-resisted|p1a: Clefable
|-damage|p1a: Clefable|320\/394
|-heal|p2a: Conkeldurr|414\/414|[from] drain|[of] p1a: Clefable
|
|turn|8
|
|move|p1a: Clefable|Moonblast|p2a: Conkeldurr
|-supereffective|p2a: Conkeldurr
|-damage|p2a: Conkeldurr|196\/414
|move|p2a: Conkeldurr|Drain Punch|p1a: Clefable
|-resisted|p1a: Clefable
|-damage|p1a: Clefable|245\/394
|-heal|p2a: Conkeldurr|234\/414|[from] drain|[of] p1a: Clefable
|
|turn|9
|
|move|p1a: Clefable|Soft-Boiled|p1a: Clefable
|-heal|p1a: Clefable|394\/394
|move|p2a: Conkeldurr|Drain Punch|p1a: Clefable
|-resisted|p1a: Clefable
|-damage|p1a: Clefable|317\/394
|-heal|p2a: Conkeldurr|273\/414|[from] drain|[of] p1a: Clefable
|
|turn|10
|
|switch|p2a: Venusaur|Venusaur, F|364\/364
|move|p1a: Clefable|Moonblast|p2a: Venusaur
|-resisted|p2a: Venusaur
|-damage|p2a: Venusaur|307\/364
|
|turn|11
|
|switch|p1a: Landorus|Landorus, M|320\/320
|detailschange|p2a: Venusaur|Venusaur-Mega, F
|message|Venusaur has Mega Evolved into Mega Venusaur!
|move|p2a: Venusaur|Leech Seed|p1a: Landorus
|-start|p1a: Landorus|move: Leech Seed
|
|-damage|p1a: Landorus|280\/320|[from] Leech Seed|[of] p2a: Venusaur
|-heal|p2a: Venusaur|347\/364|[silent]
|turn|12
|
|switch|p1a: Tyranitar|Tyranitar, M|404\/404
|-weather|Sandstorm
|move|p2a: Venusaur|Giga Drain|p1a: Tyranitar
|-supereffective|p1a: Tyranitar
|-damage|p1a: Tyranitar|222\/404
|-heal|p2a: Venusaur|364\/364|[from] drain|[of] p1a: Tyranitar
|
|-weather|Sandstorm|[upkeep]
|-damage|p2a: Venusaur|342\/364|[from] sandstorm
|turn|13
|
|detailschange|p1a: Tyranitar|Tyranitar-Mega, M
|message|Tyranitar has Mega Evolved into Mega Tyranitar!
|move|p2a: Venusaur|Giga Drain|p1a: Tyranitar
|-supereffective|p1a: Tyranitar
|-damage|p1a: Tyranitar|48\/404
|-heal|p2a: Venusaur|364\/364|[from] drain|[of] p1a: Tyranitar
|move|p1a: Tyranitar|Crunch|p2a: Venusaur
|-crit|p2a: Venusaur
|-damage|p2a: Venusaur|124\/364
|
|-weather|Sandstorm|[upkeep]
|-damage|p2a: Venusaur|102\/364|[from] sandstorm
|turn|14
|
|move|p2a: Venusaur|Giga Drain|p1a: Tyranitar
|-supereffective|p1a: Tyranitar
|-damage|p1a: Tyranitar|0 fnt
|-heal|p2a: Venusaur|126\/364|[from] drain|[of] p1a: Tyranitar
|faint|p1a: Tyranitar
|
|-weather|Sandstorm|[upkeep]
|-damage|p2a: Venusaur|104\/364|[from] sandstorm
|
|switch|p1a: Landorus|Landorus, M|280\/320
|turn|15
|
|switch|p2a: Greninja|Greninja, M|285\/285
|move|p1a: Landorus|Earth Power|p2a: Greninja
|-damage|p2a: Greninja|0 fnt
|faint|p2a: Greninja
|
|-weather|Sandstorm|[upkeep]
|
|switch|p2a: Conkeldurr|Conkeldurr, F|273\/414
|turn|16
|
|move|p1a: Landorus|Psychic|p2a: Conkeldurr
|-supereffective|p2a: Conkeldurr
|-damage|p2a: Conkeldurr|0 fnt
|faint|p2a: Conkeldurr
|
|-weather|none
|
|switch|p2a: Garchomp|Garchomp, M|358\/358
|turn|17
|
|switch|p1a: Clefable|Clefable, F|317\/394
|move|p2a: Garchomp|Outrage|p1a: Clefable
|-immune|p1a: Clefable|[msg]
|
|turn|18
|
|switch|p2a: Venusaur|Venusaur-Mega, F|104\/364
|switch|p1a: Landorus|Landorus, M|280\/320
|
|turn|19
|
|move|p1a: Landorus|Earth Power|p2a: Venusaur
|-damage|p2a: Venusaur|0 fnt
|faint|p2a: Venusaur
|
|-message|Boris127 forfeited.
|
|win|Bl153
|raw|Ladder updating...
|leave|Boris127
|player|p2
|raw|Bl153's rating: 1677 &rarr; <strong>1693<\/strong><br \/>(+16 for winning)
|raw|Boris127's rating: 1595 &rarr; <strong>1580<\/strong><br \/>(-15 for losing)