|join|AAZY
|join|Boris127
|player|p1|AAZY|2
|player|p2|Boris127|101
|gametype|singles
|gen|6
|tier|OU
|rated
|clearpoke
|poke|p1|Dragonite, F
|poke|p1|Ferrothorn, F
|poke|p1|Mew
|poke|p1|Blastoise, M
|poke|p1|Conkeldurr, F
|poke|p1|Kyurem-Black
|poke|p2|Charizard, F
|poke|p2|Latios, M
|poke|p2|Rotom-Wash
|poke|p2|Landorus-Therian, M
|poke|p2|Scizor, M
|poke|p2|Gengar, F
|rule|Swagger Clause: Swagger is banned
|rule|Baton Pass Clause: Limit one PokÃ©mon knowing Baton Pass
|rule|Sleep Clause Mod: Limit one foe put to sleep
|rule|Species Clause: Limit one of each PokÃ©mon
|rule|OHKO Clause: OHKO moves are banned
|rule|Moody Clause: Moody is banned
|rule|Evasion Moves Clause: Evasion moves are banned
|rule|Endless Battle Clause: Forcing endless battles is banned
|rule|HP Percentage Mod: HP is shown in percentages
|teampreview
|
|start
|switch|p1a: Mew|Mew|404\/404
|switch|p2a: Latios|Latios, M|302\/302
|turn|1
|
|switch|p2a: Charizard|Charizard, F|298\/298
|move|p1a: Mew|U-turn|p2a: Charizard
|-resisted|p2a: Charizard
|-damage|p2a: Charizard|281\/298
|
|switch|p1a: Blastoise|Blastoise, M|362\/362
|
|turn|2
|
|detailschange|p2a: Charizard|Charizard-Mega-X, F
|message|Charizard has Mega Evolved into Mega Charizard!
|detailschange|p1a: Blastoise|Blastoise-Mega, M
|message|Blastoise has Mega Evolved into Mega Blastoise!
|move|p2a: Charizard|Dragon Claw|p1a: Blastoise
|-damage|p1a: Blastoise|200\/362
|move|p1a: Blastoise|Water Pulse|p2a: Charizard
|-damage|p2a: Charizard|97\/298
|
|turn|3
|
|switch|p2a: Rotom-Wash|Rotom-Wash|304\/304
|switch|p1a: Ferrothorn|Ferrothorn, F|352\/352
|
|turn|4
|
|switch|p1a: Conkeldurr|Conkeldurr, F|414\/414
|move|p2a: Rotom-Wash|Will-O-Wisp|p1a: Conkeldurr
|-status|p1a: Conkeldurr|brn
|
|-damage|p1a: Conkeldurr|363\/414 brn|[from] brn
|turn|5
|
|move|p2a: Rotom-Wash|Volt Switch|p1a: Conkeldurr
|-damage|p1a: Conkeldurr|278\/414 brn
|
|switch|p2a: Landorus-Therian|Landorus-Therian, M|382\/382
|-ability|p2a: Landorus-Therian|Intimidate|[of] p1a: Conkeldurr
|-unboost|p1a: Conkeldurr|atk|1
|move|p1a: Conkeldurr|Knock Off|p2a: Landorus-Therian
|-damage|p2a: Landorus-Therian|277\/382
|-enditem|p2a: Landorus-Therian|Leftovers|[from] move: Knock Off|[of] p1a: Conkeldurr
|
|-damage|p1a: Conkeldurr|227\/414 brn|[from] brn
|turn|6
|
|switch|p1a: Dragonite|Dragonite, F|386\/386
|move|p2a: Landorus-Therian|U-turn|p1a: Dragonite
|-resisted|p1a: Dragonite
|-damage|p1a: Dragonite|365\/386
|
|switch|p2a: Rotom-Wash|Rotom-Wash|304\/304
|
|-heal|p1a: Dragonite|386\/386|[from] item: Leftovers
|turn|7
|
|switch|p1a: Mew|Mew|404\/404
|move|p2a: Rotom-Wash|Volt Switch|p1a: Mew
|-damage|p1a: Mew|325\/404
|
|switch|p2a: Scizor|Scizor, M|344\/344
|
|turn|8
|
|switch|p1a: Blastoise|Blastoise-Mega, M|200\/362
|switch|p2a: Charizard|Charizard-Mega-X, F|97\/298
|
|turn|9
|
|move|p2a: Charizard|Roost|p2a: Charizard
|-heal|p2a: Charizard|246\/298
|move|p1a: Blastoise|Water Pulse|p2a: Charizard
|-damage|p2a: Charizard|68\/298
|
|turn|10
|
|move|p2a: Charizard|Roost|p2a: Charizard
|-heal|p2a: Charizard|217\/298
|move|p1a: Blastoise|Water Pulse|p2a: Charizard
|-damage|p2a: Charizard|48\/298
|
|turn|11
|
|switch|p2a: Rotom-Wash|Rotom-Wash|304\/304
|move|p1a: Blastoise|Water Pulse|p2a: Rotom-Wash
|-resisted|p2a: Rotom-Wash
|-damage|p2a: Rotom-Wash|249\/304
|-start|p2a: Rotom-Wash|confusion
|
|-heal|p2a: Rotom-Wash|268\/304|[from] item: Leftovers
|turn|12
|
|move|p1a: Blastoise|Dark Pulse|p2a: Rotom-Wash
|-damage|p2a: Rotom-Wash|168\/304
|-activate|p2a: Rotom-Wash|confusion
|-damage|p2a: Rotom-Wash|149\/304|[from] confusion
|
|-heal|p2a: Rotom-Wash|168\/304|[from] item: Leftovers
|turn|13
|
|move|p1a: Blastoise|Dark Pulse|p2a: Rotom-Wash
|-damage|p2a: Rotom-Wash|77\/304
|-activate|p2a: Rotom-Wash|confusion
|-damage|p2a: Rotom-Wash|58\/304|[from] confusion
|
|-heal|p2a: Rotom-Wash|77\/304|[from] item: Leftovers
|turn|14
|
|move|p1a: Blastoise|Dark Pulse|p2a: Rotom-Wash
|-damage|p2a: Rotom-Wash|0 fnt
|faint|p2a: Rotom-Wash
|
|c|âAAZY|sorry bout hax
|
|switch|p2a: Latios|Latios, M|302\/302
|turn|15
|
|switch|p1a: Ferrothorn|Ferrothorn, F|352\/352
|move|p2a: Latios|Hidden Power|p1a: Ferrothorn
|-supereffective|p1a: Ferrothorn
|-damage|p1a: Ferrothorn|88\/352
|
|-heal|p1a: Ferrothorn|110\/352|[from] item: Leftovers
|turn|16
|
|switch|p2a: Scizor|Scizor, M|344\/344
|move|p1a: Ferrothorn|Protect|p1a: Ferrothorn
|-fail|p1a: Ferrothorn
|
|-heal|p1a: Ferrothorn|132\/352|[from] item: Leftovers
|turn|17
|
|move|p2a: Scizor|U-turn|p1a: Ferrothorn
|-damage|p1a: Ferrothorn|53\/352
|-damage|p2a: Scizor|301\/344|[from] ability: Iron Barbs|[of] p1a: Ferrothorn
|
|switch|p2a: Latios|Latios, M|302\/302
|move|p1a: Ferrothorn|Leech Seed|p2a: Latios
|-start|p2a: Latios|move: Leech Seed
|
|-heal|p1a: Ferrothorn|75\/352|[from] item: Leftovers
|-damage|p2a: Latios|265\/302|[from] Leech Seed|[of] p1a: Ferrothorn
|-heal|p1a: Ferrothorn|112\/352|[silent]
|turn|18
|
|switch|p2a: Gengar|Gengar, F|262\/262
|move|p1a: Ferrothorn|Protect|p1a: Ferrothorn
|-fail|p1a: Ferrothorn
|
|-heal|p1a: Ferrothorn|134\/352|[from] item: Leftovers
|turn|19
|
|switch|p1a: Dragonite|Dragonite, F|386\/386
|move|p2a: Gengar|Substitute|p2a: Gengar
|-start|p2a: Gengar|Substitute
|-damage|p2a: Gengar|197\/262
|
|-heal|p2a: Gengar|213\/262|[from] item: Black Sludge
|turn|20
|
|move|p2a: Gengar|Sludge Wave|p1a: Dragonite
|-damage|p1a: Dragonite|321\/386
|move|p1a: Dragonite|Dragon Tail|p2a: Gengar
|-end|p2a: Gengar|Substitute
|
|-heal|p2a: Gengar|229\/262|[from] item: Black Sludge
|-heal|p1a: Dragonite|345\/386|[from] item: Leftovers
|turn|21
|
|move|p2a: Gengar|Sludge Wave|p1a: Dragonite
|-damage|p1a: Dragonite|212\/386
|move|p1a: Dragonite|Dragon Tail|p2a: Gengar
|-damage|p2a: Gengar|79\/262
|drag|p2a: Landorus-Therian|Landorus-Therian, M|277\/382
|-ability|p2a: Landorus-Therian|Intimidate|[of] p1a: Dragonite
|-unboost|p1a: Dragonite|atk|1
|
|-heal|p1a: Dragonite|236\/386|[from] item: Leftovers
|turn|22
|
|switch|p1a: Ferrothorn|Ferrothorn, F|134\/352
|move|p2a: Landorus-Therian|Stealth Rock|p1a: Ferrothorn
|-sidestart|p1: AAZY|move: Stealth Rock
|
|-heal|p1a: Ferrothorn|156\/352|[from] item: Leftovers
|turn|23
|
|switch|p2a: Charizard|Charizard-Mega-X, F|48\/298
|move|p1a: Ferrothorn|Leech Seed|p2a: Charizard
|-start|p2a: Charizard|move: Leech Seed
|
|-heal|p1a: Ferrothorn|178\/352|[from] item: Leftovers
|-damage|p2a: Charizard|11\/298|[from] Leech Seed|[of] p1a: Ferrothorn
|-heal|p1a: Ferrothorn|215\/352|[silent]
|turn|24
|
|switch|p1a: Blastoise|Blastoise-Mega, M|200\/362
|-damage|p1a: Blastoise|155\/362|[from] Stealth Rock
|move|p2a: Charizard|Roost|p2a: Charizard
|-heal|p2a: Charizard|160\/298
|
|-damage|p2a: Charizard|123\/298|[from] Leech Seed|[of] p1a: Blastoise
|-heal|p1a: Blastoise|192\/362|[silent]
|turn|25
|
|move|p2a: Charizard|Dragon Claw|p1a: Blastoise
|-damage|p1a: Blastoise|21\/362
|move|p1a: Blastoise|Dark Pulse|p2a: Charizard
|-damage|p2a: Charizard|0 fnt
|faint|p2a: Charizard
|
|
|switch|p2a: Gengar|Gengar, F|79\/262
|turn|26
|
|move|p2a: Gengar|Shadow Ball|p1a: Blastoise
|-damage|p1a: Blastoise|0 fnt
|faint|p1a: Blastoise
|
|-heal|p2a: Gengar|95\/262|[from] item: Black Sludge
|
|switch|p1a: Dragonite|Dragonite, F|236\/386
|-damage|p1a: Dragonite|140\/386|[from] Stealth Rock
|turn|27
|
|move|p2a: Gengar|Sludge Wave|p1a: Dragonite
|-damage|p1a: Dragonite|5\/386
|move|p1a: Dragonite|Rest|p1a: Dragonite
|-status|p1a: Dragonite|slp
|-heal|p1a: Dragonite|386\/386 slp|[silent]
|-status|p1a: Dragonite|slp|[from] move: Rest
|
|-heal|p2a: Gengar|111\/262|[from] item: Black Sludge
|turn|28
|
|move|p2a: Gengar|Sludge Wave|p1a: Dragonite
|-damage|p1a: Dragonite|317\/386 slp
|cant|p1a: Dragonite|slp
|move|p1a: Dragonite|Sleep Talk|p1a: Dragonite
|move|p1a: Dragonite|Rest|p1a: Dragonite|[from]Sleep Talk
|-fail|p1a: Dragonite
|
|-heal|p2a: Gengar|127\/262|[from] item: Black Sludge
|-heal|p1a: Dragonite|341\/386 slp|[from] item: Leftovers
|turn|29
|
|move|p2a: Gengar|Sludge Wave|p1a: Dragonite
|-damage|p1a: Dragonite|218\/386 slp
|cant|p1a: Dragonite|slp
|move|p1a: Dragonite|Sleep Talk|p1a: Dragonite
|move|p1a: Dragonite|Dragon Tail|p2a: Gengar|[from]Sleep Talk
|-damage|p2a: Gengar|0 fnt
|faint|p2a: Gengar
|
|-heal|p1a: Dragonite|242\/386 slp|[from] item: Leftovers
|
|switch|p2a: Latios|Latios, M|265\/302
|turn|30
|
|move|p2a: Latios|Draco Meteor|p1a: Dragonite
|-supereffective|p1a: Dragonite
|-damage|p1a: Dragonite|0 fnt
|-unboost|p2a: Latios|spa|2
|faint|p1a: Dragonite
|
|
|switch|p1a: Mew|Mew|325\/404
|-damage|p1a: Mew|275\/404|[from] Stealth Rock
|turn|31
|
|switch|p2a: Scizor|Scizor, M|301\/344
|move|p1a: Mew|Will-O-Wisp|p2a: Scizor
|-status|p2a: Scizor|brn
|
|-heal|p2a: Scizor|322\/344 brn|[from] item: Leftovers
|-damage|p2a: Scizor|279\/344 brn|[from] brn
|turn|32
|
|move|p1a: Mew|Soft-Boiled|p1a: Mew
|-heal|p1a: Mew|404\/404
|move|p2a: Scizor|U-turn|p1a: Mew
|-supereffective|p1a: Mew
|-damage|p1a: Mew|300\/404
|-damage|p2a: Scizor|222\/344 brn|[from] item: Rocky Helmet|[of] p1a: Mew
|
|switch|p2a: Landorus-Therian|Landorus-Therian, M|277\/382
|-ability|p2a: Landorus-Therian|Intimidate|[of] p1a: Mew
|-unboost|p1a: Mew|atk|1
|
|turn|33
|
|move|p1a: Mew|Will-O-Wisp|p2a: Landorus-Therian
|-status|p2a: Landorus-Therian|brn
|move|p2a: Landorus-Therian|U-turn|p1a: Mew
|-supereffective|p1a: Mew
|-damage|p1a: Mew|240\/404
|-damage|p2a: Landorus-Therian|214\/382 brn|[from] item: Rocky Helmet|[of] p1a: Mew
|
|switch|p2a: Scizor|Scizor, M|222\/344 brn
|
|-heal|p2a: Scizor|243\/344 brn|[from] item: Leftovers
|-damage|p2a: Scizor|200\/344 brn|[from] brn
|turn|34
|
|move|p1a: Mew|Soft-Boiled|p1a: Mew
|-heal|p1a: Mew|404\/404
|move|p2a: Scizor|U-turn|p1a: Mew
|-supereffective|p1a: Mew
|-damage|p1a: Mew|290\/404
|-damage|p2a: Scizor|143\/344 brn|[from] item: Rocky Helmet|[of] p1a: Mew
|
|switch|p2a: Landorus-Therian|Landorus-Therian, M|214\/382 brn
|-ability|p2a: Landorus-Therian|Intimidate|[of] p1a: Mew
|-unboost|p1a: Mew|atk|1
|
|-damage|p2a: Landorus-Therian|167\/382 brn|[from] brn
|turn|35
|
|move|p1a: Mew|Stealth Rock|p2a: Landorus-Therian
|-sidestart|p2: Boris127|move: Stealth Rock
|move|p2a: Landorus-Therian|Toxic|p1a: Mew
|-status|p1a: Mew|tox
|
|-damage|p1a: Mew|265\/404 tox|[from] psn
|-damage|p2a: Landorus-Therian|120\/382 brn|[from] brn
|turn|36
|
|move|p1a: Mew|Soft-Boiled|p1a: Mew
|-heal|p1a: Mew|404\/404 tox
|move|p2a: Landorus-Therian|U-turn|p1a: Mew
|-supereffective|p1a: Mew
|-damage|p1a: Mew|348\/404 tox
|-damage|p2a: Landorus-Therian|57\/382 brn|[from] item: Rocky Helmet|[of] p1a: Mew
|
|switch|p2a: Scizor|Scizor, M|143\/344 brn
|-damage|p2a: Scizor|100\/344 brn|[from] Stealth Rock
|
|-heal|p2a: Scizor|121\/344 brn|[from] item: Leftovers
|-damage|p1a: Mew|298\/404 tox|[from] psn
|-damage|p2a: Scizor|78\/344 brn|[from] brn
|turn|37
|
|switch|p1a: Ferrothorn|Ferrothorn, F|215\/352
|-damage|p1a: Ferrothorn|193\/352|[from] Stealth Rock
|move|p2a: Scizor|Roost|p2a: Scizor
|-heal|p2a: Scizor|250\/344 brn
|
|-heal|p2a: Scizor|271\/344 brn|[from] item: Leftovers
|-heal|p1a: Ferrothorn|215\/352|[from] item: Leftovers
|-damage|p2a: Scizor|228\/344 brn|[from] brn
|turn|38
|
|move|p2a: Scizor|U-turn|p1a: Ferrothorn
|-damage|p1a: Ferrothorn|172\/352
|-damage|p2a: Scizor|185\/344 brn|[from] ability: Iron Barbs|[of] p1a: Ferrothorn
|
|switch|p2a: Landorus-Therian|Landorus-Therian, M|57\/382 brn
|-damage|p2a: Landorus-Therian|10\/382 brn|[from] Stealth Rock
|-ability|p2a: Landorus-Therian|Intimidate|[of] p1a: Ferrothorn
|-unboost|p1a: Ferrothorn|atk|1
|move|p1a: Ferrothorn|Leech Seed|p2a: Landorus-Therian
|-start|p2a: Landorus-Therian|move: Leech Seed
|
|-heal|p1a: Ferrothorn|194\/352|[from] item: Leftovers
|-damage|p2a: Landorus-Therian|0 fnt|[from] Leech Seed|[of] p1a: Ferrothorn
|-heal|p1a: Ferrothorn|204\/352|[silent]
|faint|p2a: Landorus-Therian
|
|switch|p2a: Latios|Latios, M|265\/302
|-damage|p2a: Latios|228\/302|[from] Stealth Rock
|turn|39
|
|move|p2a: Latios|Draco Meteor|p1a: Ferrothorn
|-resisted|p1a: Ferrothorn
|-damage|p1a: Ferrothorn|99\/352
|-unboost|p2a: Latios|spa|2
|move|p1a: Ferrothorn|Leech Seed|p2a: Latios
|-start|p2a: Latios|move: Leech Seed
|
|-heal|p1a: Ferrothorn|121\/352|[from] item: Leftovers
|-damage|p2a: Latios|191\/302|[from] Leech Seed|[of] p1a: Ferrothorn
|-heal|p1a: Ferrothorn|158\/352|[silent]
|turn|40
|
|switch|p2a: Scizor|Scizor, M|185\/344 brn
|-damage|p2a: Scizor|142\/344 brn|[from] Stealth Rock
|move|p1a: Ferrothorn|Protect|p1a: Ferrothorn
|-fail|p1a: Ferrothorn
|
|-heal|p2a: Scizor|163\/344 brn|[from] item: Leftovers
|-heal|p1a: Ferrothorn|180\/352|[from] item: Leftovers
|-damage|p2a: Scizor|120\/344 brn|[from] brn
|turn|41
|
|move|p1a: Ferrothorn|Protect|p1a: Ferrothorn
|-singleturn|p1a: Ferrothorn|Protect
|move|p2a: Scizor|Roost|p2a: Scizor
|-heal|p2a: Scizor|292\/344 brn
|
|-heal|p2a: Scizor|313\/344 brn|[from] item: Leftovers
|-heal|p1a: Ferrothorn|202\/352|[from] item: Leftovers
|-damage|p2a: Scizor|270\/344 brn|[from] brn
|turn|42
|
|move|p2a: Scizor|Roost|p2a: Scizor
|-heal|p2a: Scizor|344\/344 brn
|move|p1a: Ferrothorn|Leech Seed|p2a: Scizor
|-start|p2a: Scizor|move: Leech Seed
|
|-heal|p1a: Ferrothorn|224\/352|[from] item: Leftovers
|-damage|p2a: Scizor|301\/344 brn|[from] Leech Seed|[of] p1a: Ferrothorn
|-heal|p1a: Ferrothorn|267\/352|[silent]
|-damage|p2a: Scizor|258\/344 brn|[from] brn
|turn|43
|
|move|p1a: Ferrothorn|Protect|p1a: Ferrothorn
|-singleturn|p1a: Ferrothorn|Protect
|move|p2a: Scizor|U-turn|p1a: Ferrothorn
|-activate|p1a: Ferrothorn|Protect
|
|-heal|p2a: Scizor|279\/344 brn|[from] item: Leftovers
|-heal|p1a: Ferrothorn|289\/352|[from] item: Leftovers
|-damage|p2a: Scizor|236\/344 brn|[from] Leech Seed|[of] p1a: Ferrothorn
|-heal|p1a: Ferrothorn|332\/352|[silent]
|-damage|p2a: Scizor|193\/344 brn|[from] brn
|turn|44
|
|move|p2a: Scizor|U-turn|p1a: Ferrothorn
|-damage|p1a: Ferrothorn|287\/352
|-damage|p2a: Scizor|150\/344 brn|[from] ability: Iron Barbs|[of] p1a: Ferrothorn
|
|switch|p2a: Latios|Latios, M|191\/302
|-damage|p2a: Latios|154\/302|[from] Stealth Rock
|move|p1a: Ferrothorn|Leech Seed|p2a: Latios
|-start|p2a: Latios|move: Leech Seed
|
|-heal|p1a: Ferrothorn|309\/352|[from] item: Leftovers
|-damage|p2a: Latios|117\/302|[from] Leech Seed|[of] p1a: Ferrothorn
|-heal|p1a: Ferrothorn|346\/352|[silent]
|turn|45
|
|move|p1a: Ferrothorn|Protect|p1a: Ferrothorn
|-singleturn|p1a: Ferrothorn|Protect
|move|p2a: Latios|Hidden Power|p1a: Ferrothorn
|-activate|p1a: Ferrothorn|Protect
|
|-heal|p1a: Ferrothorn|352\/352|[from] item: Leftovers
|-damage|p2a: Latios|80\/302|[from] Leech Seed|[of] p1a: Ferrothorn
|turn|46
|
|switch|p1a: Mew|Mew|298\/404 tox
|-damage|p1a: Mew|248\/404 tox|[from] Stealth Rock
|move|p2a: Latios|Hidden Power|p1a: Mew
|-damage|p1a: Mew|172\/404 tox
|
|-damage|p2a: Latios|43\/302|[from] Leech Seed|[of] p1a: Mew
|-heal|p1a: Mew|209\/404 tox|[silent]
|-damage|p1a: Mew|184\/404 tox|[from] psn
|turn|47
|c|âBoris127|gg
|-message|Boris127 forfeited.
|
|win|AAZY
|raw|Ladder updating...
|leave|Boris127
|player|p2
|raw|AAZY's rating: 1397 &rarr; <strong>1419<\/strong><br \/>(+22 for winning)
|raw|Boris127's rating: 1423 &rarr; <strong>1402<\/strong><br \/>(-21 for losing)
|c|âAAZY|gg