|join|Baleblaze
|join|Boris127
|player|p1|Baleblaze|291
|player|p2|Boris127|162
|gametype|singles
|gen|6
|tier|OU
|rated
|clearpoke
|poke|p1|Ditto
|poke|p1|Rotom-Wash
|poke|p1|Venusaur, F
|poke|p1|Heatran, F
|poke|p1|Conkeldurr, F
|poke|p1|Greninja, F
|poke|p2|Venusaur, M
|poke|p2|Goodra, M
|poke|p2|Landorus-Therian, M
|poke|p2|Infernape, M
|poke|p2|Azumarill, M
|poke|p2|Thundurus, M
|rule|Sleep Clause Mod: Limit one foe put to sleep
|rule|Species Clause: Limit one of each Pokemon
|rule|OHKO Clause: OHKO moves are banned
|rule|Moody Clause: Moody is banned
|rule|Evasion Moves Clause: Evasion moves are banned
|rule|Endless Battle Clause: Forcing endless battles is banned.
|rule|HP Percentage Mod: HP is reported as percentages
|teampreview
|
|start
|switch|p1a: can'tcatchme?|Greninja, F|285\/285
|switch|p2a: Landorus-Therian|Landorus-Therian, M|382\/382
|-ability|p2a: Landorus-Therian|Intimidate|[of] p1a: can'tcatchme?
|-unboost|p1a: can'tcatchme?|atk|1
|turn|1
|
|switch|p2a: Azumarill|Azumarill, M|404\/404
|-start|p1a: can'tcatchme?|typechange|Ice|[from] Protean
|move|p1a: can'tcatchme?|Ice Beam|p2a: Azumarill
|-resisted|p2a: Azumarill
|-damage|p2a: Azumarill|321\/404
|
|turn|2
|
|switch|p1a: potatoes|Rotom-Wash|304\/304
|move|p2a: Azumarill|Play Rough|p1a: potatoes
|-damage|p1a: potatoes|100\/304
|-damage|p2a: Azumarill|281\/404|[from] item: Life Orb
|
|turn|3
|
|switch|p2a: Venusaur|Venusaur, M|364\/364
|move|p1a: potatoes|Volt Switch|p2a: Venusaur
|-resisted|p2a: Venusaur
|-damage|p2a: Venusaur|327\/364
|
|switch|p1a: gottaballoon|Heatran, F|386\/386
|-item|p1a: gottaballoon|Air Balloon
|
|turn|4
|
|switch|p2a: Infernape|Infernape, M|293\/293
|move|p1a: gottaballoon|Stealth Rock|p2a: Infernape
|-sidestart|p2: Boris127|move: Stealth Rock
|
|turn|5
|
|switch|p1a: potatoes|Rotom-Wash|100\/304
|move|p2a: Infernape|Close Combat|p1a: potatoes
|-damage|p1a: potatoes|0 fnt
|-unboost|p2a: Infernape|def|1
|-unboost|p2a: Infernape|spd|1
|faint|p1a: potatoes
|
|
|switch|p1a: ultimateprick|Ditto|300\/300
|-transform|p1a: ultimateprick|p2a: Infernape
|turn|6
|
|switch|p2a: Landorus-Therian|Landorus-Therian, M|382\/382
|-damage|p2a: Landorus-Therian|335\/382|[from] Stealth Rock
|-ability|p2a: Landorus-Therian|Intimidate|[of] p1a: ultimateprick
|-unboost|p1a: ultimateprick|atk|1
|move|p1a: ultimateprick|Close Combat|p2a: Landorus-Therian
|-resisted|p2a: Landorus-Therian
|-damage|p2a: Landorus-Therian|290\/382
|-unboost|p1a: ultimateprick|def|1
|-unboost|p1a: ultimateprick|spd|1
|
|-heal|p2a: Landorus-Therian|313\/382|[from] item: Leftovers
|turn|7
|
|switch|p1a: 2bigstones|Conkeldurr, F|414\/414
|move|p2a: Landorus-Therian|Knock Off|p1a: 2bigstones
|-resisted|p1a: 2bigstones
|-damage|p1a: 2bigstones|361\/414
|-enditem|p1a: 2bigstones|Assault Vest|[from] move: Knock Off|[of] p2a: Landorus-Therian
|
|-heal|p2a: Landorus-Therian|336\/382|[from] item: Leftovers
|turn|8
|
|move|p2a: Landorus-Therian|Toxic|p1a: 2bigstones|[miss]
|-miss|p2a: Landorus-Therian|p1a: 2bigstones
|move|p1a: 2bigstones|Knock Off|p2a: Landorus-Therian
|-damage|p2a: Landorus-Therian|236\/382
|-enditem|p2a: Landorus-Therian|Leftovers|[from] move: Knock Off|[of] p1a: 2bigstones
|
|turn|9
|
|switch|p1a: beast|Venusaur, F|364\/364
|move|p2a: Landorus-Therian|Stealth Rock|p1a: beast
|-sidestart|p1: Baleblaze|move: Stealth Rock
|
|turn|10
|
|-formechange|p1a: beast|Venusaur-Mega
|message|Venusaur has Mega Evolved into Mega Venusaur!
|move|p2a: Landorus-Therian|Earthquake|p1a: beast
|-damage|p1a: beast|238\/364
|move|p1a: beast|Sludge Bomb|p2a: Landorus-Therian
|-resisted|p2a: Landorus-Therian
|-damage|p2a: Landorus-Therian|146\/382
|
|turn|11
|
|move|p2a: Landorus-Therian|Earthquake|p1a: beast
|-damage|p1a: beast|90\/364
|move|p1a: beast|Giga Drain|p2a: Landorus-Therian
|-damage|p2a: Landorus-Therian|0 fnt
|-heal|p1a: beast|163\/364|[from] drain|[of] p2a: Landorus-Therian
|faint|p2a: Landorus-Therian
|
|
|switch|p2a: Thundurus|Thundurus, M|300\/300
|-damage|p2a: Thundurus|225\/300|[from] Stealth Rock
|turn|12
|
|move|p2a: Thundurus|Psychic|p1a: beast
|-supereffective|p1a: beast
|-damage|p1a: beast|0 fnt
|faint|p1a: beast
|
|-heal|p2a: Thundurus|243\/300|[from] item: Leftovers
|
|switch|p1a: can'tcatchme?|Greninja, F|285\/285
|-damage|p1a: can'tcatchme?|250\/285|[from] Stealth Rock
|turn|13
|
|move|p2a: Thundurus|Substitute|p2a: Thundurus
|-start|p2a: Thundurus|Substitute
|-damage|p2a: Thundurus|168\/300
|-start|p1a: can'tcatchme?|typechange|Ice|[from] Protean
|move|p1a: can'tcatchme?|Ice Beam|p2a: Thundurus
|-supereffective|p2a: Thundurus
|-end|p2a: Thundurus|Substitute
|
|-heal|p2a: Thundurus|186\/300|[from] item: Leftovers
|turn|14
|
|switch|p2a: Azumarill|Azumarill, M|281\/404
|-damage|p2a: Azumarill|231\/404|[from] Stealth Rock
|move|p1a: can'tcatchme?|Ice Beam|p2a: Azumarill
|-resisted|p2a: Azumarill
|-damage|p2a: Azumarill|144\/404
|
|turn|15
|
|switch|p1a: ultimateprick|Ditto|300\/300
|-damage|p1a: ultimateprick|263\/300|[from] Stealth Rock
|-transform|p1a: ultimateprick|p2a: Azumarill
|move|p2a: Azumarill|Waterfall|p1a: ultimateprick
|-resisted|p1a: ultimateprick
|-damage|p1a: ultimateprick|138\/300
|-damage|p2a: Azumarill|104\/404|[from] item: Life Orb
|
|turn|16
|
|switch|p2a: Venusaur|Venusaur, M|327\/364
|-damage|p2a: Venusaur|282\/364|[from] Stealth Rock
|move|p1a: ultimateprick|Waterfall|p2a: Venusaur
|-resisted|p2a: Venusaur
|-damage|p2a: Venusaur|198\/364
|
|turn|17
|
|switch|p1a: gottaballoon|Heatran, F|386\/386
|-damage|p1a: gottaballoon|338\/386|[from] Stealth Rock
|-item|p1a: gottaballoon|Air Balloon
|-formechange|p2a: Venusaur|Venusaur-Mega
|message|Venusaur has Mega Evolved into Mega Venusaur!
|move|p2a: Venusaur|Leech Seed|p1a: gottaballoon
|-start|p1a: gottaballoon|move: Leech Seed
|
|-damage|p1a: gottaballoon|290\/386|[from] Leech Seed|[of] p2a: Venusaur
|-heal|p2a: Venusaur|246\/364|[silent]
|turn|18
|
|switch|p2a: Goodra|Goodra, M|384\/384
|-damage|p2a: Goodra|336\/384|[from] Stealth Rock
|move|p1a: gottaballoon|Roar|p2a: Goodra
|drag|p2a: Thundurus|Thundurus, M|186\/300
|-damage|p2a: Thundurus|111\/300|[from] Stealth Rock
|
|-heal|p2a: Thundurus|129\/300|[from] item: Leftovers
|-damage|p1a: gottaballoon|242\/386|[from] Leech Seed|[of] p2a: Thundurus
|-heal|p2a: Thundurus|177\/300|[silent]
|turn|19
|
|move|p2a: Thundurus|Substitute|p2a: Thundurus
|-start|p2a: Thundurus|Substitute
|-damage|p2a: Thundurus|102\/300
|move|p1a: gottaballoon|Roar|p2a: Thundurus
|drag|p2a: Goodra|Goodra, M|336\/384
|-damage|p2a: Goodra|288\/384|[from] Stealth Rock
|
|-damage|p1a: gottaballoon|194\/386|[from] Leech Seed|[of] p2a: Goodra
|-heal|p2a: Goodra|336\/384|[silent]
|turn|20
|
|switch|p1a: 2bigstones|Conkeldurr, F|361\/414
|-damage|p1a: 2bigstones|336\/414|[from] Stealth Rock
|move|p2a: Goodra|Thunderbolt|p1a: 2bigstones
|-damage|p1a: 2bigstones|212\/414
|
|turn|21
|
|move|p2a: Goodra|Dragon Pulse|p1a: 2bigstones
|-damage|p1a: 2bigstones|26\/414
|move|p1a: 2bigstones|Ice Punch|p2a: Goodra
|-supereffective|p2a: Goodra
|-damage|p2a: Goodra|40\/384
|-unboost|p1a: 2bigstones|spe|1|[from] ability: Gooey
|-status|p2a: Goodra|frz
|
|turn|22
|
|cant|p2a: Goodra|frz
|move|p1a: 2bigstones|Drain Punch|p2a: Goodra
|-damage|p2a: Goodra|0 fnt
|-heal|p1a: 2bigstones|46\/414|[from] drain|[of] p2a: Goodra
|-unboost|p1a: 2bigstones|spe|1|[from] ability: Gooey
|faint|p2a: Goodra
|
|
|switch|p2a: Infernape|Infernape, M|293\/293
|-damage|p2a: Infernape|257\/293|[from] Stealth Rock
|turn|23
|
|move|p1a: 2bigstones|Mach Punch|p2a: Infernape
|-damage|p2a: Infernape|139\/293
|move|p2a: Infernape|Close Combat|p1a: 2bigstones
|-damage|p1a: 2bigstones|0 fnt
|-unboost|p2a: Infernape|def|1
|-unboost|p2a: Infernape|spd|1
|faint|p1a: 2bigstones
|
|
|switch|p1a: ultimateprick|Ditto|138\/300
|-damage|p1a: ultimateprick|101\/300|[from] Stealth Rock
|-transform|p1a: ultimateprick|p2a: Infernape
|turn|24
|chat|Baleblaze|:P
|
|switch|p2a: Azumarill|Azumarill, M|104\/404
|-damage|p2a: Azumarill|54\/404|[from] Stealth Rock
|move|p1a: ultimateprick|Mach Punch|p2a: Azumarill
|-resisted|p2a: Azumarill
|-damage|p2a: Azumarill|12\/404
|
|turn|25
|chat|Baleblaze|sppeed tie?
|
|move|p1a: ultimateprick|Mach Punch|p2a: Azumarill
|-resisted|p2a: Azumarill
|-damage|p2a: Azumarill|0 fnt
|faint|p2a: Azumarill
|
|
|switch|p2a: Venusaur|Venusaur, M|246\/364
|-formechange|p2a: Venusaur|Venusaur-Mega
|-damage|p2a: Venusaur|201\/364|[from] Stealth Rock
|turn|26
|
|switch|p1a: can'tcatchme?|Greninja, F|250\/285
|-damage|p1a: can'tcatchme?|215\/285|[from] Stealth Rock
|move|p2a: Venusaur|Leech Seed|p1a: can'tcatchme?
|-start|p1a: can'tcatchme?|move: Leech Seed
|
|-damage|p1a: can'tcatchme?|180\/285|[from] Leech Seed|[of] p2a: Venusaur
|-heal|p2a: Venusaur|236\/364|[silent]
|turn|27
|
|-start|p1a: can'tcatchme?|typechange|Bug|[from] Protean
|move|p1a: can'tcatchme?|U-turn|p2a: Venusaur
|-damage|p2a: Venusaur|184\/364
|
|switch|p1a: gottaballoon|Heatran, F|194\/386
|-damage|p1a: gottaballoon|146\/386|[from] Stealth Rock
|-item|p1a: gottaballoon|Air Balloon
|move|p2a: Venusaur|Synthesis|p2a: Venusaur
|-heal|p2a: Venusaur|364\/364
|
|turn|28
|
|move|p2a: Venusaur|Leech Seed|p1a: gottaballoon
|-start|p1a: gottaballoon|move: Leech Seed
|move|p1a: gottaballoon|Fire Blast|p2a: Venusaur
|-supereffective|p2a: Venusaur
|-damage|p2a: Venusaur|206\/364
|
|-damage|p1a: gottaballoon|98\/386|[from] Leech Seed|[of] p2a: Venusaur
|-heal|p2a: Venusaur|254\/364|[silent]
|turn|29
|
|move|p2a: Venusaur|Synthesis|p2a: Venusaur
|-heal|p2a: Venusaur|364\/364
|move|p1a: gottaballoon|Roar|p2a: Venusaur
|drag|p2a: Thundurus|Thundurus, M|102\/300
|-damage|p2a: Thundurus|27\/300|[from] Stealth Rock
|
|-heal|p2a: Thundurus|45\/300|[from] item: Leftovers
|-damage|p1a: gottaballoon|50\/386|[from] Leech Seed|[of] p2a: Thundurus
|-heal|p2a: Thundurus|93\/300|[silent]
|turn|30
|
|move|p2a: Thundurus|Thunderbolt|p1a: gottaballoon
|-damage|p1a: gottaballoon|0 fnt
|-enditem|p1a: gottaballoon|Air Balloon
|faint|p1a: gottaballoon
|
|-heal|p2a: Thundurus|111\/300|[from] item: Leftovers
|
|switch|p1a: ultimateprick|Ditto|101\/300
|-damage|p1a: ultimateprick|64\/300|[from] Stealth Rock
|-transform|p1a: ultimateprick|p2a: Thundurus
|turn|31
|
|move|p2a: Thundurus|Substitute|p2a: Thundurus
|-start|p2a: Thundurus|Substitute
|-damage|p2a: Thundurus|36\/300
|move|p1a: ultimateprick|Psychic|p2a: Thundurus
|-end|p2a: Thundurus|Substitute
|
|-heal|p2a: Thundurus|54\/300|[from] item: Leftovers
|turn|32
|
|move|p1a: ultimateprick|Psychic|p2a: Thundurus
|-damage|p2a: Thundurus|0 fnt
|faint|p2a: Thundurus
|
|
|switch|p2a: Infernape|Infernape, M|139\/293
|-damage|p2a: Infernape|103\/293|[from] Stealth Rock
|turn|33
|
|move|p2a: Infernape|Mach Punch|p1a: ultimateprick
|-resisted|p1a: ultimateprick
|-damage|p1a: ultimateprick|12\/300
|move|p1a: ultimateprick|Psychic|p2a: Infernape
|-supereffective|p2a: Infernape
|-damage|p2a: Infernape|0 fnt
|faint|p2a: Infernape
|
|
|switch|p2a: Venusaur|Venusaur, M|364\/364
|-formechange|p2a: Venusaur|Venusaur-Mega
|-damage|p2a: Venusaur|319\/364|[from] Stealth Rock
|turn|34
|
|move|p1a: ultimateprick|Psychic|p2a: Venusaur
|-supereffective|p2a: Venusaur
|-damage|p2a: Venusaur|163\/364
|move|p2a: Venusaur|Giga Drain|p1a: ultimateprick
|-resisted|p1a: ultimateprick
|-damage|p1a: ultimateprick|0 fnt
|-heal|p2a: Venusaur|169\/364|[from] drain|[of] p1a: ultimateprick
|faint|p1a: ultimateprick
|
|
|switch|p1a: can'tcatchme?|Greninja, F|180\/285
|-damage|p1a: can'tcatchme?|145\/285|[from] Stealth Rock
|turn|35
|
|-start|p1a: can'tcatchme?|typechange|Ice|[from] Protean
|move|p1a: can'tcatchme?|Ice Beam|p2a: Venusaur
|-supereffective|p2a: Venusaur
|-damage|p2a: Venusaur|67\/364
|move|p2a: Venusaur|Giga Drain|p1a: can'tcatchme?
|-damage|p1a: can'tcatchme?|12\/285
|-heal|p2a: Venusaur|134\/364|[from] drain|[of] p1a: can'tcatchme?
|
|turn|36
|chat|Baleblaze|gg
|
|move|p1a: can'tcatchme?|Ice Beam|p2a: Venusaur
|-supereffective|p2a: Venusaur
|-damage|p2a: Venusaur|30\/364
|move|p2a: Venusaur|Giga Drain|p1a: can'tcatchme?
|-damage|p1a: can'tcatchme?|0 fnt
|-heal|p2a: Venusaur|36\/364|[from] drain|[of] p1a: can'tcatchme?
|faint|p1a: can'tcatchme?
|
|win|Boris127
|raw|Ladder updating...
|raw|Baleblaze's rating: 1313 &rarr; <strong>1289<\/strong><br \/>(-24 for losing)
|raw|Boris127's rating: 1317 &rarr; <strong>1342<\/strong><br \/>(+25 for winning)
|chat|Boris127|gg
|chat|Baleblaze|^_^