|join|YellowMamba
|join|Boris127
|player|p1|YellowMamba|253
|player|p2|Boris127|162
|gametype|singles
|gen|6
|tier|OU
|rated
|clearpoke
|poke|p1|Charizard, F
|poke|p1|Garchomp, F
|poke|p1|Excadrill, F
|poke|p1|Skarmory, F
|poke|p1|Greninja, M
|poke|p1|Bisharp, M
|poke|p2|Charizard, M
|poke|p2|Tentacruel, M
|poke|p2|Scizor, M
|poke|p2|Gengar, F
|poke|p2|Tyranitar, F
|poke|p2|Thundurus, M
|rule|Sleep Clause Mod: Limit one foe put to sleep
|rule|Species Clause: Limit one of each Pokemon
|rule|OHKO Clause: OHKO moves are banned
|rule|Moody Clause: Moody is banned
|rule|Evasion Moves Clause: Evasion moves are banned
|rule|Endless Battle Clause: Forcing endless battles is banned.
|rule|HP Percentage Mod: HP is reported as percentages
|teampreview
|
|start
|switch|p1a: Excadrill|Excadrill, F|407\/407
|switch|p2a: Tentacruel|Tentacruel, M|363\/363
|-ability|p1a: Excadrill|Mold Breaker
|turn|1
|
|switch|p2a: Scizor|Scizor, M|344\/344
|move|p1a: Excadrill|Rock Slide|p2a: Scizor
|-damage|p2a: Scizor|249\/344
|
|turn|2
|
|switch|p1a: Skarmory|Skarmory, F|329\/329
|move|p2a: Scizor|Superpower|p1a: Skarmory
|-damage|p1a: Skarmory|200\/329
|-unboost|p2a: Scizor|atk|1
|-unboost|p2a: Scizor|def|1
|
|-heal|p1a: Skarmory|220\/329|[from] item: Leftovers
|turn|3
|
|switch|p2a: Tyranitar|Tyranitar, F|404\/404
|-weather|Sandstorm
|move|p1a: Skarmory|Stealth Rock|p2a: Tyranitar
|-sidestart|p2: Boris127|move: Stealth Rock
|
|-weather|Sandstorm|[upkeep]
|-heal|p1a: Skarmory|240\/329|[from] item: Leftovers
|turn|4
|
|switch|p1a: Excadrill|Excadrill, F|407\/407
|-ability|p1a: Excadrill|Mold Breaker
|move|p2a: Tyranitar|Stealth Rock|p1a: Excadrill
|-sidestart|p1: YellowMamba|move: Stealth Rock
|
|-weather|Sandstorm|[upkeep]
|turn|5
|
|move|p1a: Excadrill|Rapid Spin|p2a: Tyranitar
|-resisted|p2a: Tyranitar
|-damage|p2a: Tyranitar|392\/404
|-sideend|p1: YellowMamba|Stealth Rock|[from] move: Rapid Spin|[of] p1a: Excadrill
|move|p2a: Tyranitar|Earthquake|p1a: Excadrill
|-supereffective|p1a: Excadrill
|-damage|p1a: Excadrill|0 fnt
|faint|p1a: Excadrill
|
|-weather|Sandstorm|[upkeep]
|-heal|p2a: Tyranitar|404\/404|[from] item: Leftovers
|
|switch|p1a: Bisharp|Bisharp, M|272\/272
|turn|6
|
|move|p1a: Bisharp|Low Sweep|p2a: Tyranitar
|-supereffective|p2a: Tyranitar
|-damage|p2a: Tyranitar|96\/404
|-unboost|p2a: Tyranitar|spe|1
|move|p2a: Tyranitar|Stealth Rock|p1a: Bisharp
|-sidestart|p1: YellowMamba|move: Stealth Rock
|
|-weather|Sandstorm|[upkeep]
|-heal|p2a: Tyranitar|121\/404|[from] item: Leftovers
|turn|7
|
|switch|p2a: Tentacruel|Tentacruel, M|363\/363
|-damage|p2a: Tentacruel|318\/363|[from] Stealth Rock
|move|p1a: Bisharp|Iron Head|p2a: Tentacruel
|-resisted|p2a: Tentacruel
|-damage|p2a: Tentacruel|223\/363
|
|-weather|none
|-heal|p2a: Tentacruel|245\/363|[from] item: Black Sludge
|turn|8
|
|move|p1a: Bisharp|Knock Off|p2a: Tentacruel
|-damage|p2a: Tentacruel|0 fnt
|faint|p2a: Tentacruel
|
|
|switch|p2a: Scizor|Scizor, M|249\/344
|-damage|p2a: Scizor|206\/344|[from] Stealth Rock
|turn|9
|
|switch|p1a: Skarmory|Skarmory, F|240\/329
|-damage|p1a: Skarmory|199\/329|[from] Stealth Rock
|move|p2a: Scizor|U-turn|p1a: Skarmory
|-resisted|p1a: Skarmory
|-damage|p1a: Skarmory|168\/329
|
|switch|p2a: Thundurus|Thundurus, M|299\/299
|-damage|p2a: Thundurus|225\/299|[from] Stealth Rock
|
|-heal|p1a: Skarmory|188\/329|[from] item: Leftovers
|turn|10
|
|move|p2a: Thundurus|Nasty Plot|p2a: Thundurus
|-boost|p2a: Thundurus|spa|2
|move|p1a: Skarmory|Brave Bird|p2a: Thundurus
|-resisted|p2a: Thundurus
|-damage|p2a: Thundurus|150\/299
|-damage|p1a: Skarmory|163\/329|[from] recoil|[of] p2a: Thundurus
|
|-heal|p1a: Skarmory|183\/329|[from] item: Leftovers
|turn|11
|
|move|p2a: Thundurus|Thunderbolt|p1a: Skarmory
|-supereffective|p1a: Skarmory
|-damage|p1a: Skarmory|0 fnt
|-damage|p2a: Thundurus|121\/299|[from] item: Life Orb
|faint|p1a: Skarmory
|
|
|switch|p1a: Garchomp|Garchomp, F|358\/358
|-damage|p1a: Garchomp|336\/358|[from] Stealth Rock
|turn|12
|
|move|p1a: Garchomp|Dragon Claw|p2a: Thundurus
|-damage|p2a: Thundurus|0 fnt
|faint|p2a: Thundurus
|
|
|switch|p2a: Scizor|Scizor, M|206\/344
|-damage|p2a: Scizor|163\/344|[from] Stealth Rock
|turn|13
|
|switch|p1a: Charizard|Charizard, F|359\/359
|-damage|p1a: Charizard|180\/359|[from] Stealth Rock
|move|p2a: Scizor|U-turn|p1a: Charizard
|-resisted|p1a: Charizard
|-damage|p1a: Charizard|118\/359
|
|switch|p2a: Gengar|Gengar, F|262\/262
|-damage|p2a: Gengar|230\/262|[from] Stealth Rock
|
|-heal|p2a: Gengar|246\/262|[from] item: Black Sludge
|turn|14
|
|-formechange|p1a: Charizard|Charizard-Mega-X
|message|Charizard has Mega Evolved into Mega Charizard!
|move|p2a: Gengar|Substitute|p2a: Gengar
|-start|p2a: Gengar|Substitute
|-damage|p2a: Gengar|181\/262
|move|p1a: Charizard|Roost|p1a: Charizard
|-heal|p1a: Charizard|298\/359
|
|-heal|p2a: Gengar|197\/262|[from] item: Black Sludge
|turn|15
|
|move|p2a: Gengar|Sludge Wave|p1a: Charizard
|-damage|p1a: Charizard|139\/359
|move|p1a: Charizard|Dragon Claw|p2a: Gengar
|-end|p2a: Gengar|Substitute
|
|-heal|p2a: Gengar|213\/262|[from] item: Black Sludge
|turn|16
|
|move|p2a: Gengar|Shadow Ball|p1a: Charizard
|-damage|p1a: Charizard|12\/359
|move|p1a: Charizard|Dragon Claw|p2a: Gengar
|-damage|p2a: Gengar|0 fnt
|faint|p2a: Gengar
|
|
|switch|p2a: Scizor|Scizor, M|163\/344
|-damage|p2a: Scizor|120\/344|[from] Stealth Rock
|turn|17
|
|move|p2a: Scizor|Bullet Punch|p1a: Charizard
|-resisted|p1a: Charizard
|-damage|p1a: Charizard|0 fnt
|faint|p1a: Charizard
|
|
|switch|p1a: Bisharp|Bisharp, M|272\/272
|-damage|p1a: Bisharp|255\/272|[from] Stealth Rock
|turn|18
|
|switch|p2a: Tyranitar|Tyranitar, F|121\/404
|-damage|p2a: Tyranitar|71\/404|[from] Stealth Rock
|-weather|Sandstorm
|move|p1a: Bisharp|Knock Off|p2a: Tyranitar
|-resisted|p2a: Tyranitar
|-damage|p2a: Tyranitar|0 fnt
|faint|p2a: Tyranitar
|
|-weather|Sandstorm|[upkeep]
|
|switch|p2a: Charizard|Charizard, M|359\/359
|-damage|p2a: Charizard|180\/359|[from] Stealth Rock
|turn|19
|
|-formechange|p2a: Charizard|Charizard-Mega-X
|message|Charizard has Mega Evolved into Mega Charizard!
|move|p1a: Bisharp|Sucker Punch|p2a: Charizard
|-fail|p2a: Charizard
|move|p2a: Charizard|Will-O-Wisp|p1a: Bisharp
|-status|p1a: Bisharp|brn
|
|-weather|Sandstorm|[upkeep]
|-damage|p2a: Charizard|158\/359|[from] sandstorm
|-damage|p1a: Bisharp|221\/272 brn|[from] brn
|turn|20
|
|move|p1a: Bisharp|Low Sweep|p2a: Charizard
|-damage|p2a: Charizard|122\/359
|-unboost|p2a: Charizard|spe|1
|move|p2a: Charizard|Dragon Claw|p1a: Bisharp
|-resisted|p1a: Bisharp
|-damage|p1a: Bisharp|139\/272 brn
|
|-weather|Sandstorm|[upkeep]
|-damage|p2a: Charizard|100\/359|[from] sandstorm
|-damage|p1a: Bisharp|105\/272 brn|[from] brn
|turn|21
|chat|YellowMamba|lol we both run tank zard
|
|move|p1a: Bisharp|Knock Off|p2a: Charizard
|-damage|p2a: Charizard|27\/359
|move|p2a: Charizard|Roost|p2a: Charizard
|-heal|p2a: Charizard|207\/359
|
|-weather|Sandstorm|[upkeep]
|-damage|p2a: Charizard|185\/359|[from] sandstorm
|-damage|p1a: Bisharp|71\/272 brn|[from] brn
|turn|22
|
|move|p1a: Bisharp|Knock Off|p2a: Charizard
|-damage|p2a: Charizard|122\/359
|move|p2a: Charizard|Roost|p2a: Charizard
|-heal|p2a: Charizard|302\/359
|
|-weather|none
|-damage|p1a: Bisharp|37\/272 brn|[from] brn
|turn|23
|chat|Boris127|yea lol
|chat|YellowMamba|you watch joey?
|
|move|p1a: Bisharp|Knock Off|p2a: Charizard
|-damage|p2a: Charizard|238\/359
|move|p2a: Charizard|Roost|p2a: Charizard
|-heal|p2a: Charizard|359\/359
|
|-damage|p1a: Bisharp|3\/272 brn|[from] brn
|turn|24
|
|move|p1a: Bisharp|Knock Off|p2a: Charizard
|-damage|p2a: Charizard|292\/359
|move|p2a: Charizard|Will-O-Wisp|p1a: Bisharp
|-fail|p1a: Bisharp|brn
|
|-damage|p1a: Bisharp|0 fnt|[from] brn
|faint|p1a: Bisharp
|
|switch|p1a: Garchomp|Garchomp, F|336\/358
|-damage|p1a: Garchomp|314\/358|[from] Stealth Rock
|turn|25
|
|move|p1a: Garchomp|Outrage|p2a: Charizard
|-supereffective|p2a: Charizard
|-damage|p2a: Charizard|0 fnt
|faint|p2a: Charizard
|
|
|switch|p2a: Scizor|Scizor, M|120\/344
|-damage|p2a: Scizor|77\/344|[from] Stealth Rock
|turn|26
|
|move|p2a: Scizor|Bullet Punch|p1a: Garchomp
|-damage|p1a: Garchomp|133\/358
|-damage|p2a: Scizor|34\/344|[from] ability: Rough Skin|[of] p1a: Garchomp
|move|p1a: Garchomp|Outrage|p2a: Scizor
|-resisted|p2a: Scizor
|-damage|p2a: Scizor|0 fnt
|faint|p2a: Scizor
|
|win|YellowMamba
|raw|Ladder updating...
|raw|YellowMamba's rating: 1592 &rarr; <strong>1610<\/strong><br \/>(+18 for winning)
|raw|Boris127's rating: 1567 &rarr; <strong>1548<\/strong><br \/>(-19 for losing)
|chat|YellowMamba|gg