|join|MoB Barley
|join|Will737
|player|p1|MoB Barley|161
|player|p2|Will737|43
|gametype|singles
|gen|6
|tier|UU
|rated
|rule|Sleep Clause Mod: Limit one foe put to sleep
|rule|Species Clause: Limit one of each PokÃ©mon
|rule|OHKO Clause: OHKO moves are banned
|rule|Moody Clause: Moody is banned
|rule|Evasion Moves Clause: Evasion moves are banned
|rule|Endless Battle Clause: Forcing endless battles is banned
|rule|HP Percentage Mod: HP is shown in percentages
|clearpoke
|poke|p1|Medicham, M, shiny
|poke|p1|Krookodile, M
|poke|p1|Chandelure, M
|poke|p1|Nidoqueen, F
|poke|p1|Starmie
|poke|p1|Slurpuff, M
|poke|p2|Ampharos, F, shiny
|poke|p2|Jirachi
|poke|p2|Umbreon, F, shiny
|poke|p2|Arcanine, F
|poke|p2|Starmie
|poke|p2|Snorlax, F
|rule|Swagger Clause: Swagger is banned
|rule|Baton Pass Clause: Limit one PokÃ©mon knowing Baton Pass
|teampreview
|
|start
|switch|p1a: Krookodile|Krookodile, M|331\/331
|switch|p2a: Jirachi|Jirachi|341\/341
|-ability|p1a: Krookodile|Intimidate|[of] p2a: Jirachi
|-unboost|p2a: Jirachi|atk|1
|turn|1
|join|Julie3
|join|rika and hanyuu
|
|move|p2a: Jirachi|Iron Head|p1a: Krookodile
|-damage|p1a: Krookodile|228\/331
|move|p1a: Krookodile|Earthquake|p2a: Jirachi
|-supereffective|p2a: Jirachi
|-damage|p2a: Jirachi|0 fnt
|faint|p2a: Jirachi
|
|leave|rika and hanyuu
|join|rika and hanyuu
|
|switch|p2a: Umbreon|Umbreon, F, shiny|394\/394
|turn|2
|
|move|p2a: Umbreon|Protect|p2a: Umbreon
|-singleturn|p2a: Umbreon|Protect
|move|p1a: Krookodile|Earthquake|p2a: Umbreon
|-activate|p2a: Umbreon|Protect
|
|turn|3
|
|move|p1a: Krookodile|Earthquake|p2a: Umbreon
|-damage|p2a: Umbreon|132\/394
|move|p2a: Umbreon|Foul Play|p1a: Krookodile
|-resisted|p1a: Krookodile
|-damage|p1a: Krookodile|120\/331
|
|-heal|p2a: Umbreon|156\/394|[from] item: Leftovers
|turn|4
|
|move|p2a: Umbreon|Protect|p2a: Umbreon
|-singleturn|p2a: Umbreon|Protect
|move|p1a: Krookodile|Earthquake|p2a: Umbreon
|-activate|p2a: Umbreon|Protect
|
|-heal|p2a: Umbreon|180\/394|[from] item: Leftovers
|turn|5
|join|Wanna Be A Baller
|
|move|p2a: Umbreon|Protect|p2a: Umbreon
|-singleturn|p2a: Umbreon|Protect
|move|p1a: Krookodile|Earthquake|p2a: Umbreon
|-activate|p2a: Umbreon|Protect
|
|-heal|p2a: Umbreon|204\/394|[from] item: Leftovers
|turn|6
|leave|Julie3
|
|move|p1a: Krookodile|Earthquake|p2a: Umbreon
|-damage|p2a: Umbreon|0 fnt
|faint|p2a: Umbreon
|
|
|switch|p2a: Starmie|Starmie|324\/324
|turn|7
|
|switch|p1a: Starmie|Starmie|261\/261
|move|p2a: Starmie|Scald|p1a: Starmie
|-resisted|p1a: Starmie
|-damage|p1a: Starmie|204\/261
|-status|p1a: Starmie|brn
|
|-damage|p1a: Starmie|172\/261 brn|[from] brn
|turn|8
|
|switch|p2a: fatass|Snorlax, F|511\/511
|move|p1a: Starmie|Hydro Pump|p2a: fatass
|-damage|p2a: fatass|299\/511
|-damage|p1a: Starmie|146\/261 brn|[from] item: Life Orb
|
|-heal|p2a: fatass|330\/511|[from] item: Leftovers
|-damage|p1a: Starmie|114\/261 brn|[from] brn
|turn|9
|
|switch|p1a: Krookodile|Krookodile, M|120\/331
|-ability|p1a: Krookodile|Intimidate|[of] p2a: fatass
|-unboost|p2a: fatass|atk|1
|move|p2a: fatass|Seed Bomb|p1a: Krookodile
|-supereffective|p1a: Krookodile
|-damage|p1a: Krookodile|18\/331
|
|-heal|p2a: fatass|361\/511|[from] item: Leftovers
|turn|10
|
|move|p1a: Krookodile|Knock Off|p2a: fatass
|-damage|p2a: fatass|66\/511
|-enditem|p2a: fatass|Leftovers|[from] move: Knock Off|[of] p1a: Krookodile
|move|p2a: fatass|Seed Bomb|p1a: Krookodile
|-supereffective|p1a: Krookodile
|-damage|p1a: Krookodile|0 fnt
|faint|p1a: Krookodile
|
|
|switch|p1a: Nidoqueen|Nidoqueen, F|373\/373
|turn|11
|
|move|p1a: Nidoqueen|Stealth Rock|p2a: fatass
|-sidestart|p2: Will737|move: Stealth Rock
|move|p2a: fatass|Rest|p2a: fatass
|-status|p2a: fatass|slp
|-heal|p2a: fatass|511\/511 slp|[silent]
|-status|p2a: fatass|slp|[from] move: Rest
|
|turn|12
|
|switch|p1a: Slurpuff|Slurpuff, M|306\/306
|cant|p2a: fatass|slp
|
|turn|13
|
|switch|p2a: Ampharos|Ampharos, F, shiny|321\/321
|-damage|p2a: Ampharos|281\/321|[from] Stealth Rock
|move|p1a: Slurpuff|Belly Drum|p1a: Slurpuff
|-damage|p1a: Slurpuff|153\/306
|-setboost|p1a: Slurpuff|atk|6|[from] move: Belly Drum
|-enditem|p1a: Slurpuff|Sitrus Berry|[eat]
|-heal|p1a: Slurpuff|229\/306|[from] item: Sitrus Berry
|
|turn|14
|join|Hariyana Grande
|
|switch|p2a: fatass|Snorlax, F|511\/511 slp
|-damage|p2a: fatass|448\/511 slp|[from] Stealth Rock
|move|p1a: Slurpuff|Play Rough|p2a: fatass
|-damage|p2a: fatass|0 fnt
|faint|p2a: fatass
|
|
|switch|p2a: Arcanine|Arcanine, F|321\/321
|-damage|p2a: Arcanine|241\/321|[from] Stealth Rock
|-ability|p2a: Arcanine|Intimidate|[of] p1a: Slurpuff
|-unboost|p1a: Slurpuff|atk|1
|turn|15
|
|move|p1a: Slurpuff|Drain Punch|p2a: Arcanine
|-damage|p2a: Arcanine|0 fnt
|-heal|p1a: Slurpuff|306\/306|[from] drain|[of] p2a: Arcanine
|faint|p2a: Arcanine
|
|
|switch|p2a: Starmie|Starmie|324\/324
|-damage|p2a: Starmie|284\/324|[from] Stealth Rock
|turn|16
|
|move|p1a: Slurpuff|Play Rough|p2a: Starmie
|-damage|p2a: Starmie|0 fnt
|faint|p2a: Starmie
|
|
|switch|p2a: Ampharos|Ampharos, F, shiny|281\/321
|-damage|p2a: Ampharos|241\/321|[from] Stealth Rock
|turn|17
|
|move|p1a: Slurpuff|Drain Punch|p2a: Ampharos
|-damage|p2a: Ampharos|0 fnt
|-status|p1a: Slurpuff|par
|faint|p2a: Ampharos
|
|win|MoB Barley
|raw|Ladder updating...
|raw|MoB Barley's rating: 1619 &rarr; <strong>1628<\/strong><br \/>(+9 for winning)
|raw|Will737's rating: 1402 &rarr; <strong>1393<\/strong><br \/>(-9 for losing)
|leave|rika and hanyuu
|leave|Will737
|leave|MoB Barley
|player|p2
|player|p1