|join|uutestest
|join|MoB Barley
|join|Professional 01
|player|p1|uutestest|184
|player|p2|MoB Barley|161
|gametype|singles
|gen|6
|tier|UU
|rated
|rule|Sleep Clause Mod: Limit one foe put to sleep
|rule|Species Clause: Limit one of each PokÃ©mon
|rule|OHKO Clause: OHKO moves are banned
|rule|Moody Clause: Moody is banned
|rule|Evasion Moves Clause: Evasion moves are banned
|rule|Endless Battle Clause: Forcing endless battles is banned
|rule|HP Percentage Mod: HP is shown in percentages
|clearpoke
|poke|p1|Machamp, M
|poke|p1|Blastoise, F
|poke|p1|Aromatisse, F
|poke|p1|Snorlax, M
|poke|p1|Nidoqueen, F
|poke|p1|Reuniclus, F
|poke|p2|Pangoro, M
|poke|p2|Raikou
|poke|p2|Nidoqueen, F
|poke|p2|Entei, shiny
|poke|p2|Flygon, M, shiny
|poke|p2|Pidgeot, M
|rule|Swagger Clause: Swagger is banned
|rule|Baton Pass Clause: Limit one PokÃ©mon knowing Baton Pass
|teampreview
|leave|Professional 01
|
|start
|switch|p1a: Reuniclus|Reuniclus, F|423\/423
|switch|p2a: Pidgeot|Pidgeot, M|307\/307
|turn|1
|
|detailschange|p2a: Pidgeot|Pidgeot-Mega, M
|-mega|p2a: Pidgeot|Pidgeot|Pidgeotite
|move|p2a: Pidgeot|Hurricane|p1a: Reuniclus
|-damage|p1a: Reuniclus|194\/423
|-start|p1a: Reuniclus|confusion
|-activate|p1a: Reuniclus|confusion
|-damage|p1a: Reuniclus|168\/423|[from] confusion
|
|turn|2
|
|switch|p1a: Snorlax|Snorlax, M|497\/497
|move|p2a: Pidgeot|Hurricane|p1a: Snorlax
|-damage|p1a: Snorlax|356\/497
|
|-heal|p1a: Snorlax|387\/497|[from] item: Leftovers
|turn|3
|join|Origoomy
|leave|Origoomy
|join|I'm Virus (~'o')~
|c| I'm Virus (~'o')~|mob
|c| I'm Virus (~'o')~|you play uu?
|
|move|p2a: Pidgeot|U-turn|p1a: Snorlax
|-damage|p1a: Snorlax|338\/497
|c|âMoB Barley|sometimes
|c| I'm Virus (~'o')~|well
|c| I'm Virus (~'o')~|hi anyway
|c| I'm Virus (~'o')~|:]
|
|switch|p2a: Pangoro|Pangoro, M|347\/347
|move|p1a: Snorlax|Curse|p1a: Snorlax
|-boost|p1a: Snorlax|atk|1
|-boost|p1a: Snorlax|def|1
|-unboost|p1a: Snorlax|spe|1
|
|-heal|p1a: Snorlax|369\/497|[from] item: Leftovers
|turn|4
|c|âuutestest|i'm not this bad. just first battle with team and forgot I was running curse lol
|join|Demandred
|
|switch|p1a: Aromatisse|Aromatisse, F|406\/406
|move|p2a: Pangoro|Drain Punch|p1a: Aromatisse
|-resisted|p1a: Aromatisse
|-damage|p1a: Aromatisse|330\/406
|
|-heal|p1a: Aromatisse|355\/406|[from] item: Leftovers
|turn|5
|
|switch|p2a: Nidoqueen|Nidoqueen, F|373\/373
|move|p1a: Aromatisse|Wish|p1a: Aromatisse
|
|-heal|p1a: Aromatisse|380\/406|[from] item: Leftovers
|turn|6
|
|switch|p1a: Blastoise|Blastoise, F|361\/361
|move|p2a: Nidoqueen|Stealth Rock|p1a: Blastoise
|-sidestart|p1: uutestest|move: Stealth Rock
|
|turn|7
|join|Lord Kuvira
|
|detailschange|p1a: Blastoise|Blastoise-Mega, F
|-mega|p1a: Blastoise|Blastoise|Blastoisinite
|move|p2a: Nidoqueen|Sludge Wave|p1a: Blastoise
|-damage|p1a: Blastoise|176\/361
|move|p1a: Blastoise|Water Pulse|p2a: Nidoqueen
|-supereffective|p2a: Nidoqueen
|-damage|p2a: Nidoqueen|5\/373
|
|turn|8
|
|move|p2a: Nidoqueen|Sludge Wave|p1a: Blastoise
|-damage|p1a: Blastoise|0 fnt
|faint|p1a: Blastoise
|
|
|switch|p1a: Nidoqueen|Nidoqueen, F|351\/351
|-damage|p1a: Nidoqueen|330\/351|[from] Stealth Rock
|turn|9
|
|move|p1a: Nidoqueen|Poison Jab|p2a: Nidoqueen
|-resisted|p2a: Nidoqueen
|-damage|p2a: Nidoqueen|0 fnt
|faint|p2a: Nidoqueen
|
|
|switch|p2a: Flygon|Flygon, M, shiny|301\/301
|turn|10
|
|switch|p1a: Snorlax|Snorlax, M|369\/497
|-damage|p1a: Snorlax|307\/497|[from] Stealth Rock
|move|p2a: Flygon|Earthquake|p1a: Snorlax
|-damage|p1a: Snorlax|154\/497
|
|-heal|p1a: Snorlax|185\/497|[from] item: Leftovers
|turn|11
|
|move|p2a: Flygon|Earthquake|p1a: Snorlax
|-damage|p1a: Snorlax|19\/497
|move|p1a: Snorlax|Rest|p1a: Snorlax
|-status|p1a: Snorlax|slp
|-heal|p1a: Snorlax|497\/497 slp|[silent]
|-status|p1a: Snorlax|slp|[from] move: Rest
|
|turn|12
|
|switch|p2a: Pangoro|Pangoro, M|347\/347
|cant|p1a: Snorlax|slp
|
|turn|13
|
|switch|p1a: Aromatisse|Aromatisse, F|380\/406
|-damage|p1a: Aromatisse|330\/406|[from] Stealth Rock
|move|p2a: Pangoro|Knock Off|p1a: Aromatisse
|-resisted|p1a: Aromatisse
|-damage|p1a: Aromatisse|251\/406
|-enditem|p1a: Aromatisse|Leftovers|[from] move: Knock Off|[of] p2a: Pangoro
|
|turn|14
|
|move|p2a: Pangoro|Gunk Shot|p1a: Aromatisse
|-crit|p1a: Aromatisse
|-supereffective|p1a: Aromatisse
|-damage|p1a: Aromatisse|0 fnt
|faint|p1a: Aromatisse
|
|
|switch|p1a: Machamp|Machamp, M|322\/322
|-damage|p1a: Machamp|302\/322|[from] Stealth Rock
|turn|15
|
|switch|p2a: Flygon|Flygon, M, shiny|301\/301
|move|p1a: Machamp|Ice Punch|p2a: Flygon
|-supereffective|p2a: Flygon
|-damage|p2a: Flygon|0 fnt
|faint|p2a: Flygon
|
|
|switch|p2a: Pidgeot|Pidgeot-Mega, M|307\/307
|turn|16
|
|switch|p1a: Reuniclus|Reuniclus, F|168\/423
|move|p2a: Pidgeot|Hurricane|p1a: Reuniclus
|-damage|p1a: Reuniclus|0 fnt
|faint|p1a: Reuniclus
|
|
|switch|p1a: Nidoqueen|Nidoqueen, F|330\/351
|-damage|p1a: Nidoqueen|309\/351|[from] Stealth Rock
|turn|17
|
|move|p2a: Pidgeot|Hurricane|p1a: Nidoqueen
|-damage|p1a: Nidoqueen|68\/351
|-start|p1a: Nidoqueen|confusion
|-activate|p1a: Nidoqueen|confusion
|-damage|p1a: Nidoqueen|12\/351|[from] confusion
|
|turn|18
|c|âuutestest|gg
|-message|uutestest forfeited.
|leave|uutestest
|
|win|MoB Barley
|raw|Ladder updating...
|player|p1
|raw|uutestest's rating: 1447 &rarr; <strong>1431<\/strong><br \/>(-16 for losing)
|raw|MoB Barley's rating: 1526 &rarr; <strong>1542<\/strong><br \/>(+16 for winning)
|leave|MoB Barley
|player|p2