|join|MoB Barley
|join|zoid's warhorse
|player|p1|MoB Barley|161
|player|p2|zoid's warhorse|188
|gametype|singles
|gen|6
|tier|UU
|rated
|rule|Sleep Clause Mod: Limit one foe put to sleep
|rule|Species Clause: Limit one of each PokÃ©mon
|rule|OHKO Clause: OHKO moves are banned
|rule|Moody Clause: Moody is banned
|rule|Evasion Moves Clause: Evasion moves are banned
|rule|Endless Battle Clause: Forcing endless battles is banned
|rule|HP Percentage Mod: HP is shown in percentages
|clearpoke
|poke|p1|Entei, shiny
|poke|p1|Swampert, M
|poke|p1|Empoleon, M
|poke|p1|Chesnaught, M, shiny
|poke|p1|Nidoqueen, F
|poke|p1|Hydreigon, M
|poke|p2|Aerodactyl, F
|poke|p2|Azelf
|poke|p2|Dragalge, F
|poke|p2|Lucario, F
|poke|p2|Magneton
|poke|p2|Serperior, M
|rule|Swagger Clause: Swagger is banned
|rule|Baton Pass Clause: Limit one PokÃ©mon knowing Baton Pass
|teampreview
|
|start
|switch|p1a: Hydreigon|Hydreigon, M|325\/325
|switch|p2a: Azelf|Azelf|291\/291
|turn|1
|
|move|p1a: Hydreigon|Dark Pulse|p2a: Azelf
|-supereffective|p2a: Azelf
|-enditem|p2a: Azelf|Focus Sash
|-damage|p2a: Azelf|1\/291
|move|p2a: Azelf|Stealth Rock|p1a: Hydreigon
|-sidestart|p1: MoB Barley|move: Stealth Rock
|
|turn|2
|
|move|p1a: Hydreigon|Dark Pulse|p2a: Azelf
|-supereffective|p2a: Azelf
|-damage|p2a: Azelf|0 fnt
|faint|p2a: Azelf
|
|
|switch|p2a: Lucario|Lucario, F|279\/279
|turn|3
|
|switch|p1a: Chesnaught|Chesnaught, M, shiny|380\/380
|-damage|p1a: Chesnaught|357\/380|[from] Stealth Rock
|move|p2a: Lucario|Swords Dance|p2a: Lucario
|-boost|p2a: Lucario|atk|2
|
|-heal|p1a: Chesnaught|380\/380|[from] item: Leftovers
|turn|4
|
|move|p2a: Lucario|Swords Dance|p2a: Lucario
|-boost|p2a: Lucario|atk|2
|move|p1a: Chesnaught|Drain Punch|p2a: Lucario
|-supereffective|p2a: Lucario
|-damage|p2a: Lucario|45\/279
|
|turn|5
|
|move|p2a: Lucario|Close Combat|p1a: Chesnaught
|-damage|p1a: Chesnaught|0 fnt
|-unboost|p2a: Lucario|def|1
|-unboost|p2a: Lucario|spd|1
|-damage|p2a: Lucario|18\/279|[from] item: Life Orb
|faint|p1a: Chesnaught
|
|
|switch|p1a: Entei|Entei, shiny|371\/371
|-damage|p1a: Entei|279\/371|[from] Stealth Rock
|-ability|p1a: Entei|Pressure
|turn|6
|
|move|p2a: Lucario|Extreme Speed|p1a: Entei
|-damage|p1a: Entei|0 fnt
|-damage|p2a: Lucario|0 fnt|[from] item: Life Orb
|faint|p1a: Entei
|faint|p2a: Lucario
|
|c|âMoB Barley|ew jolly
|
|switch|p2a: Serperior|Serperior, M|303\/303
|switch|p1a: Empoleon|Empoleon, M|372\/372
|-damage|p1a: Empoleon|349\/372|[from] Stealth Rock
|turn|7
|
|move|p2a: Serperior|Leaf Storm|p1a: Empoleon
|-crit|p1a: Empoleon
|-damage|p1a: Empoleon|189\/372
|-boost|p2a: Serperior|spa|2
|move|p1a: Empoleon|Defog|p2a: Serperior
|-boost|p2a: Serperior|evasion|1
|-sideend|p1: MoB Barley|Stealth Rock|[from] move: Defog|[of] p1a: Empoleon
|
|-heal|p1a: Empoleon|212\/372|[from] item: Leftovers
|turn|8
|
|move|p2a: Serperior|Leaf Storm|p1a: Empoleon
|-damage|p1a: Empoleon|7\/372
|-boost|p2a: Serperior|spa|2
|move|p1a: Empoleon|Roar|p2a: Serperior
|drag|p2a: Dragalge|Dragalge, F|310\/310
|
|-heal|p1a: Empoleon|30\/372|[from] item: Leftovers
|turn|9
|
|move|p1a: Empoleon|Stealth Rock|p2a: Dragalge
|-sidestart|p2: zoid's warhorse|move: Stealth Rock
|move|p2a: Dragalge|Draco Meteor|p1a: Empoleon
|-resisted|p1a: Empoleon
|-damage|p1a: Empoleon|0 fnt
|-unboost|p2a: Dragalge|spa|2
|faint|p1a: Empoleon
|
|
|switch|p1a: Swampert|Swampert, M|361\/361
|turn|10
|
|switch|p2a: Serperior|Serperior, M|303\/303
|-damage|p2a: Serperior|266\/303|[from] Stealth Rock
|detailschange|p1a: Swampert|Swampert-Mega, M
|-mega|p1a: Swampert|Swampert|Swampertite
|move|p1a: Swampert|Rain Dance|p1a: Swampert
|-weather|RainDance
|
|-weather|RainDance|[upkeep]
|turn|11
|
|move|p1a: Swampert|Ice Punch|p2a: Serperior
|-supereffective|p2a: Serperior
|-damage|p2a: Serperior|62\/303
|move|p2a: Serperior|Leaf Storm|p1a: Swampert
|-supereffective|p1a: Swampert
|-damage|p1a: Swampert|0 fnt
|-boost|p2a: Serperior|spa|2
|faint|p1a: Swampert
|
|-weather|RainDance|[upkeep]
|
|switch|p1a: Hydreigon|Hydreigon, M|325\/325
|turn|12
|
|switch|p2a: Magneton|Magneton|303\/303
|-damage|p2a: Magneton|285\/303|[from] Stealth Rock
|move|p1a: Hydreigon|U-turn|p2a: Magneton
|-resisted|p2a: Magneton
|-damage|p2a: Magneton|268\/303
|
|switch|p1a: Nidoqueen|Nidoqueen, F|373\/373
|
|-weather|RainDance|[upkeep]
|turn|13
|
|move|p1a: Nidoqueen|Earth Power|p2a: Magneton
|-supereffective|p2a: Magneton
|-damage|p2a: Magneton|0 fnt
|faint|p2a: Magneton
|
|-weather|RainDance|[upkeep]
|
|switch|p2a: Aerodactyl|Aerodactyl, F|302\/302
|-damage|p2a: Aerodactyl|227\/302|[from] Stealth Rock
|-ability|p2a: Aerodactyl|Unnerve|p1: MoB Barley
|turn|14
|
|detailschange|p2a: Aerodactyl|Aerodactyl-Mega, F
|-mega|p2a: Aerodactyl|Aerodactyl|Aerodactylite
|move|p2a: Aerodactyl|Aqua Tail|p1a: Nidoqueen
|-supereffective|p1a: Nidoqueen
|-damage|p1a: Nidoqueen|0 fnt
|faint|p1a: Nidoqueen
|
|-weather|none
|
|switch|p1a: Hydreigon|Hydreigon, M|325\/325
|turn|15
|
|switch|p2a: Serperior|Serperior, M|62\/303
|-damage|p2a: Serperior|25\/303|[from] Stealth Rock
|move|p1a: Hydreigon|Draco Meteor|p2a: Serperior
|-damage|p2a: Serperior|0 fnt
|-unboost|p1a: Hydreigon|spa|2
|faint|p2a: Serperior
|
|
|switch|p2a: Aerodactyl|Aerodactyl-Mega, F|227\/302
|-damage|p2a: Aerodactyl|152\/302|[from] Stealth Rock
|turn|16
|
|move|p1a: Hydreigon|Draco Meteor|p2a: Aerodactyl
|-damage|p2a: Aerodactyl|29\/302
|-unboost|p1a: Hydreigon|spa|2
|move|p2a: Aerodactyl|Aerial Ace|p1a: Hydreigon
|-damage|p1a: Hydreigon|162\/325
|
|turn|17
|
|move|p1a: Hydreigon|Draco Meteor|p2a: Aerodactyl
|-damage|p2a: Aerodactyl|0 fnt
|-unboost|p1a: Hydreigon|spa|2
|faint|p2a: Aerodactyl
|
|
|switch|p2a: Dragalge|Dragalge, F|310\/310
|-damage|p2a: Dragalge|272\/310|[from] Stealth Rock
|turn|18
|c|âzoid's warhorse|no crit pls
|
|move|p1a: Hydreigon|Draco Meteor|p2a: Dragalge
|-supereffective|p2a: Dragalge
|-damage|p2a: Dragalge|180\/310
|move|p2a: Dragalge|Sludge Wave|p1a: Hydreigon
|-damage|p1a: Hydreigon|0 fnt
|faint|p1a: Hydreigon
|
|win|zoid's warhorse
|raw|Ladder updating...
|raw|MoB Barley's rating: 1622 &rarr; <strong>1593<\/strong><br \/>(-29 for losing)
|raw|zoid&apos;s warhorse's rating: 1445 &rarr; <strong>1474<\/strong><br \/>(+29 for winning)
|c|âzoid's warhorse|gg
|leave|MoB Barley
|player|p1