|join|MoB Barley
|join|Luisbernal
|player|p1|MoB Barley|161
|player|p2|Luisbernal|102
|gametype|singles
|gen|6
|tier|UU
|rated
|rule|Sleep Clause Mod: Limit one foe put to sleep
|rule|Species Clause: Limit one of each PokÃ©mon
|rule|OHKO Clause: OHKO moves are banned
|rule|Moody Clause: Moody is banned
|rule|Evasion Moves Clause: Evasion moves are banned
|rule|Endless Battle Clause: Forcing endless battles is banned
|rule|HP Percentage Mod: HP is shown in percentages
|clearpoke
|poke|p1|Entei, shiny
|poke|p1|Ampharos, M
|poke|p1|Jirachi, shiny
|poke|p1|Roserade, F
|poke|p1|Starmie, shiny
|poke|p1|Granbull, M
|poke|p2|Shuckle, F
|poke|p2|Meowstic, M
|poke|p2|Porygon2
|poke|p2|Starmie
|poke|p2|Sceptile, F
|poke|p2|Slurpuff, F
|rule|Swagger Clause: Swagger is banned
|rule|Baton Pass Clause: Limit one PokÃ©mon knowing Baton Pass
|teampreview
|
|start
|switch|p1a: Jirachi|Jirachi, shiny|404\/404
|switch|p2a: Shuckle|Shuckle, F|244\/244
|turn|1
|
|move|p1a: Jirachi|Iron Head|p2a: Shuckle
|-supereffective|p2a: Shuckle
|-damage|p2a: Shuckle|160\/244
|move|p2a: Shuckle|Stealth Rock|p1a: Jirachi
|-sidestart|p1: MoB Barley|move: Stealth Rock
|
|-heal|p2a: Shuckle|175\/244|[from] item: Leftovers
|turn|2
|
|move|p1a: Jirachi|Stealth Rock|p2a: Shuckle
|-sidestart|p2: Luisbernal|move: Stealth Rock
|move|p2a: Shuckle|Sticky Web|p1a: Jirachi
|-sidestart|p1: MoB Barley|move: Sticky Web
|
|-heal|p2a: Shuckle|190\/244|[from] item: Leftovers
|turn|3
|
|move|p1a: Jirachi|U-turn|p2a: Shuckle
|-damage|p2a: Shuckle|162\/244
|
|switch|p1a: Starmie|Starmie, shiny|324\/324
|-damage|p1a: Starmie|284\/324|[from] Stealth Rock
|-activate|p1a: Starmie|move: Sticky Web
|-unboost|p1a: Starmie|spe|1
|move|p2a: Shuckle|Knock Off|p1a: Starmie
|-supereffective|p1a: Starmie
|-damage|p1a: Starmie|242\/324
|-enditem|p1a: Starmie|Leftovers|[from] move: Knock Off|[of] p2a: Shuckle
|
|-heal|p2a: Shuckle|177\/244|[from] item: Leftovers
|turn|4
|join|Doc Sportello
|
|move|p1a: Starmie|Rapid Spin|p2a: Shuckle
|-resisted|p2a: Shuckle
|-damage|p2a: Shuckle|174\/244
|-sideend|p1: MoB Barley|Stealth Rock|[from] move: Rapid Spin|[of] p1a: Starmie
|-sideend|p1: MoB Barley|Sticky Web|[from] move: Rapid Spin|[of] p1a: Starmie
|move|p2a: Shuckle|Toxic|p1a: Starmie
|-status|p1a: Starmie|tox
|
|-heal|p2a: Shuckle|189\/244|[from] item: Leftovers
|-damage|p1a: Starmie|222\/324 tox|[from] psn
|turn|5
|join|Rawk Hawk
|
|switch|p1a: Ampharos|Ampharos, M|371\/371
|move|p2a: Shuckle|Sticky Web|p1a: Ampharos
|-sidestart|p1: MoB Barley|move: Sticky Web
|
|-heal|p2a: Shuckle|204\/244|[from] item: Leftovers
|turn|6
|
|detailschange|p1a: Ampharos|Ampharos-Mega, M
|-mega|p1a: Ampharos|Ampharos|Ampharosite
|-ability|p1a: Ampharos|Mold Breaker
|move|p1a: Ampharos|Dragon Pulse|p2a: Shuckle
|-damage|p2a: Shuckle|128\/244
|move|p2a: Shuckle|Stealth Rock|p1a: Ampharos
|-sidestart|p1: MoB Barley|move: Stealth Rock
|
|-heal|p2a: Shuckle|143\/244|[from] item: Leftovers
|turn|7
|
|move|p1a: Ampharos|Volt Switch|p2a: Shuckle
|-damage|p2a: Shuckle|76\/244
|
|switch|p1a: Starmie|Starmie, shiny|222\/324
|-activate|p1a: Starmie|move: Sticky Web
|-unboost|p1a: Starmie|spe|1
|-damage|p1a: Starmie|182\/324|[from] Stealth Rock
|move|p2a: Shuckle|Toxic|p1a: Starmie
|-status|p1a: Starmie|tox
|
|-heal|p2a: Shuckle|91\/244|[from] item: Leftovers
|-damage|p1a: Starmie|162\/324 tox|[from] psn
|turn|8
|
|move|p1a: Starmie|Rapid Spin|p2a: Shuckle
|-resisted|p2a: Shuckle
|-damage|p2a: Shuckle|88\/244
|-sideend|p1: MoB Barley|Stealth Rock|[from] move: Rapid Spin|[of] p1a: Starmie
|-sideend|p1: MoB Barley|Sticky Web|[from] move: Rapid Spin|[of] p1a: Starmie
|move|p2a: Shuckle|Knock Off|p1a: Starmie
|-supereffective|p1a: Starmie
|-damage|p1a: Starmie|132\/324 tox
|
|-heal|p2a: Shuckle|103\/244|[from] item: Leftovers
|-damage|p1a: Starmie|92\/324 tox|[from] psn
|turn|9
|join|snicker testing
|
|move|p1a: Starmie|Recover|p1a: Starmie
|-heal|p1a: Starmie|254\/324 tox
|move|p2a: Shuckle|Sticky Web|p1a: Starmie
|-sidestart|p1: MoB Barley|move: Sticky Web
|
|-heal|p2a: Shuckle|118\/244|[from] item: Leftovers
|-damage|p1a: Starmie|194\/324 tox|[from] psn
|turn|10
|
|move|p1a: Starmie|Scald|p2a: Shuckle
|-supereffective|p2a: Shuckle
|-damage|p2a: Shuckle|46\/244
|-status|p2a: Shuckle|brn
|move|p2a: Shuckle|Stealth Rock|p1a: Starmie
|-sidestart|p1: MoB Barley|move: Stealth Rock
|
|-heal|p2a: Shuckle|61\/244 brn|[from] item: Leftovers
|-damage|p1a: Starmie|114\/324 tox|[from] psn
|-damage|p2a: Shuckle|31\/244 brn|[from] brn
|turn|11
|c| snicker testing|idk how u do these matches mob, uu matches are like 30 minutes
|
|move|p1a: Starmie|Rapid Spin|p2a: Shuckle
|-resisted|p2a: Shuckle
|-damage|p2a: Shuckle|28\/244 brn
|-sideend|p1: MoB Barley|Stealth Rock|[from] move: Rapid Spin|[of] p1a: Starmie
|-sideend|p1: MoB Barley|Sticky Web|[from] move: Rapid Spin|[of] p1a: Starmie
|move|p2a: Shuckle|Knock Off|p1a: Starmie
|-supereffective|p1a: Starmie
|-damage|p1a: Starmie|98\/324 tox
|
|-heal|p2a: Shuckle|43\/244 brn|[from] item: Leftovers
|-damage|p1a: Starmie|0 fnt|[from] psn
|-damage|p2a: Shuckle|13\/244 brn|[from] brn
|faint|p1a: Starmie
|c|âMoB Barley|uu is fun
|
|switch|p1a: Ampharos|Ampharos-Mega, M|371\/371
|-ability|p1a: Ampharos|Mold Breaker
|turn|12
|
|move|p1a: Ampharos|Volt Switch|p2a: Shuckle
|-damage|p2a: Shuckle|0 fnt
|faint|p2a: Shuckle
|c| snicker testing|seems hella stressful with all the stall
|
|switch|p1a: Granbull|Granbull, M|384\/384
|
|c|âMoB Barley|its not all stall
|join|Tumar Naam Key
|
|switch|p2a: Meowstic|Meowstic, M|352\/352
|-damage|p2a: Meowstic|308\/352|[from] Stealth Rock
|turn|13
|c|âMoB Barley|that was just one game
|
|move|p2a: Meowstic|Yawn|p1a: Granbull
|-start|p1a: Granbull|move: Yawn|[of] p2a: Meowstic
|move|p1a: Granbull|Thunder Wave|p2a: Meowstic
|-status|p2a: Meowstic|par
|
|turn|14
|
|switch|p1a: Ampharos|Ampharos-Mega, M|371\/371
|-ability|p1a: Ampharos|Mold Breaker
|move|p2a: Meowstic|Reflect|p2a: Meowstic
|-sidestart|p2: Luisbernal|Reflect
|
|turn|15
|c| snicker testing|this team looks very light screen\/ reflect oriented
|
|move|p2a: Meowstic|Light Screen|p2a: Meowstic
|-sidestart|p2: Luisbernal|move: Light Screen
|move|p1a: Ampharos|Dragon Pulse|p2a: Meowstic
|-damage|p2a: Meowstic|195\/352 par
|
|turn|16
|
|switch|p2a: Slurpuff|Slurpuff, F|306\/306
|-damage|p2a: Slurpuff|268\/306|[from] Stealth Rock
|move|p1a: Ampharos|Volt Switch|p2a: Slurpuff
|-damage|p2a: Slurpuff|166\/306
|
|switch|p1a: Roserade|Roserade, F|323\/323
|
|turn|17
|
|move|p2a: Slurpuff|Belly Drum|p2a: Slurpuff
|-damage|p2a: Slurpuff|13\/306
|-setboost|p2a: Slurpuff|atk|6|[from] move: Belly Drum
|-enditem|p2a: Slurpuff|Sitrus Berry|[eat]
|-heal|p2a: Slurpuff|89\/306|[from] item: Sitrus Berry
|move|p1a: Roserade|Sludge Bomb|p2a: Slurpuff
|-supereffective|p2a: Slurpuff
|-damage|p2a: Slurpuff|0 fnt
|faint|p2a: Slurpuff
|
|join|Hariyana Grande
|
|switch|p2a: Starmie|Starmie|261\/261
|-damage|p2a: Starmie|229\/261|[from] Stealth Rock
|turn|18
|
|move|p2a: Starmie|Rapid Spin|p1a: Roserade
|-damage|p1a: Roserade|305\/323
|-sideend|p2: Luisbernal|Stealth Rock|[from] move: Rapid Spin|[of] p2a: Starmie
|-damage|p2a: Starmie|203\/261|[from] item: Life Orb
|move|p1a: Roserade|Giga Drain|p2a: Starmie
|-supereffective|p2a: Starmie
|-damage|p2a: Starmie|71\/261
|-heal|p1a: Roserade|323\/323|[from] drain|[of] p2a: Starmie
|
|turn|19
|
|move|p2a: Starmie|Psyshock|p1a: Roserade
|-supereffective|p1a: Roserade
|-damage|p1a: Roserade|0 fnt
|-damage|p2a: Starmie|45\/261|[from] item: Life Orb
|faint|p1a: Roserade
|
|
|switch|p1a: Jirachi|Jirachi, shiny|404\/404
|turn|20
|
|move|p2a: Starmie|Hydro Pump|p1a: Jirachi|[miss]
|-miss|p2a: Starmie|p1a: Jirachi
|move|p1a: Jirachi|Stealth Rock|p2a: Starmie
|-sidestart|p2: Luisbernal|move: Stealth Rock
|
|turn|21
|
|move|p2a: Starmie|Hydro Pump|p1a: Jirachi|[miss]
|-miss|p2a: Starmie|p1a: Jirachi
|move|p1a: Jirachi|Wish|p1a: Jirachi
|
|-sideend|p2: Luisbernal|Reflect
|turn|22
|join|LordKuvira
|leave|LordKuvira
|
|move|p2a: Starmie|Hydro Pump|p1a: Jirachi
|-damage|p1a: Jirachi|248\/404
|-damage|p2a: Starmie|19\/261|[from] item: Life Orb
|move|p1a: Jirachi|Iron Head|p2a: Starmie
|-resisted|p2a: Starmie
|-damage|p2a: Starmie|0 fnt
|faint|p2a: Starmie
|
|-heal|p1a: Jirachi|404\/404|[from] move: Wish|[wisher] Jirachi
|-sideend|p2: Luisbernal|move: Light Screen
|
|switch|p2a: Meowstic|Meowstic, M|195\/352 par
|-damage|p2a: Meowstic|151\/352 par|[from] Stealth Rock
|turn|23
|
|move|p2a: Meowstic|Reflect|p2a: Meowstic
|-sidestart|p2: Luisbernal|Reflect
|move|p1a: Jirachi|U-turn|p2a: Meowstic
|-supereffective|p2a: Meowstic
|-damage|p2a: Meowstic|99\/352 par
|
|switch|p1a: Entei|Entei, shiny|371\/371
|-ability|p1a: Entei|Pressure
|
|turn|24
|
|move|p1a: Entei|Extreme Speed|p2a: Meowstic
|-crit|p2a: Meowstic
|-damage|p2a: Meowstic|0 fnt
|faint|p2a: Meowstic
|
|
|switch|p2a: Porygon2|Porygon2|374\/374
|-damage|p2a: Porygon2|328\/374|[from] Stealth Rock
|-ability|p2a: Porygon2|Pressure|[from] ability: Trace|[of] p1a: Entei
|-ability|p2a: Porygon2|Pressure
|turn|25
|join|FUQ GLISCORE
|
|switch|p1a: Granbull|Granbull, M|384\/384
|-ability|p1a: Granbull|Intimidate|[of] p2a: Porygon2
|-unboost|p2a: Porygon2|atk|1
|move|p2a: Porygon2|Discharge|p1a: Granbull
|-damage|p1a: Granbull|281\/384
|
|-heal|p1a: Granbull|305\/384|[from] item: Leftovers
|turn|26
|
|move|p2a: Porygon2|Discharge|p1a: Granbull
|-crit|p1a: Granbull
|-damage|p1a: Granbull|145\/384
|-status|p1a: Granbull|par
|move|p1a: Granbull|Thunder Wave|p2a: Porygon2
|-status|p2a: Porygon2|par
|
|-heal|p1a: Granbull|169\/384 par|[from] item: Leftovers
|turn|27
|
|switch|p1a: Ampharos|Ampharos-Mega, M|371\/371
|-ability|p1a: Ampharos|Mold Breaker
|move|p2a: Porygon2|Shadow Ball|p1a: Ampharos
|-damage|p1a: Ampharos|313\/371
|
|turn|28
|
|move|p1a: Ampharos|Dragon Pulse|p2a: Porygon2
|-damage|p2a: Porygon2|234\/374 par
|move|p2a: Porygon2|Ice Beam|p1a: Ampharos
|-supereffective|p1a: Ampharos
|-damage|p1a: Ampharos|165\/371
|
|turn|29
|
|move|p1a: Ampharos|Dragon Pulse|p2a: Porygon2
|-damage|p2a: Porygon2|132\/374 par
|cant|p2a: Porygon2|par
|
|turn|30
|leave|Tumar Naam Key
|
|move|p1a: Ampharos|Dragon Pulse|p2a: Porygon2
|-damage|p2a: Porygon2|33\/374 par
|move|p2a: Porygon2|Recover|p2a: Porygon2
|-heal|p2a: Porygon2|220\/374 par
|
|-sideend|p2: Luisbernal|Reflect
|turn|31
|
|move|p1a: Ampharos|Dragon Pulse|p2a: Porygon2
|-damage|p2a: Porygon2|124\/374 par
|move|p2a: Porygon2|Ice Beam|p1a: Ampharos
|-supereffective|p1a: Ampharos
|-damage|p1a: Ampharos|17\/371
|
|turn|32
|
|move|p1a: Ampharos|Dragon Pulse|p2a: Porygon2
|-damage|p2a: Porygon2|22\/374 par
|cant|p2a: Porygon2|par
|
|turn|33
|
|move|p1a: Ampharos|Dragon Pulse|p2a: Porygon2
|-damage|p2a: Porygon2|0 fnt
|faint|p2a: Porygon2
|
|
|switch|p2a: Sceptile|Sceptile, F|281\/281
|-damage|p2a: Sceptile|246\/281|[from] Stealth Rock
|turn|34
|
|detailschange|p2a: Sceptile|Sceptile-Mega, F
|-mega|p2a: Sceptile|Sceptile|Sceptilite
|move|p2a: Sceptile|Dragon Pulse|p1a: Ampharos
|-crit|p1a: Ampharos
|-supereffective|p1a: Ampharos
|-damage|p1a: Ampharos|0 fnt
|faint|p1a: Ampharos
|
|
|switch|p1a: Entei|Entei, shiny|371\/371
|-ability|p1a: Entei|Pressure
|turn|35
|
|move|p2a: Sceptile|Dragon Pulse|p1a: Entei
|-damage|p1a: Entei|145\/371
|move|p1a: Entei|Flare Blitz|p2a: Sceptile
|-damage|p2a: Sceptile|0 fnt
|-damage|p1a: Entei|64\/371|[from] recoil|[of] p2a: Sceptile
|faint|p2a: Sceptile
|
|win|MoB Barley
|raw|Ladder updating...
|raw|MoB Barley's rating: 1591 &rarr; <strong>1600<\/strong><br \/>(+9 for winning)
|raw|Luisbernal's rating: 1382 &rarr; <strong>1373<\/strong><br \/>(-9 for losing)
|leave|MoB Barley
|leave|Luisbernal
|leave|snicker testing
|player|p1
|player|p2