|join|MoB Barley
|join|ULT ktan
|player|p1|MoB Barley|161
|player|p2|ULT ktan|275
|gametype|singles
|gen|6
|tier|UU
|rated
|rule|Sleep Clause Mod: Limit one foe put to sleep
|rule|Species Clause: Limit one of each PokÃ©mon
|rule|OHKO Clause: OHKO moves are banned
|rule|Moody Clause: Moody is banned
|rule|Evasion Moves Clause: Evasion moves are banned
|rule|Endless Battle Clause: Forcing endless battles is banned
|rule|HP Percentage Mod: HP is shown in percentages
|clearpoke
|poke|p1|Medicham, M, shiny
|poke|p1|Krookodile, M
|poke|p1|Chandelure, M
|poke|p1|Nidoqueen, F
|poke|p1|Starmie
|poke|p1|Slurpuff, M
|poke|p2|Medicham, M
|poke|p2|Suicune
|poke|p2|Jirachi
|poke|p2|Kecleon, F
|poke|p2|Crobat, F
|poke|p2|Infernape, F
|rule|Swagger Clause: Swagger is banned
|rule|Baton Pass Clause: Limit one PokÃ©mon knowing Baton Pass
|teampreview
|join|BiG BiRD SQUAD
|
|start
|switch|p1a: Medicham|Medicham, M, shiny|261\/261
|switch|p2a: Kecleon|Kecleon, F|263\/263
|turn|1
|
|detailschange|p1a: Medicham|Medicham-Mega, M, shiny
|-mega|p1a: Medicham|Medicham|Medichamite
|move|p1a: Medicham|Fake Out|p2a: Kecleon
|-damage|p2a: Kecleon|165\/263
|cant|p2a: Kecleon|flinch
|
|turn|2
|
|move|p2a: Kecleon|Shadow Sneak|p1a: Medicham
|-start|p2a: Kecleon|typechange|Ghost|[from] Protean
|-supereffective|p1a: Medicham
|-damage|p1a: Medicham|117\/261
|move|p1a: Medicham|Zen Headbutt|p2a: Kecleon
|-damage|p2a: Kecleon|0 fnt
|faint|p2a: Kecleon
|
|
|switch|p2a: Suicune|Suicune|404\/404
|-ability|p2a: Suicune|Pressure
|turn|3
|
|switch|p2a: Crobat|Crobat, F|373\/373
|move|p1a: Medicham|High Jump Kick|p2a: Crobat
|-resisted|p2a: Crobat
|-damage|p2a: Crobat|256\/373
|
|-heal|p2a: Crobat|279\/373|[from] item: Black Sludge
|turn|4
|
|switch|p1a: Krookodile|Krookodile, M|331\/331
|-ability|p1a: Krookodile|Intimidate|[of] p2a: Crobat
|-unboost|p2a: Crobat|atk|1
|move|p2a: Crobat|Brave Bird|p1a: Krookodile
|-damage|p1a: Krookodile|213\/331
|-damage|p2a: Crobat|240\/373|[from] recoil|[of] p1a: Krookodile
|
|-heal|p2a: Crobat|263\/373|[from] item: Black Sludge
|turn|5
|
|move|p2a: Crobat|U-turn|p1a: Krookodile
|-supereffective|p1a: Krookodile
|-damage|p1a: Krookodile|121\/331
|
|move|p1a: Krookodile|Pursuit|p2a: Crobat|[from]Pursuit
|-damage|p2a: Crobat|10\/373
|switch|p2a: Suicune|Suicune|404\/404
|-ability|p2a: Suicune|Pressure
|
|turn|6
|
|switch|p1a: Nidoqueen|Nidoqueen, F|373\/373
|move|p2a: Suicune|Scald|p1a: Nidoqueen
|-supereffective|p1a: Nidoqueen
|-damage|p1a: Nidoqueen|157\/373
|
|turn|7
|
|switch|p1a: Starmie|Starmie|261\/261
|move|p2a: Suicune|Scald|p1a: Starmie
|-resisted|p1a: Starmie
|-damage|p1a: Starmie|207\/261
|
|turn|8
|
|switch|p2a: Crobat|Crobat, F|10\/373
|move|p1a: Starmie|Psyshock|p2a: Crobat
|-supereffective|p2a: Crobat
|-damage|p2a: Crobat|0 fnt
|-damage|p1a: Starmie|181\/261|[from] item: Life Orb
|faint|p2a: Crobat
|
|
|switch|p2a: Jirachi|Jirachi|341\/341
|turn|9
|
|switch|p1a: Krookodile|Krookodile, M|121\/331
|-ability|p1a: Krookodile|Intimidate|[of] p2a: Jirachi
|-unboost|p2a: Jirachi|atk|1
|move|p2a: Jirachi|U-turn|p1a: Krookodile
|-supereffective|p1a: Krookodile
|-damage|p1a: Krookodile|15\/331
|
|switch|p2a: Infernape|Infernape, F|293\/293
|
|turn|10
|
|switch|p1a: Chandelure|Chandelure, M|261\/261
|move|p2a: Infernape|Vacuum Wave|p1a: Chandelure
|-immune|p1a: Chandelure|[msg]
|
|turn|11
|
|switch|p2a: Suicune|Suicune|404\/404
|-ability|p2a: Suicune|Pressure
|move|p1a: Chandelure|Shadow Ball|p2a: Suicune
|-damage|p2a: Suicune|221\/404
|-unboost|p2a: Suicune|spd|1
|-damage|p1a: Chandelure|235\/261|[from] item: Life Orb
|
|-heal|p2a: Suicune|246\/404|[from] item: Leftovers
|turn|12
|c| BiG BiRD SQUAD|!!!
|c|âMoB Barley|sucks
|
|move|p1a: Chandelure|Shadow Ball|p2a: Suicune
|-damage|p2a: Suicune|0 fnt
|-damage|p1a: Chandelure|209\/261|[from] item: Life Orb
|faint|p2a: Suicune
|
|c|âMoB Barley|that 20%
|join|Doc Sportello
|
|switch|p2a: Jirachi|Jirachi|341\/341
|turn|13
|
|switch|p1a: Krookodile|Krookodile, M|15\/331
|-ability|p1a: Krookodile|Intimidate|[of] p2a: Jirachi
|-unboost|p2a: Jirachi|atk|1
|move|p2a: Jirachi|Iron Head|p1a: Krookodile
|-damage|p1a: Krookodile|0 fnt
|faint|p1a: Krookodile
|
|
|switch|p1a: Chandelure|Chandelure, M|209\/261
|turn|14
|
|move|p2a: Jirachi|Iron Head|p1a: Chandelure
|-resisted|p1a: Chandelure
|-damage|p1a: Chandelure|167\/261
|cant|p1a: Chandelure|flinch
|
|turn|15
|
|switch|p2a: Infernape|Infernape, F|293\/293
|move|p1a: Chandelure|Substitute|p1a: Chandelure
|-start|p1a: Chandelure|Substitute
|-damage|p1a: Chandelure|102\/261
|
|turn|16
|
|move|p2a: Infernape|Nasty Plot|p2a: Infernape
|-boost|p2a: Infernape|spa|2
|move|p1a: Chandelure|Pain Split|p2a: Infernape
|-sethp|p2a: Infernape|197\/293|p1a: Chandelure|197\/261|[from] move: Pain Split
|
|turn|17
|
|move|p2a: Infernape|Grass Knot|p1a: Chandelure
|-resisted|p1a: Chandelure
|-end|p1a: Chandelure|Substitute
|move|p1a: Chandelure|Shadow Ball|p2a: Infernape
|-damage|p2a: Infernape|0 fnt
|-damage|p1a: Chandelure|171\/261|[from] item: Life Orb
|faint|p2a: Infernape
|
|
|switch|p2a: Jirachi|Jirachi|341\/341
|turn|18
|
|move|p2a: Jirachi|Iron Head|p1a: Chandelure
|-resisted|p1a: Chandelure
|-damage|p1a: Chandelure|111\/261
|cant|p1a: Chandelure|flinch
|
|turn|19
|
|move|p2a: Jirachi|Iron Head|p1a: Chandelure
|-crit|p1a: Chandelure
|-resisted|p1a: Chandelure
|-damage|p1a: Chandelure|11\/261
|move|p1a: Chandelure|Shadow Ball|p2a: Jirachi
|-supereffective|p2a: Jirachi
|-damage|p2a: Jirachi|0 fnt
|-damage|p1a: Chandelure|0 fnt|[from] item: Life Orb
|faint|p2a: Jirachi
|faint|p1a: Chandelure
|
|
|switch|p2a: Medicham|Medicham, M|261\/261
|switch|p1a: Nidoqueen|Nidoqueen, F|157\/373
|turn|20
|
|detailschange|p2a: Medicham|Medicham-Mega, M
|-mega|p2a: Medicham|Medicham|Medichamite
|move|p2a: Medicham|Substitute|p2a: Medicham
|-start|p2a: Medicham|Substitute
|-damage|p2a: Medicham|196\/261
|move|p1a: Nidoqueen|Earth Power|p2a: Medicham
|-end|p2a: Medicham|Substitute
|
|turn|21
|c| BiG BiRD SQUAD|noo
|
|move|p2a: Medicham|Psycho Cut|p1a: Nidoqueen
|-supereffective|p1a: Nidoqueen
|-damage|p1a: Nidoqueen|0 fnt
|faint|p1a: Nidoqueen
|
|
|switch|p1a: Medicham|Medicham-Mega, M, shiny|117\/261
|turn|22
|
|move|p1a: Medicham|Fake Out|p2a: Medicham
|-damage|p2a: Medicham|100\/261
|cant|p2a: Medicham|flinch
|
|turn|23
|
|move|p1a: Medicham|Ice Punch|p2a: Medicham
|-damage|p2a: Medicham|0 fnt
|faint|p2a: Medicham
|
|win|MoB Barley
|raw|Ladder updating...
|raw|MoB Barley's rating: 1636 &rarr; <strong>1648<\/strong><br \/>(+12 for winning)
|raw|ULT ktan's rating: 1496 &rarr; <strong>1484<\/strong><br \/>(-12 for losing)
|leave|MoB Barley
|player|p1
|c|âULT ktan|fuk
|c|âULT ktan|well
|c| BiG BiRD SQUAD|1648...
|c|âULT ktan|he was up there
|c| BiG BiRD SQUAD|damnnn
|c|âULT ktan|and hax
|c|âULT ktan|fuk
|c|âULT ktan|1 more
|c| BiG BiRD SQUAD|plz be safer lol