|join|MoB Barley
|join|ULT Bob
|player|p1|MoB Barley|161
|player|p2|ULT Bob|23
|gametype|singles
|gen|6
|tier|UU
|rated
|rule|Sleep Clause Mod: Limit one foe put to sleep
|rule|Species Clause: Limit one of each PokÃ©mon
|rule|OHKO Clause: OHKO moves are banned
|rule|Moody Clause: Moody is banned
|rule|Evasion Moves Clause: Evasion moves are banned
|rule|Endless Battle Clause: Forcing endless battles is banned
|rule|HP Percentage Mod: HP is shown in percentages
|clearpoke
|poke|p1|Entei, shiny
|poke|p1|Swampert, M
|poke|p1|Empoleon, M
|poke|p1|Chesnaught, M, shiny
|poke|p1|Nidoqueen, F
|poke|p1|Noivern, M, shiny
|poke|p2|Celebi
|poke|p2|Aggron, M, shiny
|poke|p2|Crobat, M, shiny
|poke|p2|Blissey, F, shiny
|poke|p2|Alomomola, F, shiny
|poke|p2|Krookodile, M, shiny
|rule|Swagger Clause: Swagger is banned
|rule|Baton Pass Clause: Limit one PokÃ©mon knowing Baton Pass
|teampreview
|
|start
|switch|p1a: Chesnaught|Chesnaught, M, shiny|380\/380
|switch|p2a: The Don|Krookodile, M, shiny|331\/331
|-ability|p2a: The Don|Intimidate|[of] p1a: Chesnaught
|-unboost|p1a: Chesnaught|atk|1
|turn|1
|
|switch|p2a: cabbage tinkerbell|Celebi|341\/341
|move|p1a: Chesnaught|Spikes|p2a: cabbage tinkerbell
|-sidestart|p2: ULT Bob|Spikes
|
|turn|2
|
|switch|p1a: Empoleon|Empoleon, M|372\/372
|move|p2a: cabbage tinkerbell|Swords Dance|p2a: cabbage tinkerbell
|-boost|p2a: cabbage tinkerbell|atk|2
|
|turn|3
|
|move|p2a: cabbage tinkerbell|Seed Bomb|p1a: Empoleon
|-damage|p1a: Empoleon|167\/372
|move|p1a: Empoleon|Roar|p2a: cabbage tinkerbell
|drag|p2a: The Don|Krookodile, M, shiny|331\/331
|-damage|p2a: The Don|290\/331|[from] Spikes
|-ability|p2a: The Don|Intimidate|[of] p1a: Empoleon
|-unboost|p1a: Empoleon|atk|1
|
|-heal|p1a: Empoleon|190\/372|[from] item: Leftovers
|turn|4
|join|uunubnub
|
|switch|p1a: Chesnaught|Chesnaught, M, shiny|380\/380
|move|p2a: The Don|Knock Off|p1a: Chesnaught
|-resisted|p1a: Chesnaught
|-damage|p1a: Chesnaught|303\/380
|-enditem|p1a: Chesnaught|Leftovers|[from] move: Knock Off|[of] p2a: The Don
|
|turn|5
|
|switch|p2a: bob the brobat|Crobat, M, shiny|325\/325
|switch|p1a: Empoleon|Empoleon, M|190\/372
|
|-heal|p1a: Empoleon|213\/372|[from] item: Leftovers
|turn|6
|
|switch|p2a: ugly fuck|Alomomola, F, shiny|534\/534
|-damage|p2a: ugly fuck|468\/534|[from] Spikes
|move|p1a: Empoleon|Scald|p2a: ugly fuck
|-resisted|p2a: ugly fuck
|-damage|p2a: ugly fuck|364\/534
|
|-heal|p1a: Empoleon|236\/372|[from] item: Leftovers
|turn|7
|
|move|p2a: ugly fuck|Knock Off|p1a: Empoleon
|-crit|p1a: Empoleon
|-damage|p1a: Empoleon|151\/372
|-enditem|p1a: Empoleon|Leftovers|[from] move: Knock Off|[of] p2a: ugly fuck
|move|p1a: Empoleon|Stealth Rock|p2a: ugly fuck
|-sidestart|p2: ULT Bob|move: Stealth Rock
|
|turn|8
|
|switch|p1a: Nidoqueen|Nidoqueen, F|373\/373
|move|p2a: ugly fuck|Wish|p2a: ugly fuck
|
|turn|9
|
|switch|p2a: Fattest fuck|Blissey, F, shiny|714\/714
|-damage|p2a: Fattest fuck|625\/714|[from] Spikes
|-damage|p2a: Fattest fuck|536\/714|[from] Stealth Rock
|move|p1a: Nidoqueen|Thunderbolt|p2a: Fattest fuck
|-damage|p2a: Fattest fuck|424\/714
|
|-heal|p2a: Fattest fuck|691\/714|[from] move: Wish|[wisher] ugly fuck
|-heal|p2a: Fattest fuck|714\/714|[from] item: Leftovers
|turn|10
|
|switch|p1a: Chesnaught|Chesnaught, M, shiny|303\/380
|move|p2a: Fattest fuck|Wish|p2a: Fattest fuck
|
|turn|11
|
|switch|p1a: Nidoqueen|Nidoqueen, F|373\/373
|switch|p2a: bob the brobat|Crobat, M, shiny|325\/325
|-damage|p2a: bob the brobat|244\/325|[from] Stealth Rock
|
|-heal|p2a: bob the brobat|325\/325|[from] move: Wish|[wisher] Fattest fuck
|turn|12
|join|Ill leave
|
|move|p2a: bob the brobat|Defog|p1a: Nidoqueen
|-unboost|p1a: Nidoqueen|evasion|1
|-sideend|p2: ULT Bob|Spikes|[from] move: Defog|[of] p2a: bob the brobat
|-sideend|p2: ULT Bob|Stealth Rock|[from] move: Defog|[of] p2a: bob the brobat
|move|p1a: Nidoqueen|Thunderbolt|p2a: bob the brobat
|-crit|p2a: bob the brobat
|-supereffective|p2a: bob the brobat
|-damage|p2a: bob the brobat|0 fnt
|faint|p2a: bob the brobat
|
|c|âULT Bob|oh
|
|switch|p2a: The Don|Krookodile, M, shiny|290\/331
|-ability|p2a: The Don|Intimidate|[of] p1a: Nidoqueen
|-unboost|p1a: Nidoqueen|atk|1
|turn|13
|c|âULT Bob|rip
|
|switch|p2a: cabbage tinkerbell|Celebi|341\/341
|switch|p1a: Chesnaught|Chesnaught, M, shiny|303\/380
|
|turn|14
|
|switch|p1a: Entei|Entei, shiny|371\/371
|-ability|p1a: Entei|Pressure
|move|p2a: cabbage tinkerbell|Zen Headbutt|p1a: Entei
|-damage|p1a: Entei|259\/371
|
|turn|15
|
|switch|p2a: ugly fuck|Alomomola, F, shiny|534\/534
|move|p1a: Entei|Sacred Fire|p2a: ugly fuck
|-resisted|p2a: ugly fuck
|-damage|p2a: ugly fuck|426\/534
|-status|p2a: ugly fuck|brn
|
|-damage|p2a: ugly fuck|360\/534 brn|[from] brn
|turn|16
|
|switch|p1a: Empoleon|Empoleon, M|151\/372
|move|p2a: ugly fuck|Toxic|p1a: Empoleon|[miss]
|-miss|p2a: ugly fuck|p1a: Empoleon
|
|-damage|p2a: ugly fuck|294\/534 brn|[from] brn
|turn|17
|
|switch|p2a: fat fuck|Aggron, M, shiny|344\/344
|move|p1a: Empoleon|Stealth Rock|p2a: fat fuck
|-sidestart|p2: ULT Bob|move: Stealth Rock
|
|turn|18
|
|detailschange|p2a: fat fuck|Aggron-Mega, M, shiny
|-mega|p2a: fat fuck|Aggron|Aggronite
|move|p1a: Empoleon|Scald|p2a: fat fuck
|-damage|p2a: fat fuck|251\/344
|move|p2a: fat fuck|Stealth Rock|p1a: Empoleon
|-sidestart|p1: MoB Barley|move: Stealth Rock
|
|turn|19
|
|switch|p2a: cabbage tinkerbell|Celebi|341\/341
|-damage|p2a: cabbage tinkerbell|299\/341|[from] Stealth Rock
|move|p1a: Empoleon|Scald|p2a: cabbage tinkerbell
|-resisted|p2a: cabbage tinkerbell
|-damage|p2a: cabbage tinkerbell|245\/341
|
|-heal|p2a: cabbage tinkerbell|266\/341|[from] item: Leftovers
|turn|20
|
|move|p2a: cabbage tinkerbell|Swords Dance|p2a: cabbage tinkerbell
|-boost|p2a: cabbage tinkerbell|atk|2
|move|p1a: Empoleon|Roar|p2a: cabbage tinkerbell
|drag|p2a: The Don|Krookodile, M, shiny|290\/331
|-damage|p2a: The Don|270\/331|[from] Stealth Rock
|-ability|p2a: The Don|Intimidate|[of] p1a: Empoleon
|-unboost|p1a: Empoleon|atk|1
|
|turn|21
|
|move|p2a: The Don|Pursuit|p1a: Empoleon
|-damage|p1a: Empoleon|37\/372
|move|p1a: Empoleon|Scald|p2a: The Don
|-supereffective|p2a: The Don
|-damage|p2a: The Don|0 fnt
|faint|p2a: The Don
|
|
|switch|p2a: cabbage tinkerbell|Celebi|266\/341
|-damage|p2a: cabbage tinkerbell|224\/341|[from] Stealth Rock
|turn|22
|
|move|p2a: cabbage tinkerbell|Seed Bomb|p1a: Empoleon
|-damage|p1a: Empoleon|0 fnt
|faint|p1a: Empoleon
|
|-heal|p2a: cabbage tinkerbell|245\/341|[from] item: Leftovers
|
|switch|p1a: Noivern|Noivern, M, shiny|311\/311
|-damage|p1a: Noivern|234\/311|[from] Stealth Rock
|turn|23
|
|switch|p2a: fat fuck|Aggron-Mega, M, shiny|251\/344
|-damage|p2a: fat fuck|230\/344|[from] Stealth Rock
|move|p1a: Noivern|Hurricane|p2a: fat fuck|[miss]
|-miss|p1a: Noivern|p2a: fat fuck
|
|turn|24
|
|move|p1a: Noivern|Flamethrower|p2a: fat fuck
|-supereffective|p2a: fat fuck
|-damage|p2a: fat fuck|92\/344
|-damage|p1a: Noivern|203\/311|[from] item: Life Orb
|move|p2a: fat fuck|Roar|p1a: Noivern
|drag|p1a: Swampert|Swampert, M|341\/341
|-damage|p1a: Swampert|320\/341|[from] Stealth Rock
|
|turn|25
|join|RayDalio
|
|switch|p2a: Fattest fuck|Blissey, F, shiny|714\/714
|-damage|p2a: Fattest fuck|625\/714|[from] Stealth Rock
|detailschange|p1a: Swampert|Swampert-Mega, M
|-mega|p1a: Swampert|Swampert|Swampertite
|move|p1a: Swampert|Earthquake|p2a: Fattest fuck
|-damage|p2a: Fattest fuck|250\/714
|
|-heal|p2a: Fattest fuck|294\/714|[from] item: Leftovers
|turn|26
|leave|RayDalio
|
|move|p2a: Fattest fuck|Protect|p2a: Fattest fuck
|-singleturn|p2a: Fattest fuck|Protect
|move|p1a: Swampert|Earthquake|p2a: Fattest fuck
|-activate|p2a: Fattest fuck|Protect
|
|-heal|p2a: Fattest fuck|338\/714|[from] item: Leftovers
|turn|27
|
|switch|p2a: fat fuck|Aggron-Mega, M, shiny|92\/344
|-damage|p2a: fat fuck|71\/344|[from] Stealth Rock
|move|p1a: Swampert|Earthquake|p2a: fat fuck
|-supereffective|p2a: fat fuck
|-damage|p2a: fat fuck|0 fnt
|faint|p2a: fat fuck
|
|
|switch|p2a: cabbage tinkerbell|Celebi|245\/341
|-damage|p2a: cabbage tinkerbell|203\/341|[from] Stealth Rock
|turn|28
|
|switch|p1a: Chesnaught|Chesnaught, M, shiny|303\/380
|-damage|p1a: Chesnaught|280\/380|[from] Stealth Rock
|move|p2a: cabbage tinkerbell|Seed Bomb|p1a: Chesnaught
|-immune|p1a: Chesnaught|[msg]|[from] Bulletproof
|
|-heal|p2a: cabbage tinkerbell|224\/341|[from] item: Leftovers
|turn|29
|
|move|p2a: cabbage tinkerbell|Swords Dance|p2a: cabbage tinkerbell
|-boost|p2a: cabbage tinkerbell|atk|2
|move|p1a: Chesnaught|Spikes|p2a: cabbage tinkerbell
|-sidestart|p2: ULT Bob|Spikes
|
|-heal|p2a: cabbage tinkerbell|245\/341|[from] item: Leftovers
|turn|30
|
|move|p2a: cabbage tinkerbell|Zen Headbutt|p1a: Chesnaught
|-crit|p1a: Chesnaught
|-supereffective|p1a: Chesnaught
|-damage|p1a: Chesnaught|0 fnt
|faint|p1a: Chesnaught
|
|-heal|p2a: cabbage tinkerbell|266\/341|[from] item: Leftovers
|
|switch|p1a: Noivern|Noivern, M, shiny|203\/311
|-damage|p1a: Noivern|126\/311|[from] Stealth Rock
|turn|31
|
|switch|p2a: ugly fuck|Alomomola, F, shiny|472\/534 brn
|-damage|p2a: ugly fuck|406\/534 brn|[from] Spikes
|-damage|p2a: ugly fuck|340\/534 brn|[from] Stealth Rock
|move|p1a: Noivern|Hurricane|p2a: ugly fuck
|-damage|p2a: ugly fuck|0 fnt
|-damage|p1a: Noivern|95\/311|[from] item: Life Orb
|faint|p2a: ugly fuck
|
|
|switch|p2a: Fattest fuck|Blissey, F, shiny|338\/714
|-damage|p2a: Fattest fuck|249\/714|[from] Spikes
|-damage|p2a: Fattest fuck|160\/714|[from] Stealth Rock
|turn|32
|
|move|p1a: Noivern|Roost|p1a: Noivern
|-heal|p1a: Noivern|251\/311
|move|p2a: Fattest fuck|Seismic Toss|p1a: Noivern
|-damage|p1a: Noivern|151\/311
|
|-heal|p2a: Fattest fuck|204\/714|[from] item: Leftovers
|turn|33
|
|switch|p1a: Entei|Entei, shiny|259\/371
|-damage|p1a: Entei|167\/371|[from] Stealth Rock
|-ability|p1a: Entei|Pressure
|move|p2a: Fattest fuck|Wish|p2a: Fattest fuck
|
|-heal|p2a: Fattest fuck|248\/714|[from] item: Leftovers
|turn|34
|
|move|p2a: Fattest fuck|Protect|p2a: Fattest fuck
|-singleturn|p2a: Fattest fuck|Protect
|move|p1a: Entei|Sacred Fire|p2a: Fattest fuck
|-activate|p2a: Fattest fuck|Protect
|
|-heal|p2a: Fattest fuck|605\/714|[from] move: Wish|[wisher] Fattest fuck
|-heal|p2a: Fattest fuck|649\/714|[from] item: Leftovers
|turn|35
|
|move|p1a: Entei|Sacred Fire|p2a: Fattest fuck
|-damage|p2a: Fattest fuck|192\/714
|move|p2a: Fattest fuck|Seismic Toss|p1a: Entei
|-damage|p1a: Entei|67\/371
|
|-heal|p2a: Fattest fuck|236\/714|[from] item: Leftovers
|turn|36
|
|move|p2a: Fattest fuck|Protect|p2a: Fattest fuck
|-singleturn|p2a: Fattest fuck|Protect
|move|p1a: Entei|Sacred Fire|p2a: Fattest fuck
|-activate|p2a: Fattest fuck|Protect
|
|-heal|p2a: Fattest fuck|280\/714|[from] item: Leftovers
|turn|37
|
|move|p1a: Entei|Sacred Fire|p2a: Fattest fuck
|-crit|p2a: Fattest fuck
|-damage|p2a: Fattest fuck|0 fnt
|faint|p2a: Fattest fuck
|
|
|switch|p2a: cabbage tinkerbell|Celebi|266\/341
|-damage|p2a: cabbage tinkerbell|224\/341|[from] Spikes
|-damage|p2a: cabbage tinkerbell|182\/341|[from] Stealth Rock
|turn|38
|
|move|p2a: cabbage tinkerbell|Zen Headbutt|p1a: Entei|[miss]
|-miss|p2a: cabbage tinkerbell|p1a: Entei
|move|p1a: Entei|Sacred Fire|p2a: cabbage tinkerbell
|-supereffective|p2a: cabbage tinkerbell
|-damage|p2a: cabbage tinkerbell|0 fnt
|faint|p2a: cabbage tinkerbell
|
|win|MoB Barley
|raw|Ladder updating...
|raw|MoB Barley's rating: 1507 &rarr; <strong>1532<\/strong><br \/>(+25 for winning)
|raw|ULT Bob's rating: 1604 &rarr; <strong>1579<\/strong><br \/>(-25 for losing)
|leave|MoB Barley
|leave|ULT Bob
|leave|uunubnub
|player|p1
|player|p2