|join|MoB Barley
|join|HiryuSan108
|player|p1|MoB Barley|161
|player|p2|HiryuSan108|148
|gametype|singles
|gen|6
|tier|UU
|rated
|rule|Sleep Clause Mod: Limit one foe put to sleep
|rule|Species Clause: Limit one of each PokÃ©mon
|rule|OHKO Clause: OHKO moves are banned
|rule|Moody Clause: Moody is banned
|rule|Evasion Moves Clause: Evasion moves are banned
|rule|Endless Battle Clause: Forcing endless battles is banned
|rule|HP Percentage Mod: HP is shown in percentages
|clearpoke
|poke|p1|Entei, shiny
|poke|p1|Ampharos, M
|poke|p1|Jirachi, shiny
|poke|p1|Roserade, F
|poke|p1|Starmie, shiny
|poke|p1|Granbull, M
|poke|p2|Slurpuff, M, shiny
|poke|p2|Forretress, M, shiny
|poke|p2|Absol, F
|poke|p2|Chandelure, M
|poke|p2|Galvantula, M, shiny
|poke|p2|Vaporeon, M
|rule|Swagger Clause: Swagger is banned
|rule|Baton Pass Clause: Limit one PokÃ©mon knowing Baton Pass
|teampreview
|
|start
|switch|p1a: Ampharos|Ampharos, M|371\/371
|switch|p2a: Giga-Brilliant|Galvantula, M, shiny|281\/281
|turn|1
|
|detailschange|p1a: Ampharos|Ampharos-Mega, M
|-mega|p1a: Ampharos|Ampharos|Ampharosite
|-ability|p1a: Ampharos|Mold Breaker
|move|p2a: Giga-Brilliant|Sticky Web|p1a: Ampharos
|-sidestart|p1: MoB Barley|move: Sticky Web
|move|p1a: Ampharos|Dragon Pulse|p2a: Giga-Brilliant
|-enditem|p2a: Giga-Brilliant|Focus Sash
|-damage|p2a: Giga-Brilliant|1\/281
|
|turn|2
|
|move|p2a: Giga-Brilliant|Bug Buzz|p1a: Ampharos
|-damage|p1a: Ampharos|253\/371
|move|p1a: Ampharos|Volt Switch|p2a: Giga-Brilliant
|-resisted|p2a: Giga-Brilliant
|-damage|p2a: Giga-Brilliant|0 fnt
|faint|p2a: Giga-Brilliant
|
|switch|p1a: Entei|Entei, shiny|371\/371
|-activate|p1a: Entei|move: Sticky Web
|-unboost|p1a: Entei|spe|1
|-ability|p1a: Entei|Pressure
|
|
|switch|p2a: Bubbles|Vaporeon, M|464\/464
|turn|3
|
|switch|p1a: Roserade|Roserade, F|323\/323
|-activate|p1a: Roserade|move: Sticky Web
|-unboost|p1a: Roserade|spe|1
|move|p2a: Bubbles|Acid Armor|p2a: Bubbles
|-boost|p2a: Bubbles|def|2
|
|turn|4
|
|move|p2a: Bubbles|Protect|p2a: Bubbles
|-singleturn|p2a: Bubbles|Protect
|move|p1a: Roserade|Spikes|p2a: Bubbles
|-sidestart|p2: HiryuSan108|Spikes
|
|turn|5
|
|move|p2a: Bubbles|Baton Pass|p2a: Bubbles
|
|switch|p2a: Raditz|Slurpuff, M, shiny|306\/306
|-damage|p2a: Raditz|268\/306|[from] Spikes
|move|p1a: Roserade|Giga Drain|p2a: Raditz
|-damage|p2a: Raditz|133\/306
|-enditem|p2a: Raditz|Sitrus Berry|[eat]
|-heal|p2a: Raditz|209\/306|[from] item: Sitrus Berry
|
|turn|6
|
|move|p2a: Raditz|Play Rough|p1a: Roserade
|-resisted|p1a: Roserade
|-damage|p1a: Roserade|245\/323
|move|p1a: Roserade|Sludge Bomb|p2a: Raditz
|-supereffective|p2a: Raditz
|-damage|p2a: Raditz|0 fnt
|faint|p2a: Raditz
|
|-heal|p1a: Roserade|265\/323|[from] item: Black Sludge
|c|âMoB Barley|special beam cannnon
|c|âHiryuSan108|And now I am the dead...
|
|switch|p2a: Inferno|Chandelure, M|261\/261
|-damage|p2a: Inferno|229\/261|[from] Spikes
|turn|7
|c|âHiryuSan108|*Dies*
|
|switch|p1a: Ampharos|Ampharos-Mega, M|253\/371
|-activate|p1a: Ampharos|move: Sticky Web
|-unboost|p1a: Ampharos|spe|1
|-ability|p1a: Ampharos|Mold Breaker
|move|p2a: Inferno|Shadow Ball|p1a: Ampharos
|-damage|p1a: Ampharos|102\/371
|-unboost|p1a: Ampharos|spd|1
|
|turn|8
|c|âHiryuSan108|DOOOOOOOOOOOOOOOOOOOOOODGE!!!
|join|RayDalio
|c|âHiryuSan108|I'm going to throw another attack at you...
|
|move|p2a: Inferno|Shadow Ball|p1a: Ampharos
|-damage|p1a: Ampharos|0 fnt
|faint|p1a: Ampharos
|
|c|âHiryuSan108|...Why?
|c|âHiryuSan108|...Didn't...
|c|âHiryuSan108|...You...
|
|switch|p1a: Granbull|Granbull, M|384\/384
|-activate|p1a: Granbull|move: Sticky Web
|-unboost|p1a: Granbull|spe|1
|-ability|p1a: Granbull|Intimidate|[of] p2a: Inferno
|-unboost|p2a: Inferno|atk|1
|turn|9
|c|âHiryuSan108|...DOOOOOOOOOOOOOOOOOOOOOOOOOOOOOOOOOOODGE!?!?!?!?
|join|bloons4dayz
|
|switch|p2a: Bubbles|Vaporeon, M|464\/464
|-damage|p2a: Bubbles|406\/464|[from] Spikes
|move|p1a: Granbull|Thunder Wave|p2a: Bubbles
|-status|p2a: Bubbles|par
|
|-heal|p2a: Bubbles|435\/464 par|[from] item: Leftovers
|turn|10
|
|switch|p1a: Jirachi|Jirachi, shiny|404\/404
|-activate|p1a: Jirachi|move: Sticky Web
|-unboost|p1a: Jirachi|spe|1
|move|p2a: Bubbles|Scald|p1a: Jirachi
|-damage|p1a: Jirachi|325\/404
|
|-heal|p1a: Jirachi|350\/404|[from] item: Leftovers
|-heal|p2a: Bubbles|464\/464 par|[from] item: Leftovers
|turn|11
|
|move|p1a: Jirachi|Stealth Rock|p2a: Bubbles
|-sidestart|p2: HiryuSan108|move: Stealth Rock
|move|p2a: Bubbles|Scald|p1a: Jirachi
|-damage|p1a: Jirachi|275\/404
|
|-heal|p1a: Jirachi|300\/404|[from] item: Leftovers
|turn|12
|
|move|p1a: Jirachi|U-turn|p2a: Bubbles
|-damage|p2a: Bubbles|383\/464 par
|
|switch|p1a: Roserade|Roserade, F|265\/323
|-activate|p1a: Roserade|move: Sticky Web
|-unboost|p1a: Roserade|spe|1
|move|p2a: Bubbles|Scald|p1a: Roserade
|-resisted|p1a: Roserade
|-damage|p1a: Roserade|227\/323
|
|-heal|p1a: Roserade|247\/323|[from] item: Black Sludge
|-heal|p2a: Bubbles|412\/464 par|[from] item: Leftovers
|turn|13
|c|âHiryuSan108|...Got any better Baton Passers?
|c|âHiryuSan108|I need to have an idea of what I want to use to shift into Slurpuff...
|join|spongebob x3
|leave|RayDalio
|c|âHiryuSan108|I feel that I really lack a way to deal with Special Attackers, but if I go for Special Defense, I give up Physical Defense...
|
|switch|p1a: Starmie|Starmie, shiny|324\/324
|-activate|p1a: Starmie|move: Sticky Web
|-unboost|p1a: Starmie|spe|1
|cant|p2a: Bubbles|par
|
|-heal|p2a: Bubbles|441\/464 par|[from] item: Leftovers
|turn|14
|c|âHiryuSan108|Oh, yeah! Forgot to make a move!
|
|switch|p2a: Inferno|Chandelure, M|229\/261
|-damage|p2a: Inferno|164\/261|[from] Stealth Rock
|-damage|p2a: Inferno|132\/261|[from] Spikes
|move|p1a: Starmie|Rapid Spin|p2a: Inferno
|-immune|p2a: Inferno|[msg]
|
|turn|15
|
|switch|p1a: Roserade|Roserade, F|247\/323
|-activate|p1a: Roserade|move: Sticky Web
|-unboost|p1a: Roserade|spe|1
|move|p2a: Inferno|Shadow Ball|p1a: Roserade
|-damage|p1a: Roserade|121\/323
|
|-heal|p1a: Roserade|141\/323|[from] item: Black Sludge
|turn|16
|
|move|p2a: Inferno|Shadow Ball|p1a: Roserade
|-damage|p1a: Roserade|11\/323
|move|p1a: Roserade|Synthesis|p1a: Roserade
|-heal|p1a: Roserade|172\/323
|
|-heal|p1a: Roserade|192\/323|[from] item: Black Sludge
|turn|17
|
|move|p2a: Inferno|Shadow Ball|p1a: Roserade
|-damage|p1a: Roserade|68\/323
|move|p1a: Roserade|Giga Drain|p2a: Inferno
|-crit|p2a: Inferno
|-resisted|p2a: Inferno
|-damage|p2a: Inferno|37\/261
|-heal|p1a: Roserade|116\/323|[from] drain|[of] p2a: Inferno
|
|-heal|p1a: Roserade|136\/323|[from] item: Black Sludge
|turn|18
|
|move|p2a: Inferno|Shadow Ball|p1a: Roserade
|-damage|p1a: Roserade|9\/323
|move|p1a: Roserade|Giga Drain|p2a: Inferno
|-resisted|p2a: Inferno
|-damage|p2a: Inferno|0 fnt
|-heal|p1a: Roserade|28\/323|[from] drain|[of] p2a: Inferno
|faint|p2a: Inferno
|
|-heal|p1a: Roserade|48\/323|[from] item: Black Sludge
|
|switch|p2a: Saki|Absol, F|271\/271
|-damage|p2a: Saki|238\/271|[from] Spikes
|-damage|p2a: Saki|205\/271|[from] Stealth Rock
|turn|19
|
|switch|p1a: Granbull|Granbull, M|384\/384
|-activate|p1a: Granbull|move: Sticky Web
|-unboost|p1a: Granbull|spe|1
|-ability|p1a: Granbull|Intimidate|[of] p2a: Saki
|-unboost|p2a: Saki|atk|1
|detailschange|p2a: Saki|Absol-Mega, F
|-mega|p2a: Saki|Absol|Absolite
|move|p2a: Saki|Psycho Cut|p1a: Granbull
|-damage|p1a: Granbull|311\/384
|
|-heal|p1a: Granbull|335\/384|[from] item: Leftovers
|turn|20
|
|switch|p1a: Entei|Entei, shiny|371\/371
|-activate|p1a: Entei|move: Sticky Web
|-unboost|p1a: Entei|spe|1
|-ability|p1a: Entei|Pressure
|move|p2a: Saki|Play Rough|p1a: Entei
|-resisted|p1a: Entei
|-damage|p1a: Entei|322\/371
|
|turn|21
|
|switch|p2a: Bubbles|Vaporeon, M|441\/464 par
|-damage|p2a: Bubbles|383\/464 par|[from] Stealth Rock
|-damage|p2a: Bubbles|325\/464 par|[from] Spikes
|move|p1a: Entei|Flare Blitz|p2a: Bubbles
|-resisted|p2a: Bubbles
|-damage|p2a: Bubbles|70\/464 par
|-damage|p1a: Entei|238\/371|[from] recoil|[of] p2a: Bubbles
|
|-heal|p2a: Bubbles|99\/464 par|[from] item: Leftovers
|turn|22
|
|move|p1a: Entei|Flare Blitz|p2a: Bubbles
|-resisted|p2a: Bubbles
|-damage|p2a: Bubbles|0 fnt
|-damage|p1a: Entei|205\/371|[from] recoil|[of] p2a: Bubbles
|faint|p2a: Bubbles
|
|
|switch|p2a: Saki|Absol-Mega, F|205\/271
|-damage|p2a: Saki|172\/271|[from] Stealth Rock
|-damage|p2a: Saki|139\/271|[from] Spikes
|turn|23
|
|switch|p1a: Granbull|Granbull, M|335\/384
|-activate|p1a: Granbull|move: Sticky Web
|-unboost|p1a: Granbull|spe|1
|-ability|p1a: Granbull|Intimidate|[of] p2a: Saki
|-unboost|p2a: Saki|atk|1
|move|p2a: Saki|Night Slash|p1a: Granbull
|-resisted|p1a: Granbull
|-damage|p1a: Granbull|275\/384
|
|-heal|p1a: Granbull|299\/384|[from] item: Leftovers
|turn|24
|c|âMoB Barley|use knock off
|leave|bloons4dayz
|
|move|p2a: Saki|Play Rough|p1a: Granbull
|-damage|p1a: Granbull|192\/384
|move|p1a: Granbull|Earthquake|p2a: Saki
|-damage|p2a: Saki|0 fnt
|faint|p2a: Saki
|
|-heal|p1a: Granbull|216\/384|[from] item: Leftovers
|join|gyarad0site
|c|âHiryuSan108|Maybe I should use Espeon instead and give my Mega Slot to something else?
|
|switch|p2a: Goldd|Forretress, M, shiny|291\/291
|-damage|p2a: Goldd|255\/291|[from] Stealth Rock
|-damage|p2a: Goldd|219\/291|[from] Spikes
|turn|25
|
|switch|p1a: Entei|Entei, shiny|205\/371
|-activate|p1a: Entei|move: Sticky Web
|-unboost|p1a: Entei|spe|1
|-ability|p1a: Entei|Pressure
|move|p2a: Goldd|Rapid Spin|p1a: Entei
|-damage|p1a: Entei|191\/371
|-sideend|p2: HiryuSan108|Spikes|[from] move: Rapid Spin|[of] p2a: Goldd
|-sideend|p2: HiryuSan108|Stealth Rock|[from] move: Rapid Spin|[of] p2a: Goldd
|
|-heal|p2a: Goldd|237\/291|[from] item: Leftovers
|turn|26
|
|move|p1a: Entei|Flare Blitz|p2a: Goldd
|-supereffective|p2a: Goldd
|-damage|p2a: Goldd|0 fnt
|-damage|p1a: Entei|113\/371|[from] recoil|[of] p2a: Goldd
|faint|p2a: Goldd
|
|win|MoB Barley
|raw|Ladder updating...
|raw|MoB Barley's rating: 1600 &rarr; <strong>1608<\/strong><br \/>(+8 for winning)
|raw|HiryuSan108's rating: 1335 &rarr; <strong>1328<\/strong><br \/>(-7 for losing)