|join|Julie3
|join|MoB Barley
|player|p1|Julie3|170
|player|p2|MoB Barley|161
|gametype|singles
|gen|6
|tier|UU
|rated
|rule|Sleep Clause Mod: Limit one foe put to sleep
|rule|Species Clause: Limit one of each PokÃ©mon
|rule|OHKO Clause: OHKO moves are banned
|rule|Moody Clause: Moody is banned
|rule|Evasion Moves Clause: Evasion moves are banned
|rule|Endless Battle Clause: Forcing endless battles is banned
|rule|HP Percentage Mod: HP is shown in percentages
|clearpoke
|poke|p1|Milotic, F
|poke|p1|Celebi
|poke|p1|Arcanine, M
|poke|p1|Pidgeot, F
|poke|p1|Cobalion
|poke|p1|Espeon, F
|poke|p2|Medicham, M, shiny
|poke|p2|Krookodile, M
|poke|p2|Chandelure, M
|poke|p2|Nidoqueen, F
|poke|p2|Starmie
|poke|p2|Slurpuff, M
|rule|Swagger Clause: Swagger is banned
|rule|Baton Pass Clause: Limit one PokÃ©mon knowing Baton Pass
|teampreview
|join|fix the ladder
|
|start
|switch|p1a: Arcanine|Arcanine, M|384\/384
|switch|p2a: Medicham|Medicham, M, shiny|261\/261
|-ability|p1a: Arcanine|Intimidate|[of] p2a: Medicham
|-unboost|p2a: Medicham|atk|1
|turn|1
|
|detailschange|p2a: Medicham|Medicham-Mega, M, shiny
|-mega|p2a: Medicham|Medicham|Medichamite
|move|p2a: Medicham|Fake Out|p1a: Arcanine
|-damage|p1a: Arcanine|326\/384
|cant|p1a: Arcanine|flinch
|
|-heal|p1a: Arcanine|350\/384|[from] item: Leftovers
|turn|2
|
|switch|p2a: Chandelure|Chandelure, M|261\/261
|move|p1a: Arcanine|Flare Blitz|p2a: Chandelure
|-start|p2a: Chandelure|ability: Flash Fire
|
|-heal|p1a: Arcanine|374\/384|[from] item: Leftovers
|turn|3
|
|switch|p1a: Milotic|Milotic, F|393\/393
|move|p2a: Chandelure|Substitute|p2a: Chandelure
|-start|p2a: Chandelure|Substitute
|-damage|p2a: Chandelure|196\/261
|
|turn|4
|
|move|p2a: Chandelure|Fire Blast|p1a: Milotic
|-resisted|p1a: Milotic
|-damage|p1a: Milotic|237\/393
|-damage|p2a: Chandelure|170\/261|[from] item: Life Orb
|move|p1a: Milotic|Scald|p2a: Chandelure
|-supereffective|p2a: Chandelure
|-end|p2a: Chandelure|Substitute
|
|-heal|p1a: Milotic|261\/393|[from] item: Leftovers
|turn|5
|join|Khaliem
|
|switch|p2a: Starmie|Starmie|261\/261
|move|p1a: Milotic|Recover|p1a: Milotic
|-heal|p1a: Milotic|393\/393
|
|turn|6
|
|switch|p1a: Celebi|Celebi|341\/341
|move|p2a: Starmie|Psyshock|p1a: Celebi
|-resisted|p1a: Celebi
|-damage|p1a: Celebi|241\/341
|-damage|p2a: Starmie|235\/261|[from] item: Life Orb
|
|turn|7
|
|move|p2a: Starmie|Ice Beam|p1a: Celebi
|-supereffective|p1a: Celebi
|-damage|p1a: Celebi|25\/341
|-damage|p2a: Starmie|209\/261|[from] item: Life Orb
|move|p1a: Celebi|U-turn|p2a: Starmie
|-supereffective|p2a: Starmie
|-damage|p2a: Starmie|0 fnt
|faint|p2a: Starmie
|join|Hariyana Grande
|
|switch|p1a: Pidgeot|Pidgeot, F|307\/307
|
|
|switch|p2a: Krookodile|Krookodile, M|331\/331
|-ability|p2a: Krookodile|Intimidate|[of] p1a: Pidgeot
|-unboost|p1a: Pidgeot|atk|1
|turn|8
|
|detailschange|p1a: Pidgeot|Pidgeot-Mega, F
|-mega|p1a: Pidgeot|Pidgeot|Pidgeotite
|move|p1a: Pidgeot|Hurricane|p2a: Krookodile
|-damage|p2a: Krookodile|39\/331
|move|p2a: Krookodile|Stone Edge|p1a: Pidgeot
|-supereffective|p1a: Pidgeot
|-damage|p1a: Pidgeot|0 fnt
|faint|p1a: Pidgeot
|
|
|switch|p1a: Cobalion|Cobalion|323\/323
|turn|9
|
|switch|p2a: Chandelure|Chandelure, M|170\/261
|move|p1a: Cobalion|Iron Head|p2a: Chandelure
|-resisted|p2a: Chandelure
|-damage|p2a: Chandelure|113\/261
|
|turn|10
|
|move|p1a: Cobalion|Stone Edge|p2a: Chandelure|[miss]
|-miss|p1a: Cobalion|p2a: Chandelure
|move|p2a: Chandelure|Pain Split|p1a: Cobalion
|-sethp|p1a: Cobalion|218\/323|p2a: Chandelure|218\/261|[from] move: Pain Split
|
|-heal|p1a: Cobalion|238\/323|[from] item: Leftovers
|turn|11
|c| Hariyana Grande|lol
|
|switch|p2a: Krookodile|Krookodile, M|39\/331
|-ability|p2a: Krookodile|Intimidate|[of] p1a: Cobalion
|-unboost|p1a: Cobalion|atk|1
|move|p1a: Cobalion|Stone Edge|p2a: Krookodile
|-resisted|p2a: Krookodile
|-damage|p2a: Krookodile|4\/331
|
|-heal|p1a: Cobalion|258\/323|[from] item: Leftovers
|turn|12
|
|move|p1a: Cobalion|Iron Head|p2a: Krookodile
|-damage|p2a: Krookodile|0 fnt
|faint|p2a: Krookodile
|
|-heal|p1a: Cobalion|278\/323|[from] item: Leftovers
|
|switch|p2a: Nidoqueen|Nidoqueen, F|373\/373
|turn|13
|
|switch|p1a: Celebi|Celebi|25\/341
|move|p2a: Nidoqueen|Earth Power|p1a: Celebi
|-resisted|p1a: Celebi
|-damage|p1a: Celebi|0 fnt
|faint|p1a: Celebi
|
|
|switch|p1a: Milotic|Milotic, F|393\/393
|turn|14
|
|move|p1a: Milotic|Scald|p2a: Nidoqueen
|-supereffective|p2a: Nidoqueen
|-damage|p2a: Nidoqueen|173\/373
|move|p2a: Nidoqueen|Stealth Rock|p1a: Milotic
|-sidestart|p1: Julie3|move: Stealth Rock
|
|turn|15
|
|move|p2a: Nidoqueen|Thunderbolt|p1a: Milotic
|-supereffective|p1a: Milotic
|-damage|p1a: Milotic|219\/393
|move|p1a: Milotic|Scald|p2a: Nidoqueen
|-supereffective|p2a: Nidoqueen
|-damage|p2a: Nidoqueen|0 fnt
|faint|p2a: Nidoqueen
|
|-heal|p1a: Milotic|243\/393|[from] item: Leftovers
|
|switch|p2a: Medicham|Medicham-Mega, M, shiny|261\/261
|turn|16
|
|move|p2a: Medicham|High Jump Kick|p1a: Milotic
|-damage|p1a: Milotic|0 fnt
|faint|p1a: Milotic
|
|
|switch|p1a: Espeon|Espeon, F|271\/271
|-damage|p1a: Espeon|238\/271|[from] Stealth Rock
|turn|17
|
|move|p1a: Espeon|Psychic|p2a: Medicham
|-damage|p2a: Medicham|65\/261
|move|p2a: Medicham|High Jump Kick|p1a: Espeon
|-resisted|p1a: Espeon
|-damage|p1a: Espeon|0 fnt
|faint|p1a: Espeon
|
|
|switch|p1a: Cobalion|Cobalion|278\/323
|-damage|p1a: Cobalion|268\/323|[from] Stealth Rock
|turn|18
|join|MonoConvergence
|
|move|p1a: Cobalion|Iron Head|p2a: Medicham
|-damage|p2a: Medicham|0 fnt
|faint|p2a: Medicham
|
|-heal|p1a: Cobalion|288\/323|[from] item: Leftovers
|
|switch|p2a: Chandelure|Chandelure, M|218\/261
|turn|19
|
|move|p1a: Cobalion|Stone Edge|p2a: Chandelure
|-supereffective|p2a: Chandelure
|-damage|p2a: Chandelure|30\/261
|move|p2a: Chandelure|Fire Blast|p1a: Cobalion
|-supereffective|p1a: Cobalion
|-damage|p1a: Cobalion|0 fnt
|-damage|p2a: Chandelure|4\/261|[from] item: Life Orb
|faint|p1a: Cobalion
|
|
|switch|p1a: Arcanine|Arcanine, M|374\/384
|-damage|p1a: Arcanine|278\/384|[from] Stealth Rock
|-ability|p1a: Arcanine|Intimidate|[of] p2a: Chandelure
|-unboost|p2a: Chandelure|atk|1
|turn|20
|
|move|p2a: Chandelure|Pain Split|p1a: Arcanine
|-sethp|p1a: Arcanine|141\/384|p2a: Chandelure|141\/261|[from] move: Pain Split
|move|p1a: Arcanine|Morning Sun|p1a: Arcanine
|-heal|p1a: Arcanine|333\/384
|
|-heal|p1a: Arcanine|357\/384|[from] item: Leftovers
|turn|21
|-message|Julie3 forfeited.
|
|win|MoB Barley
|raw|Ladder updating...
|leave|Julie3
|player|p1
|raw|Julie3's rating: 1540 &rarr; <strong>1523<\/strong><br \/>(-17 for losing)
|raw|MoB Barley's rating: 1588 &rarr; <strong>1605<\/strong><br \/>(+17 for winning)
|leave|MoB Barley
|leave|Hariyana Grande
|player|p2
|leave|MonoConvergence