|join|Snowballin
|join|MoB Barley
|player|p1|Snowballin|237
|player|p2|MoB Barley|161
|gametype|singles
|gen|6
|tier|UU
|rated
|rule|Sleep Clause Mod: Limit one foe put to sleep
|rule|Species Clause: Limit one of each PokÃ©mon
|rule|OHKO Clause: OHKO moves are banned
|rule|Moody Clause: Moody is banned
|rule|Evasion Moves Clause: Evasion moves are banned
|rule|Endless Battle Clause: Forcing endless battles is banned
|rule|HP Percentage Mod: HP is shown in percentages
|clearpoke
|poke|p1|Abomasnow, F
|poke|p1|Entei, shiny
|poke|p1|Forretress, F
|poke|p1|Florges, F
|poke|p1|Doublade, M
|poke|p1|Suicune
|poke|p2|Medicham, M, shiny
|poke|p2|Krookodile, M
|poke|p2|Chandelure, M
|poke|p2|Nidoqueen, F
|poke|p2|Starmie
|poke|p2|Slurpuff, M
|rule|Swagger Clause: Swagger is banned
|rule|Baton Pass Clause: Limit one PokÃ©mon knowing Baton Pass
|teampreview
|join|Blind Arrow293
|
|start
|switch|p1a: Obamasnow|Abomasnow, F|373\/373
|switch|p2a: Chandelure|Chandelure, M|261\/261
|turn|1
|
|switch|p1a: Suicune|Suicune|404\/404
|-ability|p1a: Suicune|Pressure
|move|p2a: Chandelure|Substitute|p2a: Chandelure
|-start|p2a: Chandelure|Substitute
|-damage|p2a: Chandelure|196\/261
|
|turn|2
|
|move|p2a: Chandelure|Shadow Ball|p1a: Suicune
|-damage|p1a: Suicune|209\/404
|-damage|p2a: Chandelure|170\/261|[from] item: Life Orb
|move|p1a: Suicune|Scald|p2a: Chandelure
|-supereffective|p2a: Chandelure
|-end|p2a: Chandelure|Substitute
|
|-heal|p1a: Suicune|234\/404|[from] item: Leftovers
|turn|3
|
|switch|p2a: Nidoqueen|Nidoqueen, F|373\/373
|switch|p1a: Obamasnow|Abomasnow, F|373\/373
|
|turn|4
|
|detailschange|p1a: Obamasnow|Abomasnow-Mega, F
|-mega|p1a: Obamasnow|Abomasnow|Abomasite
|-weather|Hail
|move|p2a: Nidoqueen|Stealth Rock|p1a: Obamasnow
|-sidestart|p1: Snowballin|move: Stealth Rock
|move|p1a: Obamasnow|Blizzard|p2a: Nidoqueen
|-supereffective|p2a: Nidoqueen
|-damage|p2a: Nidoqueen|0 fnt
|faint|p2a: Nidoqueen
|
|-weather|Hail|[upkeep]
|
|switch|p2a: Chandelure|Chandelure, M|170\/261
|turn|5
|
|move|p2a: Chandelure|Fire Blast|p1a: Obamasnow
|-supereffective|p1a: Obamasnow
|-damage|p1a: Obamasnow|0 fnt
|-damage|p2a: Chandelure|144\/261|[from] item: Life Orb
|faint|p1a: Obamasnow
|
|-weather|Hail|[upkeep]
|-damage|p2a: Chandelure|128\/261|[from] hail
|
|switch|p1a: Doublade|Doublade, M|321\/321
|-damage|p1a: Doublade|301\/321|[from] Stealth Rock
|turn|6
|
|switch|p2a: Krookodile|Krookodile, M|331\/331
|-ability|p2a: Krookodile|Intimidate|[of] p1a: Doublade
|-unboost|p1a: Doublade|atk|1
|move|p1a: Doublade|Shadow Sneak|p2a: Krookodile
|-resisted|p2a: Krookodile
|-damage|p2a: Krookodile|304\/331
|
|-weather|Hail|[upkeep]
|-damage|p2a: Krookodile|284\/331|[from] hail
|-damage|p1a: Doublade|281\/321|[from] hail
|turn|7
|
|switch|p1a: Suicune|Suicune|234\/404
|-damage|p1a: Suicune|184\/404|[from] Stealth Rock
|-ability|p1a: Suicune|Pressure
|move|p2a: Krookodile|Earthquake|p1a: Suicune
|-damage|p1a: Suicune|0 fnt
|faint|p1a: Suicune
|
|-weather|Hail|[upkeep]
|-damage|p2a: Krookodile|264\/331|[from] hail
|
|switch|p1a: Forretress|Forretress, F|354\/354
|-damage|p1a: Forretress|310\/354|[from] Stealth Rock
|turn|8
|c| Blind Arrow293|this game is moving fast
|
|switch|p2a: Chandelure|Chandelure, M|128\/261
|move|p1a: Forretress|Gyro Ball|p2a: Chandelure
|-resisted|p2a: Chandelure
|-damage|p2a: Chandelure|76\/261
|
|-weather|none
|-heal|p1a: Forretress|332\/354|[from] item: Leftovers
|turn|9
|
|switch|p1a: Florges|Florges, F|360\/360
|-damage|p1a: Florges|315\/360|[from] Stealth Rock
|move|p2a: Chandelure|Substitute|p2a: Chandelure
|-start|p2a: Chandelure|Substitute
|-damage|p2a: Chandelure|11\/261
|
|-heal|p1a: Florges|337\/360|[from] item: Leftovers
|turn|10
|
|move|p2a: Chandelure|Pain Split|p1a: Florges
|-sethp|p1a: Florges|174\/360|p2a: Chandelure|174\/261|[from] move: Pain Split
|move|p1a: Florges|Moonblast|p2a: Chandelure
|-resisted|p2a: Chandelure
|-end|p2a: Chandelure|Substitute
|
|-heal|p1a: Florges|196\/360|[from] item: Leftovers
|turn|11
|
|move|p2a: Chandelure|Fire Blast|p1a: Florges
|-damage|p1a: Florges|0 fnt
|-damage|p2a: Chandelure|148\/261|[from] item: Life Orb
|faint|p1a: Florges
|
|
|switch|p1a: Doublade|Doublade, M|281\/321
|-damage|p1a: Doublade|261\/321|[from] Stealth Rock
|turn|12
|c| Blind Arrow293|chandelure is op lol
|
|move|p1a: Doublade|Shadow Sneak|p2a: Chandelure
|-supereffective|p2a: Chandelure
|-damage|p2a: Chandelure|8\/261
|move|p2a: Chandelure|Shadow Ball|p1a: Doublade
|-supereffective|p1a: Doublade
|-damage|p1a: Doublade|0 fnt
|-damage|p2a: Chandelure|0 fnt|[from] item: Life Orb
|faint|p1a: Doublade
|faint|p2a: Chandelure
|
|
|switch|p2a: Medicham|Medicham, M, shiny|261\/261
|switch|p1a: Forretress|Forretress, F|332\/354
|-damage|p1a: Forretress|288\/354|[from] Stealth Rock
|turn|13
|c|âSnowballin|that's gam
|c|âSnowballin|e
|c|âSnowballin|gg
|
|detailschange|p2a: Medicham|Medicham-Mega, M, shiny
|-mega|p2a: Medicham|Medicham|Medichamite
|move|p2a: Medicham|High Jump Kick|p1a: Forretress
|-damage|p1a: Forretress|6\/354
|move|p1a: Forretress|Gyro Ball|p2a: Medicham
|-damage|p2a: Medicham|126\/261
|
|-heal|p1a: Forretress|28\/354|[from] item: Leftovers
|turn|14
|join|Yuttt.TRUE POWER
|c| Yuttt.TRUE POWER|REVEAL
|c| Yuttt.TRUE POWER|METAGAME SECRETS
|
|move|p2a: Medicham|Ice Punch|p1a: Forretress
|-resisted|p1a: Forretress
|-damage|p1a: Forretress|0 fnt
|faint|p1a: Forretress
|
|
|switch|p1a: Entei|Entei, shiny|371\/371
|-damage|p1a: Entei|279\/371|[from] Stealth Rock
|-ability|p1a: Entei|Pressure
|turn|15
|
|move|p1a: Entei|Extreme Speed|p2a: Medicham
|-damage|p2a: Medicham|0 fnt
|faint|p2a: Medicham
|
|c| Blind Arrow293|what?
|
|switch|p2a: Krookodile|Krookodile, M|264\/331
|-ability|p2a: Krookodile|Intimidate|[of] p1a: Entei
|-unboost|p1a: Entei|atk|1
|turn|16
|c| Blind Arrow293|hey guys question
|
|move|p1a: Entei|Extreme Speed|p2a: Krookodile
|-damage|p2a: Krookodile|150\/331
|move|p2a: Krookodile|Earthquake|p1a: Entei
|-supereffective|p1a: Entei
|-damage|p1a: Entei|0 fnt
|faint|p1a: Entei
|
|win|MoB Barley
|raw|Ladder updating...
|raw|Snowballin's rating: 1489 &rarr; <strong>1476<\/strong><br \/>(-13 for losing)
|raw|MoB Barley's rating: 1605 &rarr; <strong>1619<\/strong><br \/>(+14 for winning)
|c| Blind Arrow293|if i uploaded a video where can i view it
|leave|MoB Barley
|player|p2
|c|âSnowballin|on which site