|join|MoB Barley
|join|scentre
|player|p1|MoB Barley|161
|player|p2|scentre|102
|gametype|singles
|gen|6
|tier|UU
|rated
|rule|Sleep Clause Mod: Limit one foe put to sleep
|rule|Species Clause: Limit one of each PokÃ©mon
|rule|OHKO Clause: OHKO moves are banned
|rule|Moody Clause: Moody is banned
|rule|Evasion Moves Clause: Evasion moves are banned
|rule|Endless Battle Clause: Forcing endless battles is banned
|rule|HP Percentage Mod: HP is shown in percentages
|clearpoke
|poke|p1|Pangoro, M
|poke|p1|Yanmega, M
|poke|p1|Nidoqueen, F
|poke|p1|Entei, shiny
|poke|p1|Flygon, M, shiny
|poke|p1|Pidgeot, M
|poke|p2|Rotom-Heat
|poke|p2|Beedrill, M
|poke|p2|Milotic, M
|poke|p2|Empoleon, M
|poke|p2|Toxicroak, M
|poke|p2|Cobalion
|rule|Swagger Clause: Swagger is banned
|rule|Baton Pass Clause: Limit one PokÃ©mon knowing Baton Pass
|teampreview
|
|start
|switch|p1a: Yanmega|Yanmega, M|313\/313
|switch|p2a: Empoleon|Empoleon, M|309\/309
|turn|1
|
|move|p1a: Yanmega|Bug Buzz|p2a: Empoleon
|-resisted|p2a: Empoleon
|-damage|p2a: Empoleon|87\/309
|move|p2a: Empoleon|Stealth Rock|p1a: Yanmega
|-sidestart|p1: MoB Barley|move: Stealth Rock
|
|-heal|p2a: Empoleon|106\/309|[from] item: Leftovers
|turn|2
|join|Demandred
|
|switch|p2a: Milotic|Milotic, M|394\/394
|move|p1a: Yanmega|Bug Buzz|p2a: Milotic
|-damage|p2a: Milotic|219\/394
|
|-heal|p2a: Milotic|243\/394|[from] item: Leftovers
|turn|3
|
|switch|p1a: Flygon|Flygon, M, shiny|301\/301
|-damage|p1a: Flygon|283\/301|[from] Stealth Rock
|move|p2a: Milotic|Recover|p2a: Milotic
|-heal|p2a: Milotic|394\/394
|
|-heal|p1a: Flygon|301\/301|[from] item: Leftovers
|turn|4
|
|move|p1a: Flygon|Defog|p2a: Milotic
|-unboost|p2a: Milotic|evasion|1
|-boost|p2a: Milotic|spa|2|[from] ability: Competitive
|-sideend|p1: MoB Barley|Stealth Rock|[from] move: Defog|[of] p1a: Flygon
|move|p2a: Milotic|Scald|p1a: Flygon
|-damage|p1a: Flygon|87\/301
|
|-heal|p1a: Flygon|105\/301|[from] item: Leftovers
|turn|5
|
|move|p1a: Flygon|Earthquake|p2a: Milotic
|-damage|p2a: Milotic|237\/394
|move|p2a: Milotic|Scald|p1a: Flygon
|-damage|p1a: Flygon|0 fnt
|faint|p1a: Flygon
|
|-heal|p2a: Milotic|261\/394|[from] item: Leftovers
|
|switch|p1a: Pangoro|Pangoro, M|351\/351
|turn|6
|
|move|p1a: Pangoro|Knock Off|p2a: Milotic
|-damage|p2a: Milotic|72\/394
|-enditem|p2a: Milotic|Leftovers|[from] move: Knock Off|[of] p1a: Pangoro
|move|p2a: Milotic|Recover|p2a: Milotic
|-heal|p2a: Milotic|269\/394
|
|turn|7
|
|move|p1a: Pangoro|Drain Punch|p2a: Milotic
|-damage|p2a: Milotic|67\/394
|move|p2a: Milotic|Recover|p2a: Milotic
|-heal|p2a: Milotic|264\/394
|
|turn|8
|
|move|p1a: Pangoro|Drain Punch|p2a: Milotic
|-damage|p2a: Milotic|74\/394
|move|p2a: Milotic|Scald|p1a: Pangoro
|-damage|p1a: Pangoro|192\/351
|
|turn|9
|
|move|p1a: Pangoro|Drain Punch|p2a: Milotic
|-damage|p2a: Milotic|0 fnt
|-heal|p1a: Pangoro|229\/351|[from] drain|[of] p2a: Milotic
|faint|p2a: Milotic
|
|
|switch|p2a: Toxicroak|Toxicroak, M|307\/307
|turn|10
|
|switch|p1a: Nidoqueen|Nidoqueen, F|384\/384
|move|p2a: Toxicroak|Swords Dance|p2a: Toxicroak
|-boost|p2a: Toxicroak|atk|2
|
|turn|11
|
|move|p2a: Toxicroak|Gunk Shot|p1a: Nidoqueen|[miss]
|-miss|p2a: Toxicroak|p1a: Nidoqueen
|move|p1a: Nidoqueen|Stealth Rock|p2a: Toxicroak
|-sidestart|p2: scentre|move: Stealth Rock
|
|turn|12
|join|nothingbutnet
|leave|nothingbutnet
|
|move|p2a: Toxicroak|Gunk Shot|p1a: Nidoqueen
|-resisted|p1a: Nidoqueen
|-damage|p1a: Nidoqueen|258\/384
|-damage|p2a: Toxicroak|277\/307|[from] item: Life Orb
|move|p1a: Nidoqueen|Earth Power|p2a: Toxicroak
|-supereffective|p2a: Toxicroak
|-damage|p2a: Toxicroak|0 fnt
|faint|p2a: Toxicroak
|
|
|switch|p2a: Empoleon|Empoleon, M|106\/309
|-damage|p2a: Empoleon|87\/309|[from] Stealth Rock
|turn|13
|
|move|p2a: Empoleon|Hydro Pump|p1a: Nidoqueen
|-supereffective|p1a: Nidoqueen
|-damage|p1a: Nidoqueen|0 fnt
|faint|p1a: Nidoqueen
|
|-heal|p2a: Empoleon|106\/309|[from] item: Leftovers
|join|Avarice87
|
|switch|p1a: Entei|Entei, shiny|371\/371
|-ability|p1a: Entei|Pressure
|turn|14
|
|move|p1a: Entei|Sacred Fire|p2a: Empoleon
|-damage|p2a: Empoleon|0 fnt
|faint|p2a: Empoleon
|
|
|switch|p2a: Rotom-Heat|Rotom-Heat|304\/304
|-damage|p2a: Rotom-Heat|228\/304|[from] Stealth Rock
|turn|15
|
|move|p1a: Entei|Sacred Fire|p2a: Rotom-Heat
|-resisted|p2a: Rotom-Heat
|-damage|p2a: Rotom-Heat|102\/304
|move|p2a: Rotom-Heat|Thunder Wave|p1a: Entei
|-status|p1a: Entei|par
|
|-heal|p2a: Rotom-Heat|121\/304|[from] item: Leftovers
|turn|16
|
|switch|p1a: Pangoro|Pangoro, M|229\/351
|move|p2a: Rotom-Heat|Pain Split|p1a: Pangoro
|-sethp|p1a: Pangoro|175\/351|p2a: Rotom-Heat|175\/304|[from] move: Pain Split
|
|-heal|p2a: Rotom-Heat|194\/304|[from] item: Leftovers
|turn|17
|
|move|p2a: Rotom-Heat|Will-O-Wisp|p1a: Pangoro|[miss]
|-miss|p2a: Rotom-Heat|p1a: Pangoro
|move|p1a: Pangoro|Drain Punch|p2a: Rotom-Heat
|-damage|p2a: Rotom-Heat|19\/304
|-heal|p1a: Pangoro|263\/351|[from] drain|[of] p2a: Rotom-Heat
|
|-heal|p2a: Rotom-Heat|38\/304|[from] item: Leftovers
|turn|18
|
|move|p2a: Rotom-Heat|Pain Split|p1a: Pangoro
|-sethp|p1a: Pangoro|150\/351|p2a: Rotom-Heat|150\/304|[from] move: Pain Split
|move|p1a: Pangoro|Knock Off|p2a: Rotom-Heat
|-damage|p2a: Rotom-Heat|0 fnt
|-enditem|p2a: Rotom-Heat|Leftovers|[from] move: Knock Off|[of] p1a: Pangoro
|faint|p2a: Rotom-Heat
|
|
|switch|p2a: Cobalion|Cobalion|323\/323
|-damage|p2a: Cobalion|313\/323|[from] Stealth Rock
|turn|19
|
|move|p2a: Cobalion|Close Combat|p1a: Pangoro
|-supereffective|p1a: Pangoro
|-damage|p1a: Pangoro|0 fnt
|-unboost|p2a: Cobalion|def|1
|-unboost|p2a: Cobalion|spd|1
|faint|p1a: Pangoro
|
|-heal|p2a: Cobalion|323\/323|[from] item: Leftovers
|join|FUQ GLISCORE
|
|switch|p1a: Yanmega|Yanmega, M|313\/313
|turn|20
|join|All Together Now
|
|move|p2a: Cobalion|Stone Edge|p1a: Yanmega
|-supereffective|p1a: Yanmega
|-damage|p1a: Yanmega|0 fnt
|faint|p1a: Yanmega
|
|join|Wanna Be A Baller
|
|switch|p1a: Entei|Entei, shiny|371\/371 par
|-ability|p1a: Entei|Pressure
|turn|21
|leave|Avarice87
|
|move|p2a: Cobalion|Stone Edge|p1a: Entei
|-crit|p1a: Entei
|-supereffective|p1a: Entei
|-damage|p1a: Entei|79\/371 par
|move|p1a: Entei|Sacred Fire|p2a: Cobalion
|-supereffective|p2a: Cobalion
|-damage|p2a: Cobalion|0 fnt
|faint|p2a: Cobalion
|
|
|switch|p2a: Beedrill|Beedrill, M|271\/271
|-damage|p2a: Beedrill|204\/271|[from] Stealth Rock
|turn|22
|c| All Together Now|beedrill sweep
|
|detailschange|p2a: Beedrill|Beedrill-Mega, M
|-mega|p2a: Beedrill|Beedrill|Beedrillite
|move|p2a: Beedrill|Poison Jab|p1a: Entei
|-damage|p1a: Entei|0 fnt
|faint|p1a: Entei
|
|c|âscentre|para hax sweep
|
|switch|p1a: Pidgeot|Pidgeot, M|307\/307
|turn|23
|c|âscentre|crit beedrill poionjab sweep
|c|âscentre|actully, even if i win it's not a sweep
|c|âscentre|cus sweep is the entire team
|c| All Together Now|poison jab crit
|c|âMoB Barley|u aren't ohking
|c| All Together Now|CRIT
|c|âMoB Barley|gg
|
|detailschange|p1a: Pidgeot|Pidgeot-Mega, M
|-mega|p1a: Pidgeot|Pidgeot|Pidgeotite
|move|p2a: Beedrill|Poison Jab|p1a: Pidgeot
|-damage|p1a: Pidgeot|65\/307
|move|p1a: Pidgeot|Hurricane|p2a: Beedrill
|-supereffective|p2a: Beedrill
|-damage|p2a: Beedrill|0 fnt
|faint|p2a: Beedrill
|
|win|MoB Barley
|raw|Ladder updating...
|c| All Together Now|CRIT
|raw|MoB Barley's rating: 1514 &rarr; <strong>1526<\/strong><br \/>(+12 for winning)
|raw|scentre's rating: 1371 &rarr; <strong>1359<\/strong><br \/>(-12 for losing)
|leave|MoB Barley
|leave|FUQ GLISCORE
|player|p1
|leave|Demandred