|join|MoB Barley
|join|UFOZ
|player|p1|MoB Barley|161
|player|p2|UFOZ|170
|gametype|singles
|gen|6
|tier|UU
|rated
|rule|Sleep Clause Mod: Limit one foe put to sleep
|rule|Species Clause: Limit one of each PokÃ©mon
|rule|OHKO Clause: OHKO moves are banned
|rule|Moody Clause: Moody is banned
|rule|Evasion Moves Clause: Evasion moves are banned
|rule|Endless Battle Clause: Forcing endless battles is banned
|rule|HP Percentage Mod: HP is shown in percentages
|clearpoke
|poke|p1|Medicham, M, shiny
|poke|p1|Krookodile, M
|poke|p1|Chandelure, M
|poke|p1|Nidoqueen, F
|poke|p1|Starmie
|poke|p1|Slurpuff, M
|poke|p2|Lucario, F
|poke|p2|Celebi
|poke|p2|Sharpedo, F
|poke|p2|Empoleon, M
|poke|p2|Crobat, F
|poke|p2|Flygon, M
|rule|Swagger Clause: Swagger is banned
|rule|Baton Pass Clause: Limit one PokÃ©mon knowing Baton Pass
|teampreview
|join|Hariyana Grande
|join|ryzed
|
|start
|switch|p1a: Medicham|Medicham, M, shiny|261\/261
|switch|p2a: Empoleon|Empoleon, M|372\/372
|turn|1
|join|Fire Lord Mako
|join|Yuttt.TRUE POWER
|
|switch|p2a: Crobat|Crobat, F|374\/374
|detailschange|p1a: Medicham|Medicham-Mega, M, shiny
|-mega|p1a: Medicham|Medicham|Medichamite
|move|p1a: Medicham|High Jump Kick|p2a: Crobat
|-resisted|p2a: Crobat
|-damage|p2a: Crobat|249\/374
|
|-heal|p2a: Crobat|272\/374|[from] item: Black Sludge
|turn|2
|c| Fire Lord Mako|33% 4x resist
|
|switch|p1a: Krookodile|Krookodile, M|331\/331
|-ability|p1a: Krookodile|Intimidate|[of] p2a: Crobat
|-unboost|p2a: Crobat|atk|1
|move|p2a: Crobat|U-turn|p1a: Krookodile
|-supereffective|p1a: Krookodile
|-damage|p1a: Krookodile|241\/331
|
|switch|p2a: Flygon|Flygon, M|301\/301
|
|turn|3
|
|move|p2a: Flygon|U-turn|p1a: Krookodile
|-supereffective|p1a: Krookodile
|-damage|p1a: Krookodile|71\/331
|
|move|p1a: Krookodile|Pursuit|p2a: Flygon|[from]Pursuit
|-damage|p2a: Flygon|16\/301
|switch|p2a: Lucario|Lucario, F|281\/281
|
|turn|4
|
|switch|p1a: Chandelure|Chandelure, M|261\/261
|move|p2a: Lucario|Extreme Speed|p1a: Chandelure
|-immune|p1a: Chandelure|[msg]
|
|turn|5
|leave|ryzed
|
|switch|p2a: Flygon|Flygon, M|16\/301
|move|p1a: Chandelure|Substitute|p1a: Chandelure
|-start|p1a: Chandelure|Substitute
|-damage|p1a: Chandelure|196\/261
|
|turn|6
|
|move|p2a: Flygon|Earthquake|p1a: Chandelure
|-crit|p1a: Chandelure
|-supereffective|p1a: Chandelure
|-end|p1a: Chandelure|Substitute
|move|p1a: Chandelure|Shadow Ball|p2a: Flygon
|-damage|p2a: Flygon|0 fnt
|-damage|p1a: Chandelure|170\/261|[from] item: Life Orb
|faint|p2a: Flygon
|
|
|switch|p2a: Sharpedo|Sharpedo, F|281\/281
|turn|7
|
|switch|p1a: Krookodile|Krookodile, M|71\/331
|-ability|p1a: Krookodile|Intimidate|[of] p2a: Sharpedo
|-unboost|p2a: Sharpedo|atk|1
|move|p2a: Sharpedo|Waterfall|p1a: Krookodile
|-supereffective|p1a: Krookodile
|-damage|p1a: Krookodile|0 fnt
|faint|p1a: Krookodile
|
|-boost|p2a: Sharpedo|spe|1|[from] ability: Speed Boost
|
|switch|p1a: Slurpuff|Slurpuff, M|306\/306
|turn|8
|
|switch|p2a: Empoleon|Empoleon, M|372\/372
|move|p1a: Slurpuff|Belly Drum|p1a: Slurpuff
|-damage|p1a: Slurpuff|153\/306
|-setboost|p1a: Slurpuff|atk|6|[from] move: Belly Drum
|-enditem|p1a: Slurpuff|Sitrus Berry|[eat]
|-heal|p1a: Slurpuff|229\/306|[from] item: Sitrus Berry
|
|turn|9
|
|move|p1a: Slurpuff|Drain Punch|p2a: Empoleon
|-supereffective|p2a: Empoleon
|-damage|p2a: Empoleon|0 fnt
|-heal|p1a: Slurpuff|306\/306|[from] drain|[of] p2a: Empoleon
|faint|p2a: Empoleon
|
|c| Fire Lord Mako|g_g
|
|switch|p2a: Lucario|Lucario, F|281\/281
|turn|10
|c| Yuttt.TRUE POWER|sash iron tail
|
|move|p2a: Lucario|Bullet Punch|p1a: Slurpuff
|-supereffective|p1a: Slurpuff
|-damage|p1a: Slurpuff|101\/306
|-damage|p2a: Lucario|253\/281|[from] item: Life Orb
|move|p1a: Slurpuff|Drain Punch|p2a: Lucario
|-supereffective|p2a: Lucario
|-damage|p2a: Lucario|0 fnt
|-heal|p1a: Slurpuff|228\/306|[from] drain|[of] p2a: Lucario
|faint|p2a: Lucario
|
|
|switch|p2a: Sharpedo|Sharpedo, F|281\/281
|turn|11
|
|detailschange|p2a: Sharpedo|Sharpedo-Mega, F
|-mega|p2a: Sharpedo|Sharpedo|Sharpedonite
|move|p2a: Sharpedo|Protect|p2a: Sharpedo
|-singleturn|p2a: Sharpedo|Protect
|move|p1a: Slurpuff|Drain Punch|p2a: Sharpedo
|-activate|p2a: Sharpedo|Protect
|
|turn|12
|-message|UFOZ forfeited.
|c| Hariyana Grande|lol
|leave|UFOZ
|c| Fire Lord Mako|xD
|c|âMoB Barley|ahaha
|
|win|MoB Barley
|raw|Ladder updating...
|player|p2
|raw|MoB Barley's rating: 1573 &rarr; <strong>1588<\/strong><br \/>(+15 for winning)
|raw|UFOZ's rating: 1484 &rarr; <strong>1469<\/strong><br \/>(-15 for losing)
|c| Yuttt.TRUE POWER|alllmost
|join|shartruce2
|leave|MoB Barley
|leave|Hariyana Grande
|leave|Fire Lord Mako
|player|p1
|leave|Yuttt.TRUE POWER
|leave|shartruce2