|join|MoB Barley
|join|SYMicky Mike
|player|p1|MoB Barley|161
|player|p2|SYMicky Mike|291
|gametype|singles
|gen|6
|tier|UU
|rated
|rule|Sleep Clause Mod: Limit one foe put to sleep
|rule|Species Clause: Limit one of each PokÃ©mon
|rule|OHKO Clause: OHKO moves are banned
|rule|Moody Clause: Moody is banned
|rule|Evasion Moves Clause: Evasion moves are banned
|rule|Endless Battle Clause: Forcing endless battles is banned
|rule|HP Percentage Mod: HP is shown in percentages
|clearpoke
|poke|p1|Tornadus, M, shiny
|poke|p1|Blastoise, M
|poke|p1|Cobalion, shiny
|poke|p1|Hydreigon, M
|poke|p1|Mienshao, M, shiny
|poke|p1|Slurpuff, M
|poke|p2|Absol, M
|poke|p2|Nidoking, M
|poke|p2|Lucario, F
|poke|p2|Forretress, M
|poke|p2|Chandelure, F
|poke|p2|Celebi
|rule|Swagger Clause: Swagger is banned
|rule|Baton Pass Clause: Limit one PokÃ©mon knowing Baton Pass
|teampreview
|join|qwertyuiop12321
|c| qwertyuiop12321|MoB Barley is life
|c|âMoB Barley|gl
|c|âSYMicky Mike|hf
|
|start
|switch|p1a: Cobalion|Cobalion, shiny|386\/386
|switch|p2a: Nidoking|Nidoking, M|303\/303
|turn|1
|
|switch|p1a: Hydreigon|Hydreigon, M|325\/325
|move|p2a: Nidoking|Ice Beam|p1a: Hydreigon
|-supereffective|p1a: Hydreigon
|-damage|p1a: Hydreigon|26\/325
|
|turn|2
|join|FamSlayer
|
|switch|p2a: Lucario|Lucario, F|281\/281
|move|p1a: Hydreigon|Roost|p1a: Hydreigon
|-heal|p1a: Hydreigon|189\/325
|
|turn|3
|join|Sugar K Leonard
|leave|Sugar K Leonard
|
|switch|p1a: Tornadus|Tornadus, M, shiny|299\/299
|move|p2a: Lucario|Close Combat|p1a: Tornadus
|-resisted|p1a: Tornadus
|-damage|p1a: Tornadus|111\/299
|-unboost|p2a: Lucario|def|1
|-unboost|p2a: Lucario|spd|1
|-damage|p2a: Lucario|253\/281|[from] item: Life Orb
|
|turn|4
|
|switch|p1a: Cobalion|Cobalion, shiny|386\/386
|move|p2a: Lucario|Bullet Punch|p1a: Cobalion
|-resisted|p1a: Cobalion
|-damage|p1a: Cobalion|350\/386
|-damage|p2a: Lucario|225\/281|[from] item: Life Orb
|
|-heal|p1a: Cobalion|374\/386|[from] item: Leftovers
|turn|5
|
|move|p1a: Cobalion|Stealth Rock|p2a: Lucario
|-sidestart|p2: SYMicky Mike|move: Stealth Rock
|move|p2a: Lucario|Close Combat|p1a: Cobalion
|-supereffective|p1a: Cobalion
|-damage|p1a: Cobalion|0 fnt
|-unboost|p2a: Lucario|def|1
|-unboost|p2a: Lucario|spd|1
|-damage|p2a: Lucario|197\/281|[from] item: Life Orb
|faint|p1a: Cobalion
|
|join|RayDalio
|
|switch|p1a: Blastoise|Blastoise, M|355\/355
|turn|6
|
|switch|p2a: Celebi|Celebi|403\/403
|-damage|p2a: Celebi|353\/403|[from] Stealth Rock
|detailschange|p1a: Blastoise|Blastoise-Mega, M
|-mega|p1a: Blastoise|Blastoise|Blastoisinite
|move|p1a: Blastoise|Dark Pulse|p2a: Celebi
|-supereffective|p2a: Celebi
|-damage|p2a: Celebi|33\/403
|
|-heal|p2a: Celebi|58\/403|[from] item: Leftovers
|turn|7
|
|switch|p1a: Hydreigon|Hydreigon, M|189\/325
|move|p2a: Celebi|Baton Pass|p2a: Celebi
|
|switch|p2a: Forretress|Forretress, M|354\/354
|-damage|p2a: Forretress|310\/354|[from] Stealth Rock
|
|-heal|p2a: Forretress|332\/354|[from] item: Leftovers
|turn|8
|
|move|p1a: Hydreigon|Dark Pulse|p2a: Forretress
|-damage|p2a: Forretress|23\/354
|-damage|p1a: Hydreigon|157\/325|[from] item: Life Orb
|move|p2a: Forretress|Rapid Spin|p1a: Hydreigon
|-damage|p1a: Hydreigon|140\/325
|-sideend|p2: SYMicky Mike|Stealth Rock|[from] move: Rapid Spin|[of] p2a: Forretress
|
|-heal|p2a: Forretress|45\/354|[from] item: Leftovers
|turn|9
|
|move|p1a: Hydreigon|Dark Pulse|p2a: Forretress
|-damage|p2a: Forretress|0 fnt
|-damage|p1a: Hydreigon|108\/325|[from] item: Life Orb
|faint|p2a: Forretress
|
|
|switch|p2a: Lucario|Lucario, F|197\/281
|turn|10
|
|move|p1a: Hydreigon|Draco Meteor|p2a: Lucario
|-resisted|p2a: Lucario
|-damage|p2a: Lucario|1\/281
|-unboost|p1a: Hydreigon|spa|2
|-damage|p1a: Hydreigon|76\/325|[from] item: Life Orb
|move|p2a: Lucario|Swords Dance|p2a: Lucario
|-boost|p2a: Lucario|atk|2
|
|turn|11
|
|move|p2a: Lucario|Bullet Punch|p1a: Hydreigon
|-damage|p1a: Hydreigon|0 fnt
|-damage|p2a: Lucario|0 fnt|[from] item: Life Orb
|faint|p1a: Hydreigon
|faint|p2a: Lucario
|
|
|switch|p1a: Tornadus|Tornadus, M, shiny|111\/299
|switch|p2a: Celebi|Celebi|58\/403
|turn|12
|
|move|p1a: Tornadus|Heat Wave|p2a: Celebi
|-supereffective|p2a: Celebi
|-damage|p2a: Celebi|0 fnt
|-damage|p1a: Tornadus|82\/299|[from] item: Life Orb
|faint|p2a: Celebi
|
|
|switch|p2a: Absol|Absol, M|271\/271
|turn|13
|
|detailschange|p2a: Absol|Absol-Mega, M
|-mega|p2a: Absol|Absol|Absolite
|move|p1a: Tornadus|Tailwind|p1a: Tornadus
|-sidestart|p1: MoB Barley|move: Tailwind
|move|p2a: Absol|Knock Off|p1a: Tornadus
|-damage|p1a: Tornadus|0 fnt
|-enditem|p1a: Tornadus|Life Orb|[from] move: Knock Off|[of] p2a: Absol
|faint|p1a: Tornadus
|
|
|switch|p1a: Blastoise|Blastoise-Mega, M|355\/355
|turn|14
|
|move|p2a: Absol|Sucker Punch|p1a: Blastoise
|-damage|p1a: Blastoise|225\/355
|move|p1a: Blastoise|Water Pulse|p2a: Absol
|-damage|p2a: Absol|18\/271
|
|turn|15
|c|âMoB Barley|wow i had aura also
|c|âMoB Barley|so confident that would die
|
|move|p1a: Blastoise|Water Pulse|p2a: Absol
|-damage|p2a: Absol|0 fnt
|faint|p2a: Absol
|
|c| sweep n' creep|\/me cheers on blastoise
|c|âSYMicky Mike|how is it faster?
|c| sweep n' creep|tailwind
|c|âSYMicky Mike|i forgot
|
|switch|p2a: Chandelure|Chandelure, F|261\/261
|turn|16
|c| sweep n' creep|\/me beholds a fellow sweep n' creeper
|
|move|p2a: Chandelure|Energy Ball|p1a: Blastoise
|-supereffective|p1a: Blastoise
|-damage|p1a: Blastoise|1\/355
|move|p1a: Blastoise|Water Pulse|p2a: Chandelure
|-supereffective|p2a: Chandelure
|-damage|p2a: Chandelure|0 fnt
|faint|p2a: Chandelure
|
|-sideend|p1: MoB Barley|move: Tailwind
|c| sweep n' creep|2 bulky
|c|âMoB Barley|i wish that killed
|
|switch|p2a: Nidoking|Nidoking, M|303\/303
|turn|17
|c|âMoB Barley|1hp just fucked me
|c|âMoB Barley|gg i choked
|
|move|p2a: Nidoking|Earth Power|p1a: Blastoise
|-damage|p1a: Blastoise|0 fnt
|faint|p1a: Blastoise
|
|c|âMoB Barley|if i aura sphered i won
|c|âSYMicky Mike|yeah
|c| sweep n' creep|\/me believes mob can do it
|
|switch|p1a: Mienshao|Mienshao, M, shiny|271\/271
|turn|18
|
|move|p1a: Mienshao|U-turn|p2a: Nidoking
|-resisted|p2a: Nidoking
|-damage|p2a: Nidoking|253\/303
|
|switch|p1a: Slurpuff|Slurpuff, M|306\/306
|move|p2a: Nidoking|Sludge Wave|p1a: Slurpuff
|-supereffective|p1a: Slurpuff
|-damage|p1a: Slurpuff|0 fnt
|faint|p1a: Slurpuff
|
|
|switch|p1a: Mienshao|Mienshao, M, shiny|271\/271
|turn|19
|
|move|p1a: Mienshao|High Jump Kick|p2a: Nidoking
|-resisted|p2a: Nidoking
|-damage|p2a: Nidoking|87\/303
|move|p2a: Nidoking|Sludge Wave|p1a: Mienshao
|-damage|p1a: Mienshao|0 fnt
|faint|p1a: Mienshao
|
|win|SYMicky Mike
|raw|Ladder updating...
|c|âSYMicky Mike|gg
|raw|MoB Barley's rating: 1612 &rarr; <strong>1579<\/strong><br \/>(-33 for losing)
|raw|SYMicky Mike's rating: 1331 &rarr; <strong>1365<\/strong><br \/>(+34 for winning)
|leave|MoB Barley
|player|p1
|leave|sweep n' creep