|join|MoB Barley
|join|ULT Celsius
|player|p1|MoB Barley|161
|player|p2|ULT Celsius|294
|gametype|singles
|gen|6
|tier|UU
|rated
|rule|Sleep Clause Mod: Limit one foe put to sleep
|rule|Species Clause: Limit one of each PokÃ©mon
|rule|OHKO Clause: OHKO moves are banned
|rule|Moody Clause: Moody is banned
|rule|Evasion Moves Clause: Evasion moves are banned
|rule|Endless Battle Clause: Forcing endless battles is banned
|rule|HP Percentage Mod: HP is shown in percentages
|clearpoke
|poke|p1|Entei, shiny
|poke|p1|Swampert, M
|poke|p1|Empoleon, M
|poke|p1|Chesnaught, M, shiny
|poke|p1|Nidoqueen, F
|poke|p1|Hydreigon, M
|poke|p2|Crobat, M
|poke|p2|Chesnaught, M
|poke|p2|Swampert, M
|poke|p2|Slowking, M
|poke|p2|Entei, shiny
|poke|p2|Snorlax, F
|rule|Swagger Clause: Swagger is banned
|rule|Baton Pass Clause: Limit one PokÃ©mon knowing Baton Pass
|teampreview
|join|MonoConvergence
|
|start
|switch|p1a: Hydreigon|Hydreigon, M|325\/325
|switch|p2a: Swampert|Swampert, M|404\/404
|turn|1
|
|move|p1a: Hydreigon|U-turn|p2a: Swampert
|-damage|p2a: Swampert|362\/404
|
|switch|p1a: Chesnaught|Chesnaught, M, shiny|380\/380
|move|p2a: Swampert|Stealth Rock|p1a: Chesnaught
|-sidestart|p1: MoB Barley|move: Stealth Rock
|
|-heal|p2a: Swampert|387\/404|[from] item: Leftovers
|turn|2
|
|switch|p2a: Entei|Entei, shiny|371\/371
|-ability|p2a: Entei|Pressure
|move|p1a: Chesnaught|Spikes|p2a: Entei
|-sidestart|p2: ULT Celsius|Spikes
|
|turn|3
|
|switch|p1a: Entei|Entei, shiny|371\/371
|-damage|p1a: Entei|279\/371|[from] Stealth Rock
|-ability|p1a: Entei|Pressure
|move|p2a: Entei|Sacred Fire|p1a: Entei
|-resisted|p1a: Entei
|-damage|p1a: Entei|116\/371
|
|turn|4
|join|Yuttt.TRUE POWER
|c| Yuttt.TRUE POWER|IS THIS A TRUE POWER TEAM
|join|ULT Bob
|
|switch|p2a: Chesnaught|Chesnaught, M|380\/380
|-damage|p2a: Chesnaught|333\/380|[from] Spikes
|move|p1a: Entei|Sacred Fire|p2a: Chesnaught
|-supereffective|p2a: Chesnaught
|-damage|p2a: Chesnaught|0 fnt
|faint|p2a: Chesnaught
|
|c| Yuttt.TRUE POWER|YES
|c| Yuttt.TRUE POWER|NOW I NEED TO FIND JOO
|c| Yuttt.TRUE POWER|WHEREEE
|c| Yuttt.TRUE POWER|WHOMMM
|
|switch|p2a: Slowking|Slowking, M|394\/394
|-damage|p2a: Slowking|345\/394|[from] Spikes
|turn|5
|join|FUQ GLISCORE
|c|âMoB Barley|yuttt.Dumb
|c|âMoB Barley|y\/n
|c| Yuttt.TRUE POWER|wHOM
|join|MyLittleDick
|
|switch|p1a: Empoleon|Empoleon, M|372\/372
|-damage|p1a: Empoleon|349\/372|[from] Stealth Rock
|move|p2a: Slowking|Calm Mind|p2a: Slowking
|-boost|p2a: Slowking|spa|1
|-boost|p2a: Slowking|spd|1
|
|-heal|p1a: Empoleon|372\/372|[from] item: Leftovers
|-heal|p2a: Slowking|369\/394|[from] item: Leftovers
|turn|6
|c|âMoB Barley|Yuttt.inB4dumb
|join|RowDog
|c| Yuttt.TRUE POWER|wh whw hw WHAT
|
|move|p1a: Empoleon|Stealth Rock|p2a: Slowking
|-sidestart|p2: ULT Celsius|move: Stealth Rock
|move|p2a: Slowking|Scald|p1a: Empoleon
|-resisted|p1a: Empoleon
|-damage|p1a: Empoleon|325\/372
|
|-heal|p1a: Empoleon|348\/372|[from] item: Leftovers
|-heal|p2a: Slowking|393\/394|[from] item: Leftovers
|turn|7
|
|move|p2a: Slowking|Scald|p1a: Empoleon
|-resisted|p1a: Empoleon
|-damage|p1a: Empoleon|298\/372
|move|p1a: Empoleon|Roar|p2a: Slowking
|drag|p2a: Crobat|Crobat, M|346\/346
|-damage|p2a: Crobat|260\/346|[from] Stealth Rock
|
|-heal|p1a: Empoleon|321\/372|[from] item: Leftovers
|turn|8
|
|move|p2a: Crobat|Defog|p1a: Empoleon
|-unboost|p1a: Empoleon|evasion|1
|-sideend|p1: MoB Barley|Stealth Rock|[from] move: Defog|[of] p1a: Empoleon
|-sideend|p2: ULT Celsius|Spikes|[from] move: Defog|[of] p2a: Crobat
|-sideend|p2: ULT Celsius|Stealth Rock|[from] move: Defog|[of] p2a: Crobat
|move|p1a: Empoleon|Scald|p2a: Crobat
|-damage|p2a: Crobat|139\/346
|-status|p2a: Crobat|brn
|
|-heal|p1a: Empoleon|344\/372|[from] item: Leftovers
|-damage|p2a: Crobat|96\/346 brn|[from] brn
|turn|9
|
|switch|p2a: Swampert|Swampert, M|387\/404
|move|p1a: Empoleon|Stealth Rock|p2a: Swampert
|-sidestart|p2: ULT Celsius|move: Stealth Rock
|
|-heal|p1a: Empoleon|367\/372|[from] item: Leftovers
|-heal|p2a: Swampert|404\/404|[from] item: Leftovers
|turn|10
|c| ULT Bob|does curselax not win
|
|switch|p1a: Chesnaught|Chesnaught, M, shiny|380\/380
|move|p2a: Swampert|Stealth Rock|p1a: Chesnaught
|-sidestart|p1: MoB Barley|move: Stealth Rock
|
|turn|11
|
|switch|p2a: Entei|Entei, shiny|371\/371
|-damage|p2a: Entei|279\/371|[from] Stealth Rock
|-ability|p2a: Entei|Pressure
|move|p1a: Chesnaught|Spikes|p2a: Entei
|-sidestart|p2: ULT Celsius|Spikes
|
|turn|12
|join|ablert enistein
|
|switch|p1a: Hydreigon|Hydreigon, M|325\/325
|-damage|p1a: Hydreigon|285\/325|[from] Stealth Rock
|move|p2a: Entei|Sacred Fire|p1a: Hydreigon
|-resisted|p1a: Hydreigon
|-damage|p1a: Hydreigon|126\/325
|-status|p1a: Hydreigon|brn
|
|-damage|p1a: Hydreigon|86\/325 brn|[from] brn
|turn|13
|join|ULT Christo
|join|Meowiekins
|
|switch|p2a: Snorlax|Snorlax, F|504\/504
|-damage|p2a: Snorlax|441\/504|[from] Spikes
|-damage|p2a: Snorlax|378\/504|[from] Stealth Rock
|move|p1a: Hydreigon|Draco Meteor|p2a: Snorlax
|-damage|p2a: Snorlax|215\/504
|-unboost|p1a: Hydreigon|spa|2
|
|-heal|p2a: Snorlax|246\/504|[from] item: Leftovers
|-damage|p1a: Hydreigon|46\/325 brn|[from] brn
|turn|14
|c| MonoConvergence|is there a ladder tourny for UU going on?
|
|switch|p1a: Chesnaught|Chesnaught, M, shiny|380\/380
|-damage|p1a: Chesnaught|357\/380|[from] Stealth Rock
|move|p2a: Snorlax|Curse|p2a: Snorlax
|-boost|p2a: Snorlax|atk|1
|-boost|p2a: Snorlax|def|1
|-unboost|p2a: Snorlax|spe|1
|
|-heal|p1a: Chesnaught|380\/380|[from] item: Leftovers
|-heal|p2a: Snorlax|277\/504|[from] item: Leftovers
|turn|15
|c| Meowiekins|yes
|
|move|p1a: Chesnaught|Leech Seed|p2a: Snorlax
|-start|p2a: Snorlax|move: Leech Seed
|move|p2a: Snorlax|Rest|p2a: Snorlax
|-status|p2a: Snorlax|slp
|-heal|p2a: Snorlax|504\/504 slp|[silent]
|-status|p2a: Snorlax|slp|[from] move: Rest
|
|-damage|p2a: Snorlax|441\/504 slp|[from] Leech Seed|[of] p1a: Chesnaught
|turn|16
|join|Fire Lord Mako
|c| MonoConvergence|ahh nichzee
|c| Yuttt.TRUE POWER|rofl
|c| Yuttt.TRUE POWER|bd leec hseed
|c| Yuttt.TRUE POWER|what a ord
|
|move|p1a: Chesnaught|Spikes|p2a: Snorlax
|-sidestart|p2: ULT Celsius|Spikes
|cant|p2a: Snorlax|slp
|
|-heal|p2a: Snorlax|472\/504 slp|[from] item: Leftovers
|-damage|p2a: Snorlax|409\/504 slp|[from] Leech Seed|[of] p1a: Chesnaught
|turn|17
|c| Yuttt.TRUE POWER|rofl
|c| Yuttt.TRUE POWER|spikes leech seed bd chesnaught
|
|move|p1a: Chesnaught|Drain Punch|p2a: Snorlax
|-supereffective|p2a: Snorlax
|-damage|p2a: Snorlax|259\/504 slp
|cant|p2a: Snorlax|slp
|
|-heal|p2a: Snorlax|290\/504 slp|[from] item: Leftovers
|-damage|p2a: Snorlax|227\/504 slp|[from] Leech Seed|[of] p1a: Chesnaught
|turn|18
|c| Yuttt.TRUE POWER|what a LAWD
|c| MonoConvergence|lol settin up too earlt
|
|move|p1a: Chesnaught|Drain Punch|p2a: Snorlax
|-supereffective|p2a: Snorlax
|-damage|p2a: Snorlax|87\/504 slp
|-curestatus|p2a: Snorlax|slp
|move|p2a: Snorlax|Rest|p2a: Snorlax
|-status|p2a: Snorlax|slp
|-heal|p2a: Snorlax|504\/504 slp|[silent]
|-status|p2a: Snorlax|slp|[from] move: Rest
|
|-damage|p2a: Snorlax|441\/504 slp|[from] Leech Seed|[of] p1a: Chesnaught
|turn|19
|
|switch|p1a: Entei|Entei, shiny|116\/371
|-damage|p1a: Entei|24\/371|[from] Stealth Rock
|-ability|p1a: Entei|Pressure
|switch|p2a: Slowking|Slowking, M|394\/394
|-damage|p2a: Slowking|345\/394|[from] Stealth Rock
|-damage|p2a: Slowking|280\/394|[from] Spikes
|
|-heal|p2a: Slowking|304\/394|[from] item: Leftovers
|turn|20
|
|move|p1a: Entei|Sacred Fire|p2a: Slowking
|-resisted|p2a: Slowking
|-damage|p2a: Slowking|200\/394
|-status|p2a: Slowking|brn
|move|p2a: Slowking|Calm Mind|p2a: Slowking
|-boost|p2a: Slowking|spa|1
|-boost|p2a: Slowking|spd|1
|
|-heal|p2a: Slowking|224\/394 brn|[from] item: Leftovers
|-damage|p2a: Slowking|175\/394 brn|[from] brn
|turn|21
|
|switch|p1a: Empoleon|Empoleon, M|367\/372
|-damage|p1a: Empoleon|344\/372|[from] Stealth Rock
|move|p2a: Slowking|Slack Off|p2a: Slowking
|-heal|p2a: Slowking|372\/394 brn
|
|-heal|p1a: Empoleon|367\/372|[from] item: Leftovers
|-heal|p2a: Slowking|394\/394 brn|[from] item: Leftovers
|-damage|p2a: Slowking|345\/394 brn|[from] brn
|turn|22
|
|move|p2a: Slowking|Scald|p1a: Empoleon
|-resisted|p1a: Empoleon
|-damage|p1a: Empoleon|313\/372
|move|p1a: Empoleon|Roar|p2a: Slowking
|drag|p2a: Snorlax|Snorlax, F|441\/504 slp
|-damage|p2a: Snorlax|378\/504 slp|[from] Stealth Rock
|-damage|p2a: Snorlax|294\/504 slp|[from] Spikes
|
|-heal|p1a: Empoleon|336\/372|[from] item: Leftovers
|-heal|p2a: Snorlax|325\/504 slp|[from] item: Leftovers
|turn|23
|
|switch|p2a: Swampert|Swampert, M|404\/404
|-damage|p2a: Swampert|379\/404|[from] Stealth Rock
|-damage|p2a: Swampert|312\/404|[from] Spikes
|move|p1a: Empoleon|Roar|p2a: Swampert
|drag|p2a: Snorlax|Snorlax, F|325\/504 slp
|-damage|p2a: Snorlax|241\/504 slp|[from] Spikes
|-damage|p2a: Snorlax|178\/504 slp|[from] Stealth Rock
|
|-heal|p1a: Empoleon|359\/372|[from] item: Leftovers
|-heal|p2a: Snorlax|209\/504 slp|[from] item: Leftovers
|turn|24
|
|cant|p2a: Snorlax|slp
|move|p1a: Empoleon|Roar|p2a: Snorlax
|drag|p2a: Crobat|Crobat, M|96\/346 brn
|-damage|p2a: Crobat|10\/346 brn|[from] Stealth Rock
|
|-heal|p1a: Empoleon|372\/372|[from] item: Leftovers
|-damage|p2a: Crobat|0 fnt|[from] brn
|faint|p2a: Crobat
|leave|Meowiekins
|
|switch|p2a: Swampert|Swampert, M|312\/404
|-damage|p2a: Swampert|245\/404|[from] Spikes
|-damage|p2a: Swampert|220\/404|[from] Stealth Rock
|turn|25
|leave|FUQ GLISCORE
|
|move|p1a: Empoleon|Scald|p2a: Swampert
|-damage|p2a: Swampert|108\/404
|move|p2a: Swampert|Scald|p1a: Empoleon
|-resisted|p1a: Empoleon
|-damage|p1a: Empoleon|331\/372
|
|-heal|p1a: Empoleon|354\/372|[from] item: Leftovers
|-heal|p2a: Swampert|133\/404|[from] item: Leftovers
|turn|26
|join|Hariyana Grande
|c| ULT Bob|sick burns
|c| Yuttt.TRUE POWER|TRUE POWER WHERE
|
|move|p1a: Empoleon|Scald|p2a: Swampert
|-damage|p2a: Swampert|27\/404
|move|p2a: Swampert|Earthquake|p1a: Empoleon
|-supereffective|p1a: Empoleon
|-damage|p1a: Empoleon|96\/372
|
|-heal|p1a: Empoleon|119\/372|[from] item: Leftovers
|-heal|p2a: Swampert|52\/404|[from] item: Leftovers
|turn|27
|
|move|p1a: Empoleon|Scald|p2a: Swampert
|-damage|p2a: Swampert|0 fnt
|faint|p2a: Swampert
|
|-heal|p1a: Empoleon|142\/372|[from] item: Leftovers
|
|switch|p2a: Entei|Entei, shiny|279\/371
|-damage|p2a: Entei|187\/371|[from] Stealth Rock
|-damage|p2a: Entei|126\/371|[from] Spikes
|-ability|p2a: Entei|Pressure
|turn|28
|
|switch|p1a: Entei|Entei, shiny|24\/371
|-damage|p1a: Entei|0 fnt|[from] Stealth Rock
|faint|p1a: Entei
|move|p2a: Entei|Sacred Fire|p1: Entei|[notarget]
|-notarget
|
|leave|RowDog
|
|switch|p1a: Hydreigon|Hydreigon, M|46\/325 brn
|-damage|p1a: Hydreigon|6\/325 brn|[from] Stealth Rock
|turn|29
|
|switch|p2a: Snorlax|Snorlax, F|209\/504 slp
|-damage|p2a: Snorlax|125\/504 slp|[from] Spikes
|-damage|p2a: Snorlax|62\/504 slp|[from] Stealth Rock
|move|p1a: Hydreigon|Dark Pulse|p2a: Snorlax
|-damage|p2a: Snorlax|0 fnt
|faint|p2a: Snorlax
|
|-damage|p1a: Hydreigon|0 fnt|[from] brn
|faint|p1a: Hydreigon
|c| Emma Bae|O.o noo celsius :[
|join|gay af
|
|switch|p2a: Entei|Entei, shiny|126\/371
|switch|p1a: Swampert|Swampert, M|361\/361
|-damage|p2a: Entei|34\/371|[from] Stealth Rock
|-damage|p2a: Entei|0 fnt|[from] Spikes
|faint|p2a: Entei
|-damage|p1a: Swampert|339\/361|[from] Stealth Rock
|join|gwghwEG
|leave|gwghwEG
|
|switch|p2a: Slowking|Slowking, M|394\/394 brn
|-damage|p2a: Slowking|345\/394 brn|[from] Stealth Rock
|-damage|p2a: Slowking|280\/394 brn|[from] Spikes
|turn|30
|c| ULT Bob|ok burn here
|c| ULT Bob|and win
|c| Emma Bae|wiat doesnt last mon slowking win
|c| Emma Bae|??
|join|ult toenail
|c| Yuttt.TRUE POWER|HP GRASS SWAMPERT
|
|detailschange|p1a: Swampert|Swampert-Mega, M
|-mega|p1a: Swampert|Swampert|Swampertite
|move|p1a: Swampert|Earthquake|p2a: Slowking
|-damage|p2a: Slowking|112\/394 brn
|move|p2a: Slowking|Scald|p1a: Swampert
|-damage|p1a: Swampert|245\/361
|-status|p1a: Swampert|brn
|
|-heal|p2a: Slowking|136\/394 brn|[from] item: Leftovers
|-damage|p1a: Swampert|200\/361 brn|[from] brn
|-damage|p2a: Slowking|87\/394 brn|[from] brn
|turn|31
|c| Yuttt.TRUE POWER|SHOW TRUE POWER
|c| Emma Bae|ayy
|c| Emma Bae|still dies?
|c| ULT Bob|min
|c| ULT Christo|nido is chillin at full
|c| ULT Bob|min
|c| ULT Bob|min
|c| ULT Bob|min
|join|The TurtleLord
|c| ULT Bob|min
|c| ULT Bob|min
|c| ULT Bob|min
|
|move|p1a: Swampert|Earthquake|p2a: Slowking
|-damage|p2a: Slowking|3\/394 brn
|move|p2a: Slowking|Slack Off|p2a: Slowking
|-heal|p2a: Slowking|200\/394 brn
|
|-heal|p2a: Slowking|224\/394 brn|[from] item: Leftovers
|-damage|p1a: Swampert|155\/361 brn|[from] brn
|-damage|p2a: Slowking|175\/394 brn|[from] brn
|turn|32
|c| Emma Bae|AYY
|c| ULT Bob|ayy
|c| The TurtleLord|lol
|c| ULT Bob|lmoa
|c| Yuttt.TRUE POWER|TRUE POWER
|c| Yuttt.TRUE POWER|REVEAL
|c| Emma Bae|Lord slowking
|
|switch|p1a: Nidoqueen|Nidoqueen, F|373\/373
|-damage|p1a: Nidoqueen|350\/373|[from] Stealth Rock
|move|p2a: Slowking|Slack Off|p2a: Slowking
|-heal|p2a: Slowking|372\/394 brn
|
|-heal|p2a: Slowking|394\/394 brn|[from] item: Leftovers
|-damage|p2a: Slowking|345\/394 brn|[from] brn
|turn|33
|c| MyLittleDick|comin thluu
|c| Emma Bae|dies to tbolt..
|c| Emma Bae|lol
|c| ULT Bob|who the fk runs tbolt
|
|move|p1a: Nidoqueen|Thunderbolt|p2a: Slowking
|-supereffective|p2a: Slowking
|-damage|p2a: Slowking|85\/394 brn
|move|p2a: Slowking|Calm Mind|p2a: Slowking
|-boost|p2a: Slowking|spa|1
|-boost|p2a: Slowking|spd|1
|
|-heal|p2a: Slowking|109\/394 brn|[from] item: Leftovers
|-damage|p2a: Slowking|60\/394 brn|[from] brn
|turn|34
|c| Yuttt.TRUE POWER|TRUE POWER
|c| Emma Bae|this guy..
|c|âULT Celsius|sigh
|c| ULT Bob|lmoa
|c|âULT Celsius|im done laddering
|c|âMoB Barley|im beating all the "ults" today
|c| MyLittleDick|LMFAO
|c|âMoB Barley|and this isn't my tier
|c| Emma Bae|yeah mob stfu
|c| MyLittleDick|mob barley is a SAVAGE
|c|âMoB Barley|gg
|c| MonoConvergence|^
|c| MyLittleDick|LMFAO
|c| ULT Christo|bruh
|c| ULT Bob|ult clan is a shit
|c|âULT Celsius|you burn on every scald you landd but yeah
|c| ULT Bob|join FaZe
|
|move|p1a: Nidoqueen|Thunderbolt|p2a: Slowking
|-supereffective|p2a: Slowking
|-damage|p2a: Slowking|0 fnt
|faint|p2a: Slowking
|
|win|MoB Barley
|raw|Ladder updating...
|c| MyLittleDick|can i join
|c| MyLittleDick|plz
|raw|MoB Barley's rating: 1539 &rarr; <strong>1560<\/strong><br \/>(+21 for winning)
|raw|ULT Celsius's rating: 1563 &rarr; <strong>1541<\/strong><br \/>(-22 for losing)
|c| MyLittleDick|plz plz
|leave|MoB Barley
|leave|ult toenail
|player|p1
|c| ULT Christo|ill give u these hands
|join|Naruto Style
|leave|ULT Bob