|join|Didiman36
|join|AbaaDDon
|player|p1|Didiman36|2
|player|p2|AbaaDDon|265
|gametype|singles
|gen|6
|tier|UU
|rated
|rule|Sleep Clause Mod: Limit one foe put to sleep
|rule|Species Clause: Limit one of each PokÃ©mon
|rule|OHKO Clause: OHKO moves are banned
|rule|Moody Clause: Moody is banned
|rule|Evasion Moves Clause: Evasion moves are banned
|rule|Endless Battle Clause: Forcing endless battles is banned
|rule|HP Percentage Mod: HP is shown in percentages
|clearpoke
|poke|p1|Mew
|poke|p1|Ampharos, M
|poke|p1|Heracross, M
|poke|p1|Azelf
|poke|p1|Clawitzer, M
|poke|p1|Umbreon, F
|poke|p2|Blissey, F
|poke|p2|Hydreigon, M
|poke|p2|Azelf
|poke|p2|Lucario, F
|poke|p2|Nidoqueen, F
|poke|p2|Slowbro, F
|rule|Swagger Clause: Swagger is banned
|rule|Baton Pass Clause: Limit one PokÃ©mon knowing Baton Pass
|teampreview
|
|start
|switch|p1a: Mew|Mew|399\/399
|switch|p2a: Azelf|Azelf|292\/292
|turn|1
|
|move|p2a: Azelf|Knock Off|p1a: Mew
|-supereffective|p1a: Mew
|-damage|p1a: Mew|181\/399
|-enditem|p1a: Mew|Leftovers|[from] move: Knock Off|[of] p2a: Azelf
|move|p1a: Mew|U-turn|p2a: Azelf
|-supereffective|p2a: Azelf
|-damage|p2a: Azelf|144\/292
|
|switch|p1a: Ampharos|Ampharos, M|384\/384
|
|turn|2
|
|detailschange|p1a: Ampharos|Ampharos-Mega, M
|message|Ampharos has Mega Evolved into Mega Ampharos!
|-ability|p1a: Ampharos|Mold Breaker
|move|p2a: Azelf|Explosion|p1a: Ampharos
|-damage|p1a: Ampharos|101\/384
|faint|p2a: Azelf
|move|p1a: Ampharos|Volt Switch|p2: Azelf|[notarget]
|-notarget
|
|
|switch|p2a: Nidoqueen|Nidoqueen, F|353\/353
|turn|3
|
|switch|p1a: Clawitzer|Clawitzer, M|346\/346
|move|p2a: Nidoqueen|Sludge Wave|p1a: Clawitzer
|-damage|p1a: Clawitzer|120\/346
|
|turn|4
|
|switch|p2a: Slowbro|Slowbro, F|394\/394
|move|p1a: Clawitzer|Water Pulse|p2a: Slowbro
|-resisted|p2a: Slowbro
|-damage|p2a: Slowbro|259\/394
|-damage|p1a: Clawitzer|86\/346|[from] item: Life Orb
|
|-heal|p2a: Slowbro|283\/394|[from] item: Leftovers
|turn|5
|
|move|p1a: Clawitzer|Dark Pulse|p2a: Slowbro
|-crit|p2a: Slowbro
|-supereffective|p2a: Slowbro
|-damage|p2a: Slowbro|0 fnt
|-damage|p1a: Clawitzer|52\/346|[from] item: Life Orb
|faint|p2a: Slowbro
|
|
|switch|p2a: Blissey|Blissey, F|652\/652
|turn|6
|
|switch|p1a: Heracross|Heracross, M|302\/302
|move|p2a: Blissey|Thunder Wave|p1a: Heracross
|-status|p1a: Heracross|par
|
|turn|7
|
|switch|p2a: Nidoqueen|Nidoqueen, F|353\/353
|switch|p1a: Mew|Mew|181\/399
|
|turn|8
|
|switch|p1a: Umbreon|Umbreon, F|394\/394
|move|p2a: Nidoqueen|Sludge Wave|p1a: Umbreon
|-damage|p1a: Umbreon|203\/394
|
|-heal|p1a: Umbreon|227\/394|[from] item: Leftovers
|turn|9
|
|move|p2a: Nidoqueen|Sludge Wave|p1a: Umbreon
|-damage|p1a: Umbreon|44\/394
|move|p1a: Umbreon|Wish|p1a: Umbreon
|
|-heal|p1a: Umbreon|68\/394|[from] item: Leftovers
|turn|10
|
|move|p1a: Umbreon|Protect|p1a: Umbreon
|-singleturn|p1a: Umbreon|Protect
|move|p2a: Nidoqueen|Stealth Rock|p1a: Umbreon
|-sidestart|p1: Didiman36|move: Stealth Rock
|
|-heal|p1a: Umbreon|265\/394|[from] move: Wish|[wisher] Umbreon
|-heal|p1a: Umbreon|289\/394|[from] item: Leftovers
|turn|11
|
|move|p2a: Nidoqueen|Earth Power|p1a: Umbreon
|-damage|p1a: Umbreon|132\/394
|move|p1a: Umbreon|Wish|p1a: Umbreon
|
|-heal|p1a: Umbreon|156\/394|[from] item: Leftovers
|turn|12
|
|switch|p2a: Lucario|Lucario, F|281\/281
|move|p1a: Umbreon|Protect|p1a: Umbreon
|-fail|p1a: Umbreon
|
|-heal|p1a: Umbreon|353\/394|[from] move: Wish|[wisher] Umbreon
|-heal|p1a: Umbreon|377\/394|[from] item: Leftovers
|turn|13
|
|switch|p1a: Ampharos|Ampharos-Mega, M|101\/384
|-damage|p1a: Ampharos|53\/384|[from] Stealth Rock
|-ability|p1a: Ampharos|Mold Breaker
|move|p2a: Lucario|Swords Dance|p2a: Lucario
|-boost|p2a: Lucario|atk|2
|
|turn|14
|
|move|p2a: Lucario|Earthquake|p1a: Ampharos
|-supereffective|p1a: Ampharos
|-damage|p1a: Ampharos|0 fnt
|-damage|p2a: Lucario|253\/281|[from] item: Life Orb
|faint|p1a: Ampharos
|
|
|switch|p1a: Mew|Mew|181\/399
|-damage|p1a: Mew|132\/399|[from] Stealth Rock
|turn|15
|
|move|p2a: Lucario|Extreme Speed|p1a: Mew
|-damage|p1a: Mew|0 fnt
|-damage|p2a: Lucario|225\/281|[from] item: Life Orb
|faint|p1a: Mew
|
|
|switch|p1a: Heracross|Heracross, M|302\/302 par
|-damage|p1a: Heracross|265\/302 par|[from] Stealth Rock
|turn|16
|
|move|p2a: Lucario|Extreme Speed|p1a: Heracross
|-damage|p1a: Heracross|0 fnt
|-damage|p2a: Lucario|197\/281|[from] item: Life Orb
|faint|p1a: Heracross
|
|
|switch|p1a: Azelf|Azelf|292\/292
|-damage|p1a: Azelf|256\/292|[from] Stealth Rock
|turn|17
|
|move|p2a: Lucario|Extreme Speed|p1a: Azelf
|-damage|p1a: Azelf|0 fnt
|-damage|p2a: Lucario|169\/281|[from] item: Life Orb
|faint|p1a: Azelf
|
|
|switch|p1a: Clawitzer|Clawitzer, M|52\/346
|-damage|p1a: Clawitzer|9\/346|[from] Stealth Rock
|turn|18
|
|move|p2a: Lucario|Extreme Speed|p1a: Clawitzer
|-damage|p1a: Clawitzer|0 fnt
|-damage|p2a: Lucario|141\/281|[from] item: Life Orb
|faint|p1a: Clawitzer
|
|-message|Didiman36 forfeited.
|
|win|AbaaDDon
|raw|Ladder updating...
|leave|Didiman36
|player|p1
|raw|Didiman36's rating: 1176 &rarr; <strong>1144<\/strong><br \/>(-32 for losing)
|raw|AbaaDDon's rating: 1077 &rarr; <strong>1113<\/strong><br \/>(+36 for winning)