|join|Ackley
|join|Didiman36
|player|p1|Ackley|14
|player|p2|Didiman36|1
|gametype|singles
|gen|6
|tier|UU
|rated
|rule|Sleep Clause Mod: Limit one foe put to sleep
|rule|Species Clause: Limit one of each PokÃ©mon
|rule|OHKO Clause: OHKO moves are banned
|rule|Moody Clause: Moody is banned
|rule|Evasion Moves Clause: Evasion moves are banned
|rule|Endless Battle Clause: Forcing endless battles is banned
|rule|HP Percentage Mod: HP is shown in percentages
|clearpoke
|poke|p1|Krookodile, M
|poke|p1|Mienshao, F
|poke|p1|Jirachi
|poke|p1|Cloyster, M
|poke|p1|Florges, F
|poke|p1|Aerodactyl, M
|poke|p2|Azelf
|poke|p2|Victini
|poke|p2|Suicune
|poke|p2|Mienshao, F
|poke|p2|Crobat, F
|poke|p2|Hydreigon, M
|rule|Swagger Clause: Swagger is banned
|rule|Baton Pass Clause: Limit one PokÃ©mon knowing Baton Pass
|teampreview
|
|start
|switch|p1a: Aerodactyl|Aerodactyl, M|302\/302
|switch|p2a: Azelf|Azelf|291\/291
|turn|1
|
|detailschange|p1a: Aerodactyl|Aerodactyl-Mega, M
|message|Aerodactyl has Mega Evolved into Mega Aerodactyl!
|move|p2a: Azelf|Stealth Rock|p1a: Aerodactyl
|-sidestart|p1: Ackley|move: Stealth Rock
|move|p1a: Aerodactyl|Stone Edge|p2a: Azelf
|-enditem|p2a: Azelf|Focus Sash
|-damage|p2a: Azelf|1\/291
|
|turn|2
|
|move|p1a: Aerodactyl|Ice Fang|p2a: Azelf
|-damage|p2a: Azelf|0 fnt
|faint|p2a: Azelf
|
|
|switch|p2a: Suicune|Suicune|341\/341
|-ability|p2a: Suicune|Pressure
|turn|3
|
|move|p1a: Aerodactyl|Ice Fang|p2a: Suicune
|-resisted|p2a: Suicune
|-damage|p2a: Suicune|301\/341
|move|p2a: Suicune|Scald|p1a: Aerodactyl
|-supereffective|p1a: Aerodactyl
|-damage|p1a: Aerodactyl|128\/302
|
|-heal|p2a: Suicune|322\/341|[from] item: Leftovers
|turn|4
|
|move|p1a: Aerodactyl|Ice Fang|p2a: Suicune
|-crit|p2a: Suicune
|-resisted|p2a: Suicune
|-damage|p2a: Suicune|266\/341
|move|p2a: Suicune|Calm Mind|p2a: Suicune
|-boost|p2a: Suicune|spa|1
|-boost|p2a: Suicune|spd|1
|
|-heal|p2a: Suicune|287\/341|[from] item: Leftovers
|turn|5
|
|move|p1a: Aerodactyl|Ice Fang|p2a: Suicune
|-resisted|p2a: Suicune
|-damage|p2a: Suicune|247\/341
|move|p2a: Suicune|Calm Mind|p2a: Suicune
|-boost|p2a: Suicune|spa|1
|-boost|p2a: Suicune|spd|1
|
|-heal|p2a: Suicune|268\/341|[from] item: Leftovers
|turn|6
|
|move|p1a: Aerodactyl|Ice Fang|p2a: Suicune
|-resisted|p2a: Suicune
|-damage|p2a: Suicune|229\/341
|move|p2a: Suicune|Calm Mind|p2a: Suicune
|-boost|p2a: Suicune|spa|1
|-boost|p2a: Suicune|spd|1
|
|-heal|p2a: Suicune|250\/341|[from] item: Leftovers
|turn|7
|
|move|p1a: Aerodactyl|Ice Fang|p2a: Suicune
|-resisted|p2a: Suicune
|-damage|p2a: Suicune|211\/341
|move|p2a: Suicune|Calm Mind|p2a: Suicune
|-boost|p2a: Suicune|spa|1
|-boost|p2a: Suicune|spd|1
|
|-heal|p2a: Suicune|232\/341|[from] item: Leftovers
|turn|8
|
|move|p1a: Aerodactyl|Ice Fang|p2a: Suicune
|-resisted|p2a: Suicune
|-damage|p2a: Suicune|189\/341
|move|p2a: Suicune|Calm Mind|p2a: Suicune
|-boost|p2a: Suicune|spa|1
|-boost|p2a: Suicune|spd|1
|
|-heal|p2a: Suicune|210\/341|[from] item: Leftovers
|turn|9
|
|move|p1a: Aerodactyl|Ice Fang|p2a: Suicune
|-resisted|p2a: Suicune
|-damage|p2a: Suicune|171\/341
|-status|p2a: Suicune|frz
|cant|p2a: Suicune|frz
|
|-heal|p2a: Suicune|192\/341 frz|[from] item: Leftovers
|turn|10
|
|move|p1a: Aerodactyl|Earthquake|p2a: Suicune
|-damage|p2a: Suicune|94\/341 frz
|cant|p2a: Suicune|frz
|
|-heal|p2a: Suicune|115\/341 frz|[from] item: Leftovers
|turn|11
|
|move|p1a: Aerodactyl|Earthquake|p2a: Suicune
|-damage|p2a: Suicune|14\/341 frz
|cant|p2a: Suicune|frz
|
|-heal|p2a: Suicune|35\/341 frz|[from] item: Leftovers
|turn|12
|c|âAckley|greed at its finest
|
|move|p1a: Aerodactyl|Earthquake|p2a: Suicune
|-crit|p2a: Suicune
|-damage|p2a: Suicune|0 fnt
|faint|p2a: Suicune
|
|
|switch|p2a: Hydreigon|Hydreigon, M|325\/325
|turn|13
|
|move|p2a: Hydreigon|Draco Meteor|p1a: Aerodactyl
|-damage|p1a: Aerodactyl|0 fnt
|-unboost|p2a: Hydreigon|spa|2
|faint|p1a: Aerodactyl
|
|
|switch|p1a: Florges|Florges, F|360\/360
|-damage|p1a: Florges|315\/360|[from] Stealth Rock
|turn|14
|
|switch|p2a: Victini|Victini|341\/341
|move|p1a: Florges|Moonblast|p2a: Victini
|-resisted|p2a: Victini
|-damage|p2a: Victini|282\/341
|
|-heal|p1a: Florges|337\/360|[from] item: Leftovers
|turn|15
|
|move|p2a: Victini|V-create|p1a: Florges
|-damage|p1a: Florges|0 fnt
|-unboost|p2a: Victini|def|1
|-unboost|p2a: Victini|spd|1
|-unboost|p2a: Victini|spe|1
|faint|p1a: Florges
|
|
|switch|p1a: Mienshao|Mienshao, F|271\/271
|-damage|p1a: Mienshao|255\/271|[from] Stealth Rock
|turn|16
|
|switch|p2a: Crobat|Crobat, F|374\/374
|move|p1a: Mienshao|Fake Out|p2a: Crobat
|-damage|p2a: Crobat|304\/374
|-damage|p1a: Mienshao|228\/271|[from] item: Life Orb
|
|-heal|p2a: Crobat|327\/374|[from] item: Leftovers
|turn|17
|
|move|p2a: Crobat|Brave Bird|p1a: Mienshao
|-crit|p1a: Mienshao
|-supereffective|p1a: Mienshao
|-damage|p1a: Mienshao|0 fnt
|-damage|p2a: Crobat|252\/374|[from] recoil|[of] p1a: Mienshao
|faint|p1a: Mienshao
|
|-heal|p2a: Crobat|275\/374|[from] item: Leftovers
|
|switch|p1a: Cloyster|Cloyster, M|242\/242
|-damage|p1a: Cloyster|182\/242|[from] Stealth Rock
|turn|18
|
|move|p2a: Crobat|Taunt|p1a: Cloyster
|-start|p1a: Cloyster|move: Taunt
|move|p1a: Cloyster|Icicle Spear|p2a: Crobat
|-supereffective|p2a: Crobat
|-damage|p2a: Crobat|173\/374
|-supereffective|p2a: Crobat
|-damage|p2a: Crobat|75\/374
|-supereffective|p2a: Crobat
|-damage|p2a: Crobat|0 fnt
|-hitcount|p2a: Crobat|3
|faint|p2a: Crobat
|
|
|switch|p2a: Victini|Victini|282\/341
|turn|19
|
|move|p2a: Victini|V-create|p1a: Cloyster
|-damage|p1a: Cloyster|0 fnt
|-unboost|p2a: Victini|def|1
|-unboost|p2a: Victini|spd|1
|-unboost|p2a: Victini|spe|1
|faint|p1a: Cloyster
|
|
|switch|p1a: Krookodile|Krookodile, M|331\/331
|-damage|p1a: Krookodile|311\/331|[from] Stealth Rock
|turn|20
|
|switch|p2a: Hydreigon|Hydreigon, M|325\/325
|move|p1a: Krookodile|Knock Off|p2a: Hydreigon
|-resisted|p2a: Hydreigon
|-damage|p2a: Hydreigon|209\/325
|-enditem|p2a: Hydreigon|Choice Scarf|[from] move: Knock Off|[of] p1a: Krookodile
|
|turn|21
|
|switch|p1a: Jirachi|Jirachi|341\/341
|-damage|p1a: Jirachi|320\/341|[from] Stealth Rock
|move|p2a: Hydreigon|Flamethrower|p1a: Jirachi
|-supereffective|p1a: Jirachi
|-damage|p1a: Jirachi|128\/341
|
|turn|22
|
|move|p1a: Jirachi|Iron Head|p2a: Hydreigon
|-damage|p2a: Hydreigon|62\/325
|cant|p2a: Hydreigon|flinch
|
|turn|23
|
|switch|p2a: Victini|Victini|282\/341
|move|p1a: Jirachi|Iron Head|p2a: Victini
|-resisted|p2a: Victini
|-damage|p2a: Victini|211\/341
|
|turn|24
|
|move|p1a: Jirachi|Iron Head|p2a: Victini
|-resisted|p2a: Victini
|-damage|p2a: Victini|149\/341
|move|p2a: Victini|V-create|p1a: Jirachi
|-supereffective|p1a: Jirachi
|-damage|p1a: Jirachi|0 fnt
|-unboost|p2a: Victini|def|1
|-unboost|p2a: Victini|spd|1
|-unboost|p2a: Victini|spe|1
|faint|p1a: Jirachi
|
|
|switch|p1a: Krookodile|Krookodile, M|311\/331
|-damage|p1a: Krookodile|291\/331|[from] Stealth Rock
|turn|25
|
|switch|p2a: Hydreigon|Hydreigon, M|62\/325
|move|p1a: Krookodile|Stone Edge|p2a: Hydreigon
|-damage|p2a: Hydreigon|0 fnt
|faint|p2a: Hydreigon
|-boost|p1a: Krookodile|atk|1|[from] ability: Moxie
|
|
|switch|p2a: Mienshao|Mienshao, F|271\/271
|turn|26
|
|move|p2a: Mienshao|Fake Out|p1a: Krookodile
|-damage|p1a: Krookodile|208\/331
|-damage|p2a: Mienshao|244\/271|[from] item: Life Orb
|cant|p1a: Krookodile|flinch
|
|turn|27
|
|move|p1a: Krookodile|Stone Edge|p2a: Mienshao|[miss]
|-miss|p1a: Krookodile|p2a: Mienshao
|move|p2a: Mienshao|High Jump Kick|p1a: Krookodile|[miss]
|-miss|p2a: Mienshao|p1a: Krookodile
|-damage|p2a: Mienshao|109\/271|[from] highjumpkick
|
|turn|28
|c|âDidiman36|gg
|c|âAckley|lmao
|c|âDidiman36|oh wait
|c|âDidiman36|lol
|
|move|p1a: Krookodile|Stone Edge|p2a: Mienshao
|-resisted|p2a: Mienshao
|-damage|p2a: Mienshao|0 fnt
|faint|p2a: Mienshao
|-boost|p1a: Krookodile|atk|1|[from] ability: Moxie
|
|
|switch|p2a: Victini|Victini|149\/341
|turn|29
|
|move|p1a: Krookodile|Stone Edge|p2a: Victini
|-supereffective|p2a: Victini
|-damage|p2a: Victini|0 fnt
|faint|p2a: Victini
|-boost|p1a: Krookodile|atk|1|[from] ability: Moxie
|
|win|Ackley
|raw|Ladder updating...
|raw|Ackley's rating: 1370 &rarr; <strong>1394<\/strong><br \/>(+24 for winning)
|raw|Didiman36's rating: 1441 &rarr; <strong>1417<\/strong><br \/>(-24 for losing)
|c|âAckley|gg