|join|zhimu
|join|Didiman36
|player|p1|zhimu|1
|player|p2|Didiman36|293
|gametype|singles
|gen|6
|tier|UU
|rated
|rule|Sleep Clause Mod: Limit one foe put to sleep
|rule|Species Clause: Limit one of each PokÃ©mon
|rule|OHKO Clause: OHKO moves are banned
|rule|Moody Clause: Moody is banned
|rule|Evasion Moves Clause: Evasion moves are banned
|rule|Endless Battle Clause: Forcing endless battles is banned
|rule|HP Percentage Mod: HP is shown in percentages
|clearpoke
|poke|p1|Crobat, M
|poke|p1|Ludicolo, M
|poke|p1|Florges, F
|poke|p1|Aggron, M
|poke|p1|Nidoking, M
|poke|p1|Trevenant, M, shiny
|poke|p2|Umbreon, F
|poke|p2|Crobat, M
|poke|p2|Porygon-Z
|poke|p2|Raikou
|poke|p2|Ditto
|poke|p2|Mienshao, F
|rule|Swagger Clause: Swagger is banned
|rule|Baton Pass Clause: Limit one PokÃ©mon knowing Baton Pass
|teampreview
|
|start
|switch|p1a: Ludicolo|Ludicolo, M|364\/364
|switch|p2a: Crobat|Crobat, M|374\/374
|turn|1
|
|move|p1a: Ludicolo|Fake Out|p2a: Crobat
|-damage|p2a: Crobat|346\/374
|move|p2a: Crobat|Brave Bird|p1a: Ludicolo
|-supereffective|p1a: Ludicolo
|-damage|p1a: Ludicolo|34\/364
|-damage|p2a: Crobat|237\/374|[from] recoil|[of] p1a: Ludicolo
|
|-heal|p2a: Crobat|260\/374|[from] item: Leftovers
|turn|2
|
|switch|p1a: Aggron|Aggron, M|344\/344
|move|p2a: Crobat|U-turn|p1a: Aggron
|-resisted|p1a: Aggron
|-damage|p1a: Aggron|332\/344
|
|switch|p2a: Mienshao|Mienshao, F|271\/271
|
|turn|3
|
|detailschange|p1a: Aggron|Aggron-Mega, M
|message|Aggron has Mega Evolved into Mega Aggron!
|move|p2a: Mienshao|U-turn|p1a: Aggron
|-resisted|p1a: Aggron
|-damage|p1a: Aggron|311\/344
|-damage|p2a: Mienshao|244\/271|[from] item: Life Orb
|
|switch|p2a: Crobat|Crobat, M|260\/374
|move|p1a: Aggron|Stealth Rock|p2a: Crobat
|-sidestart|p2: Didiman36|move: Stealth Rock
|
|-heal|p2a: Crobat|283\/374|[from] item: Leftovers
|turn|4
|
|move|p2a: Crobat|Taunt|p1a: Aggron
|-start|p1a: Aggron|move: Taunt
|move|p1a: Aggron|Rock Slide|p2a: Crobat
|-miss|p1a: Aggron|p2a: Crobat
|
|-heal|p2a: Crobat|306\/374|[from] item: Leftovers
|turn|5
|
|move|p2a: Crobat|Defog|p1a: Aggron
|-unboost|p1a: Aggron|evasion|1
|-sideend|p2: Didiman36|Stealth Rock|[from] move: Defog|[of] p2a: Crobat
|move|p1a: Aggron|Rock Slide|p2a: Crobat
|-supereffective|p2a: Crobat
|-damage|p2a: Crobat|108\/374
|
|-heal|p2a: Crobat|131\/374|[from] item: Leftovers
|turn|6
|
|move|p2a: Crobat|U-turn|p1a: Aggron
|-resisted|p1a: Aggron
|-damage|p1a: Aggron|301\/344
|
|switch|p2a: Mienshao|Mienshao, F|271\/271
|move|p1a: Aggron|Ice Punch|p2a: Mienshao
|-damage|p2a: Mienshao|151\/271
|
|-end|p1a: Aggron|move: Taunt
|turn|7
|
|move|p2a: Mienshao|High Jump Kick|p1a: Aggron
|-supereffective|p1a: Aggron
|-damage|p1a: Aggron|126\/344
|-damage|p2a: Mienshao|124\/271|[from] item: Life Orb
|move|p1a: Aggron|Stealth Rock|p2a: Mienshao
|-sidestart|p2: Didiman36|move: Stealth Rock
|
|turn|8
|
|switch|p1a: Florges|Florges, F|360\/360
|move|p2a: Mienshao|U-turn|p1a: Florges
|-resisted|p1a: Florges
|-damage|p1a: Florges|286\/360
|-damage|p2a: Mienshao|97\/271|[from] item: Life Orb
|
|switch|p2a: Porygon-Z|Porygon-Z|312\/312
|-damage|p2a: Porygon-Z|273\/312|[from] Stealth Rock
|
|-heal|p1a: Florges|308\/360|[from] item: Leftovers
|turn|9
|
|move|p2a: Porygon-Z|Tri Attack|p1a: Florges
|-damage|p1a: Florges|165\/360
|-damage|p2a: Porygon-Z|242\/312|[from] item: Life Orb
|move|p1a: Florges|Wish|p1a: Florges
|
|-heal|p1a: Florges|187\/360|[from] item: Leftovers
|turn|10
|
|switch|p1a: Aggron|Aggron-Mega, M|126\/344
|move|p2a: Porygon-Z|Thunderbolt|p1a: Aggron
|-damage|p1a: Aggron|0 fnt
|-damage|p2a: Porygon-Z|211\/312|[from] item: Life Orb
|faint|p1a: Aggron
|
|
|switch|p1a: Nidoking|Nidoking, M|303\/303
|turn|11
|
|switch|p2a: Umbreon|Umbreon, F|394\/394
|-damage|p2a: Umbreon|345\/394|[from] Stealth Rock
|move|p1a: Nidoking|Sludge Bomb|p2a: Umbreon
|-damage|p2a: Umbreon|216\/394
|
|-heal|p2a: Umbreon|240\/394|[from] item: Leftovers
|turn|12
|
|move|p1a: Nidoking|Sludge Bomb|p2a: Umbreon
|-damage|p2a: Umbreon|126\/394
|move|p2a: Umbreon|Wish|p2a: Umbreon
|
|-heal|p2a: Umbreon|150\/394|[from] item: Leftovers
|turn|13
|
|move|p1a: Nidoking|Flamethrower|p2a: Umbreon
|-damage|p2a: Umbreon|67\/394
|move|p2a: Umbreon|Payback|p1a: Nidoking
|-damage|p1a: Nidoking|191\/303
|
|-heal|p2a: Umbreon|264\/394|[from] move: Wish|[wisher] Umbreon
|-heal|p2a: Umbreon|288\/394|[from] item: Leftovers
|turn|14
|
|move|p1a: Nidoking|Sludge Bomb|p2a: Umbreon
|-damage|p2a: Umbreon|155\/394
|move|p2a: Umbreon|Wish|p2a: Umbreon
|
|-heal|p2a: Umbreon|179\/394|[from] item: Leftovers
|turn|15
|c|âDidiman36|pretty sure sludgewave is better
|
|move|p1a: Nidoking|Sludge Bomb|p2a: Umbreon
|-damage|p2a: Umbreon|66\/394
|move|p2a: Umbreon|Payback|p1a: Nidoking
|-damage|p1a: Nidoking|82\/303
|
|-heal|p2a: Umbreon|263\/394|[from] move: Wish|[wisher] Umbreon
|-heal|p2a: Umbreon|287\/394|[from] item: Leftovers
|turn|16
|c|âzhimu|like 5 more power
|c|âzhimu|and lower chance to poison
|c|âDidiman36|but sheerforce right...
|c|âzhimu|i like the defence drop
|c|âzhimu|right
|c|âzhimu|-.-
|c|âzhimu|im a tard
|c|âzhimu|somethimes i shouldnt be allowed to do things
|c|âDidiman36|lol i like sludge bomb for poison chance too
|c|âDidiman36|just mabye not on nidoking
|
|move|p1a: Nidoking|Earth Power|p2a: Umbreon
|-damage|p2a: Umbreon|153\/394
|move|p2a: Umbreon|Wish|p2a: Umbreon
|
|-heal|p2a: Umbreon|177\/394|[from] item: Leftovers
|turn|17
|
|switch|p1a: Florges|Florges, F|187\/360
|move|p2a: Umbreon|Payback|p1a: Florges
|-resisted|p1a: Florges
|-damage|p1a: Florges|158\/360
|
|-heal|p2a: Umbreon|374\/394|[from] move: Wish|[wisher] Umbreon
|-heal|p1a: Florges|180\/360|[from] item: Leftovers
|-heal|p2a: Umbreon|394\/394|[from] item: Leftovers
|turn|18
|c|âzhimu|yeah well thanks for the info
|c|âzhimu|gonna change that
|c|âDidiman36|np
|
|move|p1a: Florges|Protect|p1a: Florges
|-singleturn|p1a: Florges|Protect
|move|p2a: Umbreon|Wish|p2a: Umbreon
|
|-heal|p1a: Florges|202\/360|[from] item: Leftovers
|turn|19
|
|switch|p2a: Porygon-Z|Porygon-Z|211\/312
|-damage|p2a: Porygon-Z|172\/312|[from] Stealth Rock
|move|p1a: Florges|Wish|p1a: Florges
|
|-heal|p2a: Porygon-Z|312\/312|[from] move: Wish|[wisher] Umbreon
|-heal|p1a: Florges|224\/360|[from] item: Leftovers
|turn|20
|
|move|p1a: Florges|Protect|p1a: Florges
|-singleturn|p1a: Florges|Protect
|move|p2a: Porygon-Z|Tri Attack|p1a: Florges
|-activate|p1a: Florges|Protect
|
|-heal|p1a: Florges|360\/360|[from] move: Wish|[wisher] Florges
|turn|21
|
|move|p2a: Porygon-Z|Agility|p2a: Porygon-Z
|-boost|p2a: Porygon-Z|spe|2
|move|p1a: Florges|Wish|p1a: Florges
|
|turn|22
|
|move|p2a: Porygon-Z|Tri Attack|p1a: Florges
|-damage|p1a: Florges|222\/360
|-damage|p2a: Porygon-Z|281\/312|[from] item: Life Orb
|move|p1a: Florges|Moonblast|p2a: Porygon-Z
|-damage|p2a: Porygon-Z|115\/312
|
|-heal|p1a: Florges|360\/360|[from] move: Wish|[wisher] Florges
|turn|23
|
|switch|p2a: Umbreon|Umbreon, F|394\/394
|-damage|p2a: Umbreon|345\/394|[from] Stealth Rock
|move|p1a: Florges|Moonblast|p2a: Umbreon
|-supereffective|p2a: Umbreon
|-damage|p2a: Umbreon|189\/394
|-unboost|p2a: Umbreon|spa|1
|
|-heal|p2a: Umbreon|213\/394|[from] item: Leftovers
|turn|24
|
|move|p1a: Florges|Moonblast|p2a: Umbreon
|-supereffective|p2a: Umbreon
|-damage|p2a: Umbreon|57\/394
|move|p2a: Umbreon|Wish|p2a: Umbreon
|
|-heal|p2a: Umbreon|81\/394|[from] item: Leftovers
|turn|25
|
|switch|p1a: Crobat|Crobat, M|311\/311
|move|p2a: Umbreon|Protect|p2a: Umbreon
|-fail|p2a: Umbreon
|
|-heal|p2a: Umbreon|278\/394|[from] move: Wish|[wisher] Umbreon
|-heal|p2a: Umbreon|302\/394|[from] item: Leftovers
|turn|26
|
|move|p1a: Crobat|U-turn|p2a: Umbreon
|-crit|p2a: Umbreon
|-supereffective|p2a: Umbreon
|-damage|p2a: Umbreon|12\/394
|
|switch|p1a: Florges|Florges, F|360\/360
|move|p2a: Umbreon|Wish|p2a: Umbreon
|
|-heal|p2a: Umbreon|36\/394|[from] item: Leftovers
|turn|27
|
|move|p2a: Umbreon|Protect|p2a: Umbreon
|-singleturn|p2a: Umbreon|Protect
|move|p1a: Florges|Moonblast|p2a: Umbreon
|-activate|p2a: Umbreon|Protect
|
|-heal|p2a: Umbreon|233\/394|[from] move: Wish|[wisher] Umbreon
|-heal|p2a: Umbreon|257\/394|[from] item: Leftovers
|turn|28
|
|switch|p2a: Crobat|Crobat, M|131\/374
|-damage|p2a: Crobat|38\/374|[from] Stealth Rock
|move|p1a: Florges|Moonblast|p2a: Crobat
|-resisted|p2a: Crobat
|-damage|p2a: Crobat|0 fnt
|faint|p2a: Crobat
|
|
|switch|p2a: Mienshao|Mienshao, F|187\/271
|-damage|p2a: Mienshao|171\/271|[from] Stealth Rock
|turn|29
|
|move|p2a: Mienshao|Fake Out|p1a: Florges
|-damage|p1a: Florges|285\/360
|-damage|p2a: Mienshao|144\/271|[from] item: Life Orb
|cant|p1a: Florges|flinch
|
|-heal|p1a: Florges|307\/360|[from] item: Leftovers
|turn|30
|
|move|p2a: Mienshao|U-turn|p1a: Florges
|-resisted|p1a: Florges
|-damage|p1a: Florges|229\/360
|-damage|p2a: Mienshao|117\/271|[from] item: Life Orb
|
|switch|p2a: Raikou|Raikou|322\/322
|-damage|p2a: Raikou|282\/322|[from] Stealth Rock
|-ability|p2a: Raikou|Pressure
|move|p1a: Florges|Moonblast|p2a: Raikou
|-damage|p2a: Raikou|165\/322
|
|-heal|p1a: Florges|251\/360|[from] item: Leftovers
|turn|31
|
|switch|p1a: Nidoking|Nidoking, M|82\/303
|move|p2a: Raikou|Thunderbolt|p1a: Nidoking
|-immune|p1a: Nidoking|[msg]
|
|turn|32
|
|switch|p2a: Umbreon|Umbreon, F|257\/394
|-damage|p2a: Umbreon|208\/394|[from] Stealth Rock
|move|p1a: Nidoking|Sludge Bomb|p2a: Umbreon
|-damage|p2a: Umbreon|79\/394
|
|-heal|p2a: Umbreon|103\/394|[from] item: Leftovers
|turn|33
|
|move|p2a: Umbreon|Protect|p2a: Umbreon
|-singleturn|p2a: Umbreon|Protect
|move|p1a: Nidoking|Sludge Bomb|p2a: Umbreon
|-activate|p2a: Umbreon|Protect
|
|-heal|p2a: Umbreon|127\/394|[from] item: Leftovers
|turn|34
|
|move|p1a: Nidoking|Sludge Bomb|p2a: Umbreon
|-damage|p2a: Umbreon|10\/394
|move|p2a: Umbreon|Wish|p2a: Umbreon
|
|-heal|p2a: Umbreon|34\/394|[from] item: Leftovers
|turn|35
|
|switch|p1a: Crobat|Crobat, M|311\/311
|move|p2a: Umbreon|Protect|p2a: Umbreon
|-fail|p2a: Umbreon
|
|-heal|p2a: Umbreon|231\/394|[from] move: Wish|[wisher] Umbreon
|-heal|p2a: Umbreon|255\/394|[from] item: Leftovers
|turn|36
|
|move|p2a: Umbreon|Protect|p2a: Umbreon
|-singleturn|p2a: Umbreon|Protect
|move|p1a: Crobat|U-turn|p2a: Umbreon
|-activate|p2a: Umbreon|Protect
|
|-heal|p2a: Umbreon|279\/394|[from] item: Leftovers
|turn|37
|
|switch|p2a: Ditto|Ditto|299\/299
|-damage|p2a: Ditto|262\/299|[from] Stealth Rock
|-transform|p2a: Ditto|p1a: Crobat
|move|p1a: Crobat|U-turn|p2a: Ditto
|-resisted|p2a: Ditto
|-damage|p2a: Ditto|235\/299
|
|switch|p1a: Trevenant|Trevenant, M, shiny|312\/312
|
|turn|38
|
|switch|p1a: Ludicolo|Ludicolo, M|34\/364
|move|p2a: Ditto|Brave Bird|p1a: Ludicolo
|-supereffective|p1a: Ludicolo
|-damage|p1a: Ludicolo|0 fnt
|-damage|p2a: Ditto|224\/299|[from] recoil|[of] p1a: Ludicolo
|faint|p1a: Ludicolo
|
|
|switch|p1a: Nidoking|Nidoking, M|82\/303
|turn|39
|
|move|p2a: Ditto|Brave Bird|p1a: Nidoking
|-damage|p1a: Nidoking|0 fnt
|-damage|p2a: Ditto|197\/299|[from] recoil|[of] p1a: Nidoking
|faint|p1a: Nidoking
|
|
|switch|p1a: Florges|Florges, F|251\/360
|turn|40
|
|switch|p1a: Crobat|Crobat, M|311\/311
|move|p2a: Ditto|Brave Bird|p1a: Crobat
|-damage|p1a: Crobat|122\/311
|-damage|p2a: Ditto|135\/299|[from] recoil|[of] p1a: Crobat
|
|turn|41
|
|move|p2a: Ditto|Brave Bird|p1a: Crobat
|-crit|p1a: Crobat
|-damage|p1a: Crobat|0 fnt
|-damage|p2a: Ditto|95\/299|[from] recoil|[of] p1a: Crobat
|faint|p1a: Crobat
|
|
|switch|p1a: Florges|Florges, F|251\/360
|turn|42
|
|move|p2a: Ditto|Brave Bird|p1a: Florges
|-damage|p1a: Florges|26\/360
|-damage|p2a: Ditto|21\/299|[from] recoil|[of] p1a: Florges
|move|p1a: Florges|Wish|p1a: Florges
|
|-heal|p1a: Florges|48\/360|[from] item: Leftovers
|turn|43
|
|move|p1a: Florges|Protect|p1a: Florges
|-singleturn|p1a: Florges|Protect
|move|p2a: Ditto|Struggle|p1a: Florges
|-activate|p1a: Florges|Protect
|
|-heal|p1a: Florges|228\/360|[from] move: Wish|[wisher] Florges
|-heal|p1a: Florges|250\/360|[from] item: Leftovers
|turn|44
|
|move|p2a: Ditto|Struggle|p1a: Florges
|-damage|p1a: Florges|187\/360
|-damage|p2a: Ditto|0 fnt
|faint|p2a: Ditto
|move|p1a: Florges|Moonblast|p2: Ditto|[notarget]
|-notarget
|
|-heal|p1a: Florges|209\/360|[from] item: Leftovers
|
|switch|p2a: Raikou|Raikou|165\/322
|-damage|p2a: Raikou|125\/322|[from] Stealth Rock
|-ability|p2a: Raikou|Pressure
|turn|45
|
|move|p2a: Raikou|Thunderbolt|p1a: Florges
|-damage|p1a: Florges|100\/360
|move|p1a: Florges|Wish|p1a: Florges
|
|-heal|p1a: Florges|122\/360|[from] item: Leftovers
|turn|46
|
|move|p2a: Raikou|Thunderbolt|p1a: Florges
|-damage|p1a: Florges|8\/360
|move|p1a: Florges|Moonblast|p2a: Raikou
|-damage|p2a: Raikou|0 fnt
|faint|p2a: Raikou
|
|-heal|p1a: Florges|188\/360|[from] move: Wish|[wisher] Florges
|-heal|p1a: Florges|210\/360|[from] item: Leftovers
|
|switch|p2a: Mienshao|Mienshao, F|207\/271
|-damage|p2a: Mienshao|191\/271|[from] Stealth Rock
|turn|47
|
|move|p1a: Florges|Protect|p1a: Florges
|-singleturn|p1a: Florges|Protect
|move|p2a: Mienshao|Fake Out|p1a: Florges
|-activate|p1a: Florges|Protect
|
|-heal|p1a: Florges|232\/360|[from] item: Leftovers
|turn|48
|
|move|p2a: Mienshao|Stone Edge|p1a: Florges
|-damage|p1a: Florges|12\/360
|-damage|p2a: Mienshao|164\/271|[from] item: Life Orb
|move|p1a: Florges|Moonblast|p2a: Mienshao
|-supereffective|p2a: Mienshao
|-damage|p2a: Mienshao|0 fnt
|faint|p2a: Mienshao
|
|-heal|p1a: Florges|34\/360|[from] item: Leftovers
|
|switch|p2a: Porygon-Z|Porygon-Z|115\/312
|-damage|p2a: Porygon-Z|76\/312|[from] Stealth Rock
|turn|49
|
|move|p1a: Florges|Protect|p1a: Florges
|-singleturn|p1a: Florges|Protect
|move|p2a: Porygon-Z|Ice Beam|p1a: Florges
|-activate|p1a: Florges|Protect
|
|-heal|p1a: Florges|56\/360|[from] item: Leftovers
|turn|50
|
|move|p2a: Porygon-Z|Ice Beam|p1a: Florges
|-damage|p1a: Florges|0 fnt
|-damage|p2a: Porygon-Z|45\/312|[from] item: Life Orb
|faint|p1a: Florges
|
|
|switch|p1a: Trevenant|Trevenant, M, shiny|312\/312
|turn|51
|c|âzhimu|specs or scarf?
|c|âDidiman36|life orbbbbb
|
|move|p2a: Porygon-Z|Ice Beam|p1a: Trevenant
|-supereffective|p1a: Trevenant
|-damage|p1a: Trevenant|55\/312
|-damage|p2a: Porygon-Z|14\/312|[from] item: Life Orb
|-enditem|p1a: Trevenant|Sitrus Berry|[eat]
|-heal|p1a: Trevenant|133\/312|[from] item: Sitrus Berry
|move|p1a: Trevenant|Horn Leech|p2a: Porygon-Z
|-damage|p2a: Porygon-Z|0 fnt
|-heal|p1a: Trevenant|140\/312|[from] drain|[of] p2a: Porygon-Z
|faint|p2a: Porygon-Z
|
|
|switch|p2a: Umbreon|Umbreon, F|279\/394
|-damage|p2a: Umbreon|230\/394|[from] Stealth Rock
|turn|52
|c|âzhimu|right...
|
|move|p2a: Umbreon|Wish|p2a: Umbreon
|move|p1a: Trevenant|Leech Seed|p2a: Umbreon
|-start|p2a: Umbreon|move: Leech Seed
|
|-heal|p2a: Umbreon|254\/394|[from] item: Leftovers
|-damage|p2a: Umbreon|205\/394|[from] Leech Seed|[of] p1a: Trevenant
|-heal|p1a: Trevenant|189\/312|[silent]
|-item|p1a: Trevenant|Sitrus Berry|[from] ability: Harvest
|turn|53
|
|move|p2a: Umbreon|Payback|p1a: Trevenant
|-supereffective|p1a: Trevenant
|-damage|p1a: Trevenant|75\/312
|-enditem|p1a: Trevenant|Sitrus Berry|[eat]
|-heal|p1a: Trevenant|153\/312|[from] item: Sitrus Berry
|move|p1a: Trevenant|Horn Leech|p2a: Umbreon
|-damage|p2a: Umbreon|94\/394
|-heal|p1a: Trevenant|209\/312|[from] drain|[of] p2a: Umbreon
|
|-heal|p2a: Umbreon|291\/394|[from] move: Wish|[wisher] Umbreon
|-heal|p2a: Umbreon|315\/394|[from] item: Leftovers
|-damage|p2a: Umbreon|266\/394|[from] Leech Seed|[of] p1a: Trevenant
|-heal|p1a: Trevenant|258\/312|[silent]
|-item|p1a: Trevenant|Sitrus Berry|[from] ability: Harvest
|turn|54
|
|move|p2a: Umbreon|Wish|p2a: Umbreon
|move|p1a: Trevenant|Will-O-Wisp|p2a: Umbreon|[miss]
|-miss|p1a: Trevenant|p2a: Umbreon
|
|-heal|p2a: Umbreon|290\/394|[from] item: Leftovers
|-damage|p2a: Umbreon|241\/394|[from] Leech Seed|[of] p1a: Trevenant
|-heal|p1a: Trevenant|307\/312|[silent]
|turn|55
|
|move|p2a: Umbreon|Payback|p1a: Trevenant
|-supereffective|p1a: Trevenant
|-damage|p1a: Trevenant|209\/312
|move|p1a: Trevenant|Will-O-Wisp|p2a: Umbreon|[miss]
|-miss|p1a: Trevenant|p2a: Umbreon
|
|-heal|p2a: Umbreon|394\/394|[from] move: Wish|[wisher] Umbreon
|-damage|p2a: Umbreon|345\/394|[from] Leech Seed|[of] p1a: Trevenant
|-heal|p1a: Trevenant|258\/312|[silent]
|turn|56
|
|move|p2a: Umbreon|Payback|p1a: Trevenant
|-supereffective|p1a: Trevenant
|-damage|p1a: Trevenant|144\/312
|-enditem|p1a: Trevenant|Sitrus Berry|[eat]
|-heal|p1a: Trevenant|222\/312|[from] item: Sitrus Berry
|move|p1a: Trevenant|Will-O-Wisp|p2a: Umbreon|[miss]
|-miss|p1a: Trevenant|p2a: Umbreon
|
|-heal|p2a: Umbreon|369\/394|[from] item: Leftovers
|-damage|p2a: Umbreon|320\/394|[from] Leech Seed|[of] p1a: Trevenant
|-heal|p1a: Trevenant|271\/312|[silent]
|turn|57
|c|âzhimu|SERIOUSLY
|
|move|p2a: Umbreon|Wish|p2a: Umbreon
|move|p1a: Trevenant|Will-O-Wisp|p2a: Umbreon|[miss]
|-miss|p1a: Trevenant|p2a: Umbreon
|
|-heal|p2a: Umbreon|344\/394|[from] item: Leftovers
|-damage|p2a: Umbreon|295\/394|[from] Leech Seed|[of] p1a: Trevenant
|-heal|p1a: Trevenant|312\/312|[silent]
|-item|p1a: Trevenant|Sitrus Berry|[from] ability: Harvest
|turn|58
|c|âDidiman36|lol
|c|âzhimu|this is BS
|
|move|p2a: Umbreon|Payback|p1a: Trevenant
|-supereffective|p1a: Trevenant
|-damage|p1a: Trevenant|202\/312
|move|p1a: Trevenant|Will-O-Wisp|p2a: Umbreon
|-status|p2a: Umbreon|brn
|-status|p1a: Trevenant|brn
|
|-heal|p2a: Umbreon|394\/394 brn|[from] move: Wish|[wisher] Umbreon
|-damage|p2a: Umbreon|345\/394 brn|[from] Leech Seed|[of] p1a: Trevenant
|-heal|p1a: Trevenant|251\/312 brn|[silent]
|-damage|p2a: Umbreon|296\/394 brn|[from] brn
|-damage|p1a: Trevenant|212\/312 brn|[from] brn
|turn|59
|c|âzhimu|yay
|
|move|p2a: Umbreon|Heal Bell|p2a: Umbreon
|-cureteam|p2a: Umbreon|[from] move: HealBell
|move|p1a: Trevenant|Horn Leech|p2a: Umbreon
|-damage|p2a: Umbreon|242\/394
|-heal|p1a: Trevenant|239\/312 brn|[from] drain|[of] p2a: Umbreon
|
|-heal|p2a: Umbreon|266\/394|[from] item: Leftovers
|-damage|p2a: Umbreon|217\/394|[from] Leech Seed|[of] p1a: Trevenant
|-heal|p1a: Trevenant|288\/312 brn|[silent]
|-damage|p1a: Trevenant|249\/312 brn|[from] brn
|turn|60
|
|move|p2a: Umbreon|Wish|p2a: Umbreon
|move|p1a: Trevenant|Horn Leech|p2a: Umbreon
|-damage|p2a: Umbreon|163\/394
|-heal|p1a: Trevenant|276\/312 brn|[from] drain|[of] p2a: Umbreon
|
|-heal|p2a: Umbreon|187\/394|[from] item: Leftovers
|-damage|p2a: Umbreon|138\/394|[from] Leech Seed|[of] p1a: Trevenant
|-heal|p1a: Trevenant|312\/312 brn|[silent]
|-damage|p1a: Trevenant|273\/312 brn|[from] brn
|turn|61
|
|move|p2a: Umbreon|Payback|p1a: Trevenant
|-supereffective|p1a: Trevenant
|-damage|p1a: Trevenant|163\/312 brn
|move|p1a: Trevenant|Will-O-Wisp|p2a: Umbreon
|-status|p2a: Umbreon|brn
|
|-heal|p2a: Umbreon|335\/394 brn|[from] move: Wish|[wisher] Umbreon
|-heal|p2a: Umbreon|359\/394 brn|[from] item: Leftovers
|-damage|p2a: Umbreon|310\/394 brn|[from] Leech Seed|[of] p1a: Trevenant
|-heal|p1a: Trevenant|212\/312 brn|[silent]
|-damage|p2a: Umbreon|261\/394 brn|[from] brn
|-damage|p1a: Trevenant|173\/312 brn|[from] brn
|turn|62
|
|move|p2a: Umbreon|Heal Bell|p2a: Umbreon
|-cureteam|p2a: Umbreon|[from] move: HealBell
|move|p1a: Trevenant|Horn Leech|p2a: Umbreon
|-damage|p2a: Umbreon|206\/394
|-heal|p1a: Trevenant|201\/312 brn|[from] drain|[of] p2a: Umbreon
|
|-heal|p2a: Umbreon|230\/394|[from] item: Leftovers
|-damage|p2a: Umbreon|181\/394|[from] Leech Seed|[of] p1a: Trevenant
|-heal|p1a: Trevenant|250\/312 brn|[silent]
|-damage|p1a: Trevenant|211\/312 brn|[from] brn
|turn|63
|
|move|p2a: Umbreon|Wish|p2a: Umbreon
|move|p1a: Trevenant|Will-O-Wisp|p2a: Umbreon
|-status|p2a: Umbreon|brn
|
|-heal|p2a: Umbreon|205\/394 brn|[from] item: Leftovers
|-damage|p2a: Umbreon|156\/394 brn|[from] Leech Seed|[of] p1a: Trevenant
|-heal|p1a: Trevenant|260\/312 brn|[silent]
|-damage|p2a: Umbreon|107\/394 brn|[from] brn
|-damage|p1a: Trevenant|221\/312 brn|[from] brn
|turn|64
|
|move|p2a: Umbreon|Heal Bell|p2a: Umbreon
|-cureteam|p2a: Umbreon|[from] move: HealBell
|move|p1a: Trevenant|Horn Leech|p2a: Umbreon
|-damage|p2a: Umbreon|49\/394
|-heal|p1a: Trevenant|250\/312 brn|[from] drain|[of] p2a: Umbreon
|
|-heal|p2a: Umbreon|246\/394|[from] move: Wish|[wisher] Umbreon
|-heal|p2a: Umbreon|270\/394|[from] item: Leftovers
|-damage|p2a: Umbreon|221\/394|[from] Leech Seed|[of] p1a: Trevenant
|-heal|p1a: Trevenant|299\/312 brn|[silent]
|-damage|p1a: Trevenant|260\/312 brn|[from] brn
|turn|65
|
|move|p2a: Umbreon|Payback|p1a: Trevenant
|-supereffective|p1a: Trevenant
|-damage|p1a: Trevenant|146\/312 brn
|-enditem|p1a: Trevenant|Sitrus Berry|[eat]
|-heal|p1a: Trevenant|224\/312 brn|[from] item: Sitrus Berry
|move|p1a: Trevenant|Will-O-Wisp|p2a: Umbreon|[miss]
|-miss|p1a: Trevenant|p2a: Umbreon
|
|-heal|p2a: Umbreon|245\/394|[from] item: Leftovers
|-damage|p2a: Umbreon|196\/394|[from] Leech Seed|[of] p1a: Trevenant
|-heal|p1a: Trevenant|273\/312 brn|[silent]
|-damage|p1a: Trevenant|234\/312 brn|[from] brn
|turn|66
|
|move|p2a: Umbreon|Payback|p1a: Trevenant
|-supereffective|p1a: Trevenant
|-damage|p1a: Trevenant|136\/312 brn
|move|p1a: Trevenant|Will-O-Wisp|p2a: Umbreon
|-status|p2a: Umbreon|brn
|
|-heal|p2a: Umbreon|220\/394 brn|[from] item: Leftovers
|-damage|p2a: Umbreon|171\/394 brn|[from] Leech Seed|[of] p1a: Trevenant
|-heal|p1a: Trevenant|185\/312 brn|[silent]
|-damage|p2a: Umbreon|122\/394 brn|[from] brn
|-damage|p1a: Trevenant|146\/312 brn|[from] brn
|-item|p1a: Trevenant|Sitrus Berry|[from] ability: Harvest
|-enditem|p1a: Trevenant|Sitrus Berry|[eat]
|-heal|p1a: Trevenant|224\/312 brn|[from] item: Sitrus Berry
|turn|67
|
|move|p2a: Umbreon|Payback|p1a: Trevenant
|-supereffective|p1a: Trevenant
|-damage|p1a: Trevenant|168\/312 brn
|move|p1a: Trevenant|Horn Leech|p2a: Umbreon
|-damage|p2a: Umbreon|62\/394 brn
|-heal|p1a: Trevenant|198\/312 brn|[from] drain|[of] p2a: Umbreon
|
|-heal|p2a: Umbreon|86\/394 brn|[from] item: Leftovers
|-damage|p2a: Umbreon|37\/394 brn|[from] Leech Seed|[of] p1a: Trevenant
|-heal|p1a: Trevenant|247\/312 brn|[silent]
|-damage|p2a: Umbreon|0 fnt|[from] brn
|-damage|p1a: Trevenant|208\/312 brn|[from] brn
|-item|p1a: Trevenant|Sitrus Berry|[from] ability: Harvest
|faint|p2a: Umbreon
|
|win|zhimu
|raw|Ladder updating...
|raw|zhimu's rating: 1048 &rarr; <strong>1082<\/strong><br \/>(+34 for winning)
|raw|Didiman36's rating: 1062 &rarr; <strong>1042<\/strong><br \/>(-20 for losing)
|c|âDidiman36|gg
|c|âzhimu|gg
|c|âzhimu|was fun
|leave|Didiman36
|player|p2