|join|EmprahProtects
|join|Itsuki
|player|p1|EmprahProtects|165
|player|p2|Itsuki|170
|gametype|singles
|gen|6
|tier|OU
|rated
|clearpoke
|poke|p1|Slowbro, M
|poke|p1|Clefable, M
|poke|p1|Ferrothorn, F
|poke|p1|Heatran, M
|poke|p1|Sableye, F
|poke|p1|Garchomp, M
|poke|p2|Garchomp, M
|poke|p2|Latios, M
|poke|p2|Azumarill, F
|poke|p2|Heatran, M
|poke|p2|Lopunny, F
|poke|p2|Bisharp, F
|rule|Swagger Clause: Swagger is banned
|rule|Baton Pass Clause: Limit one PokÃ©mon knowing Baton Pass
|rule|Sleep Clause Mod: Limit one foe put to sleep
|rule|Species Clause: Limit one of each PokÃ©mon
|rule|OHKO Clause: OHKO moves are banned
|rule|Moody Clause: Moody is banned
|rule|Evasion Moves Clause: Evasion moves are banned
|rule|Endless Battle Clause: Forcing endless battles is banned
|rule|HP Percentage Mod: HP is shown in percentages
|teampreview
|
|start
|switch|p1a: Slowbro|Slowbro, M|394\/394
|switch|p2a: Garchomp|Garchomp, M|357\/357
|turn|1
|
|switch|p2a: Latios|Latios, M|301\/301
|detailschange|p1a: Slowbro|Slowbro-Mega, M
|-mega|p1a: Slowbro|Slowbro|Slowbronite
|move|p1a: Slowbro|Scald|p2a: Latios
|-resisted|p2a: Latios
|-damage|p2a: Latios|248\/301
|
|turn|2
|
|switch|p2a: Garchomp|Garchomp, M|357\/357
|switch|p1a: Heatran|Heatran, M|385\/385
|
|turn|3
|
|switch|p1a: Slowbro|Slowbro-Mega, M|394\/394
|move|p2a: Garchomp|Stealth Rock|p1a: Slowbro
|-sidestart|p1: EmprahProtects|move: Stealth Rock
|
|turn|4
|
|switch|p2a: Latios|Latios, M|248\/301
|move|p1a: Slowbro|Scald|p2a: Latios
|-resisted|p2a: Latios
|-damage|p2a: Latios|191\/301
|-status|p2a: Latios|brn
|
|-damage|p2a: Latios|154\/301 brn|[from] brn
|turn|5
|
|switch|p1a: Ferrothorn|Ferrothorn, F|352\/352
|-damage|p1a: Ferrothorn|330\/352|[from] Stealth Rock
|move|p2a: Latios|Thunderbolt|p1a: Ferrothorn
|-resisted|p1a: Ferrothorn
|-damage|p1a: Ferrothorn|279\/352
|-damage|p2a: Latios|124\/301 brn|[from] item: Life Orb
|
|-heal|p1a: Ferrothorn|301\/352|[from] item: Leftovers
|-damage|p2a: Latios|87\/301 brn|[from] brn
|turn|6
|
|switch|p2a: Heatran|Heatran, M|323\/323
|move|p1a: Ferrothorn|Leech Seed|p2a: Heatran|[miss]
|-miss|p1a: Ferrothorn|p2a: Heatran
|
|-heal|p1a: Ferrothorn|323\/352|[from] item: Leftovers
|turn|7
|
|switch|p2a: Garchomp|Garchomp, M|357\/357
|switch|p1a: Heatran|Heatran, M|385\/385
|-damage|p1a: Heatran|337\/385|[from] Stealth Rock
|
|-heal|p1a: Heatran|361\/385|[from] item: Leftovers
|turn|8
|
|switch|p1a: Slowbro|Slowbro-Mega, M|394\/394
|-damage|p1a: Slowbro|345\/394|[from] Stealth Rock
|move|p2a: Garchomp|Earthquake|p1a: Slowbro
|-damage|p1a: Slowbro|255\/394
|
|turn|9
|
|switch|p2a: Latios|Latios, M|87\/301 brn
|move|p1a: Slowbro|Slack Off|p1a: Slowbro
|-heal|p1a: Slowbro|394\/394
|
|-damage|p2a: Latios|50\/301 brn|[from] brn
|turn|10
|
|switch|p1a: Heatran|Heatran, M|361\/385
|-damage|p1a: Heatran|313\/385|[from] Stealth Rock
|move|p2a: Latios|Roost|p2a: Latios
|-heal|p2a: Latios|201\/301 brn
|
|-heal|p1a: Heatran|337\/385|[from] item: Leftovers
|-damage|p2a: Latios|164\/301 brn|[from] brn
|turn|11
|
|switch|p2a: Garchomp|Garchomp, M|357\/357
|move|p1a: Heatran|Stealth Rock|p2a: Garchomp
|-sidestart|p2: Itsuki|move: Stealth Rock
|
|-heal|p1a: Heatran|361\/385|[from] item: Leftovers
|turn|12
|
|switch|p2a: Bisharp|Bisharp, F|271\/271
|-damage|p2a: Bisharp|255\/271|[from] Stealth Rock
|switch|p1a: Slowbro|Slowbro-Mega, M|394\/394
|-damage|p1a: Slowbro|345\/394|[from] Stealth Rock
|
|turn|13
|
|move|p2a: Bisharp|Knock Off|p1a: Slowbro
|-supereffective|p1a: Slowbro
|-damage|p1a: Slowbro|210\/394
|-damage|p2a: Bisharp|228\/271|[from] item: Life Orb
|move|p1a: Slowbro|Scald|p2a: Bisharp
|-crit|p2a: Bisharp
|-damage|p2a: Bisharp|0 fnt
|faint|p2a: Bisharp
|
|
|switch|p2a: Azumarill|Azumarill, F|384\/384
|-damage|p2a: Azumarill|336\/384|[from] Stealth Rock
|turn|14
|c|âEmprahProtects|err
|
|switch|p1a: Sableye|Sableye, F|304\/304
|-damage|p1a: Sableye|266\/304|[from] Stealth Rock
|move|p2a: Azumarill|Play Rough|p1a: Sableye
|-crit|p1a: Sableye
|-supereffective|p1a: Sableye
|-damage|p1a: Sableye|0 fnt
|faint|p1a: Sableye
|
|
|switch|p1a: Ferrothorn|Ferrothorn, F|323\/352
|-damage|p1a: Ferrothorn|301\/352|[from] Stealth Rock
|turn|15
|
|switch|p2a: Heatran|Heatran, M|323\/323
|-damage|p2a: Heatran|283\/323|[from] Stealth Rock
|move|p1a: Ferrothorn|Leech Seed|p2a: Heatran
|-start|p2a: Heatran|move: Leech Seed
|
|-heal|p1a: Ferrothorn|323\/352|[from] item: Leftovers
|-damage|p2a: Heatran|243\/323|[from] Leech Seed|[of] p1a: Ferrothorn
|-heal|p1a: Ferrothorn|352\/352|[silent]
|turn|16
|
|switch|p2a: Garchomp|Garchomp, M|357\/357
|-damage|p2a: Garchomp|335\/357|[from] Stealth Rock
|move|p1a: Ferrothorn|Protect|p1a: Ferrothorn
|-fail|p1a: Ferrothorn
|
|turn|17
|
|move|p2a: Garchomp|Fire Blast|p1a: Ferrothorn
|-supereffective|p1a: Ferrothorn
|-damage|p1a: Ferrothorn|124\/352
|move|p1a: Ferrothorn|Leech Seed|p2a: Garchomp
|-start|p2a: Garchomp|move: Leech Seed
|
|-heal|p1a: Ferrothorn|146\/352|[from] item: Leftovers
|-damage|p2a: Garchomp|291\/357|[from] Leech Seed|[of] p1a: Ferrothorn
|-heal|p1a: Ferrothorn|190\/352|[silent]
|turn|18
|
|switch|p2a: Lopunny|Lopunny, F|271\/271
|-damage|p2a: Lopunny|238\/271|[from] Stealth Rock
|move|p1a: Ferrothorn|Protect|p1a: Ferrothorn
|-fail|p1a: Ferrothorn
|
|-heal|p1a: Ferrothorn|212\/352|[from] item: Leftovers
|turn|19
|
|detailschange|p2a: Lopunny|Lopunny-Mega, F
|-mega|p2a: Lopunny|Lopunny|Lopunnite
|move|p2a: Lopunny|High Jump Kick|p1a: Ferrothorn
|-crit|p1a: Ferrothorn
|-supereffective|p1a: Ferrothorn
|-damage|p1a: Ferrothorn|0 fnt
|-damage|p2a: Lopunny|205\/271|[from] ability: Iron Barbs|[of] p1a: Ferrothorn
|faint|p1a: Ferrothorn
|
|
|switch|p1a: Slowbro|Slowbro-Mega, M|210\/394
|-damage|p1a: Slowbro|161\/394|[from] Stealth Rock
|turn|20
|
|switch|p2a: Latios|Latios, M|164\/301 brn
|-damage|p2a: Latios|127\/301 brn|[from] Stealth Rock
|move|p1a: Slowbro|Slack Off|p1a: Slowbro
|-heal|p1a: Slowbro|358\/394
|
|-damage|p2a: Latios|90\/301 brn|[from] brn
|turn|21
|
|switch|p1a: Garchomp|Garchomp, M|357\/357
|-damage|p1a: Garchomp|335\/357|[from] Stealth Rock
|move|p2a: Latios|Roost|p2a: Latios
|-heal|p2a: Latios|241\/301 brn
|
|-damage|p2a: Latios|204\/301 brn|[from] brn
|turn|22
|
|switch|p2a: Azumarill|Azumarill, F|336\/384
|-damage|p2a: Azumarill|288\/384|[from] Stealth Rock
|move|p1a: Garchomp|Iron Head|p2a: Azumarill
|-damage|p2a: Azumarill|157\/384
|
|turn|23
|
|switch|p1a: Slowbro|Slowbro-Mega, M|358\/394
|-damage|p1a: Slowbro|309\/394|[from] Stealth Rock
|move|p2a: Azumarill|Play Rough|p1a: Slowbro
|-damage|p1a: Slowbro|173\/394
|
|turn|24
|
|switch|p2a: Latios|Latios, M|204\/301 brn
|-damage|p2a: Latios|167\/301 brn|[from] Stealth Rock
|move|p1a: Slowbro|Slack Off|p1a: Slowbro
|-heal|p1a: Slowbro|370\/394
|
|-damage|p2a: Latios|130\/301 brn|[from] brn
|turn|25
|
|switch|p1a: Heatran|Heatran, M|361\/385
|-damage|p1a: Heatran|313\/385|[from] Stealth Rock
|move|p2a: Latios|Thunderbolt|p1a: Heatran
|-damage|p1a: Heatran|216\/385
|-damage|p2a: Latios|100\/301 brn|[from] item: Life Orb
|
|-heal|p1a: Heatran|240\/385|[from] item: Leftovers
|-damage|p2a: Latios|63\/301 brn|[from] brn
|turn|26
|
|move|p2a: Latios|Roost|p2a: Latios
|-heal|p2a: Latios|214\/301 brn
|move|p1a: Heatran|Earth Power|p2a: Latios
|-immune|p2a: Latios|[msg]
|
|-heal|p1a: Heatran|264\/385|[from] item: Leftovers
|-damage|p2a: Latios|177\/301 brn|[from] brn
|turn|27
|
|switch|p2a: Azumarill|Azumarill, F|157\/384
|-damage|p2a: Azumarill|109\/384|[from] Stealth Rock
|move|p1a: Heatran|Lava Plume|p2a: Azumarill
|-resisted|p2a: Azumarill
|-damage|p2a: Azumarill|42\/384
|-status|p2a: Azumarill|brn
|
|-heal|p1a: Heatran|288\/385|[from] item: Leftovers
|-damage|p2a: Azumarill|0 fnt|[from] brn
|faint|p2a: Azumarill
|
|switch|p2a: Garchomp|Garchomp, M|291\/357
|-damage|p2a: Garchomp|269\/357|[from] Stealth Rock
|turn|28
|
|switch|p1a: Slowbro|Slowbro-Mega, M|370\/394
|-damage|p1a: Slowbro|321\/394|[from] Stealth Rock
|move|p2a: Garchomp|Earthquake|p1a: Slowbro
|-damage|p1a: Slowbro|245\/394
|
|turn|29
|
|switch|p2a: Latios|Latios, M|177\/301 brn
|-damage|p2a: Latios|140\/301 brn|[from] Stealth Rock
|move|p1a: Slowbro|Slack Off|p1a: Slowbro
|-heal|p1a: Slowbro|394\/394
|
|-damage|p2a: Latios|103\/301 brn|[from] brn
|turn|30
|
|switch|p1a: Clefable|Clefable, M|394\/394
|move|p2a: Latios|Roost|p2a: Latios
|-heal|p2a: Latios|254\/301 brn
|
|-damage|p2a: Latios|217\/301 brn|[from] brn
|turn|31
|
|switch|p2a: Heatran|Heatran, M|243\/323
|-damage|p2a: Heatran|203\/323|[from] Stealth Rock
|move|p1a: Clefable|Wish|p1a: Clefable
|
|turn|32
|
|switch|p1a: Garchomp|Garchomp, M|335\/357
|-damage|p1a: Garchomp|313\/357|[from] Stealth Rock
|move|p2a: Heatran|Earth Power|p1a: Garchomp
|-damage|p1a: Garchomp|182\/357
|
|-heal|p1a: Garchomp|357\/357|[from] move: Wish|[wisher] Clefable
|turn|33
|
|switch|p2a: Latios|Latios, M|217\/301 brn
|-damage|p2a: Latios|180\/301 brn|[from] Stealth Rock
|move|p1a: Garchomp|Dragon Claw|p2a: Latios
|-supereffective|p2a: Latios
|-damage|p2a: Latios|0 fnt
|faint|p2a: Latios
|
|
|switch|p2a: Lopunny|Lopunny-Mega, F|205\/271
|-damage|p2a: Lopunny|189\/271|[from] Stealth Rock
|turn|34
|
|switch|p1a: Slowbro|Slowbro-Mega, M|394\/394
|-damage|p1a: Slowbro|345\/394|[from] Stealth Rock
|move|p2a: Lopunny|Ice Punch|p1a: Slowbro
|-resisted|p1a: Slowbro
|-damage|p1a: Slowbro|324\/394
|-status|p1a: Slowbro|frz
|
|turn|35
|
|move|p2a: Lopunny|Return|p1a: Slowbro
|-damage|p1a: Slowbro|228\/394 frz
|cant|p1a: Slowbro|frz
|
|turn|36
|
|switch|p1a: Heatran|Heatran, M|288\/385
|-damage|p1a: Heatran|240\/385|[from] Stealth Rock
|move|p2a: Lopunny|Return|p1a: Heatran
|-resisted|p1a: Heatran
|-damage|p1a: Heatran|151\/385
|
|-heal|p1a: Heatran|175\/385|[from] item: Leftovers
|turn|37
|
|move|p2a: Lopunny|High Jump Kick|p1a: Heatran
|-supereffective|p1a: Heatran
|-damage|p1a: Heatran|0 fnt
|faint|p1a: Heatran
|
|
|switch|p1a: Clefable|Clefable, M|394\/394
|turn|38
|
|switch|p2a: Heatran|Heatran, M|203\/323
|-damage|p2a: Heatran|163\/323|[from] Stealth Rock
|move|p1a: Clefable|Heal Bell|p1a: Clefable
|-cureteam|p1a: Clefable|[from] move: HealBell
|
|turn|39
|
|switch|p1a: Garchomp|Garchomp, M|357\/357
|-damage|p1a: Garchomp|335\/357|[from] Stealth Rock
|move|p2a: Heatran|Fire Blast|p1a: Garchomp
|-resisted|p1a: Garchomp
|-damage|p1a: Garchomp|221\/357
|
|turn|40
|
|move|p1a: Garchomp|Earthquake|p2a: Heatran
|-crit|p2a: Heatran
|-supereffective|p2a: Heatran
|-damage|p2a: Heatran|0 fnt
|faint|p2a: Heatran
|
|
|switch|p2a: Garchomp|Garchomp, M|269\/357
|-damage|p2a: Garchomp|247\/357|[from] Stealth Rock
|turn|41
|
|move|p1a: Garchomp|Earthquake|p2a: Garchomp
|-damage|p2a: Garchomp|60\/357
|move|p2a: Garchomp|Earthquake|p1a: Garchomp
|-damage|p1a: Garchomp|32\/357
|
|turn|42
|
|move|p1a: Garchomp|Earthquake|p2a: Garchomp
|-damage|p2a: Garchomp|0 fnt
|faint|p2a: Garchomp
|
|
|switch|p2a: Lopunny|Lopunny-Mega, F|189\/271
|-damage|p2a: Lopunny|173\/271|[from] Stealth Rock
|turn|43
|
|move|p2a: Lopunny|Fake Out|p1a: Garchomp
|-damage|p1a: Garchomp|0 fnt
|-damage|p2a: Lopunny|140\/271|[from] ability: Rough Skin|[of] p1a: Garchomp
|faint|p1a: Garchomp
|
|
|switch|p1a: Slowbro|Slowbro-Mega, M|228\/394
|-damage|p1a: Slowbro|179\/394|[from] Stealth Rock
|turn|44
|
|move|p2a: Lopunny|Ice Punch|p1a: Slowbro
|-resisted|p1a: Slowbro
|-damage|p1a: Slowbro|156\/394
|move|p1a: Slowbro|Slack Off|p1a: Slowbro
|-heal|p1a: Slowbro|353\/394
|
|turn|45
|
|move|p2a: Lopunny|Ice Punch|p1a: Slowbro
|-resisted|p1a: Slowbro
|-damage|p1a: Slowbro|331\/394
|move|p1a: Slowbro|Psyshock|p2a: Lopunny
|-crit|p2a: Lopunny
|-supereffective|p2a: Lopunny
|-damage|p2a: Lopunny|0 fnt
|faint|p2a: Lopunny
|
|win|EmprahProtects
|raw|Ladder updating...
|raw|EmprahProtects's rating: 1511 &rarr; <strong>1531<\/strong><br \/>(+20 for winning)
|raw|Itsuki's rating: 1503 &rarr; <strong>1484<\/strong><br \/>(-19 for losing)
|leave|Itsuki
|player|p2