|join|Itsuki
|join|MrLeefighter
|player|p1|Itsuki|2
|player|p2|MrLeefighter|156
|gametype|singles
|gen|6
|tier|OU
|rated
|clearpoke
|poke|p1|Talonflame, M
|poke|p1|Pinsir, M
|poke|p1|Latias, F
|poke|p1|Skarmory, M
|poke|p1|Landorus-Therian, M
|poke|p1|Rotom-Wash
|poke|p2|Feraligatr, F, shiny
|poke|p2|Garchomp, M, shiny
|poke|p2|Tyranitar, M, shiny
|poke|p2|Heatran, F, shiny
|poke|p2|Azelf, shiny
|poke|p2|Hippowdon, F, shiny
|rule|Swagger Clause: Swagger is banned
|rule|Baton Pass Clause: Limit one PokÃ©mon knowing Baton Pass
|rule|Sleep Clause Mod: Limit one foe put to sleep
|rule|Species Clause: Limit one of each PokÃ©mon
|rule|OHKO Clause: OHKO moves are banned
|rule|Moody Clause: Moody is banned
|rule|Evasion Moves Clause: Evasion moves are banned
|rule|Endless Battle Clause: Forcing endless battles is banned
|rule|HP Percentage Mod: HP is shown in percentages
|teampreview
|
|start
|switch|p1a: Landorus-Therian|Landorus-Therian, M|319\/319
|switch|p2a: Azelf|Azelf, shiny|291\/291
|-ability|p1a: Landorus-Therian|Intimidate|[of] p2a: Azelf
|-unboost|p2a: Azelf|atk|1
|turn|1
|join|Blu Moon
|
|move|p2a: Azelf|U-turn|p1a: Landorus-Therian
|-resisted|p1a: Landorus-Therian
|-damage|p1a: Landorus-Therian|294\/319
|
|switch|p2a: Tyranitar|Tyranitar, M, shiny|404\/404
|-weather|Sandstorm
|move|p1a: Landorus-Therian|Knock Off|p2a: Tyranitar
|-resisted|p2a: Tyranitar
|-damage|p2a: Tyranitar|350\/404
|-enditem|p2a: Tyranitar|Leftovers|[from] move: Knock Off|[of] p1a: Landorus-Therian
|
|-weather|Sandstorm|[upkeep]
|turn|2
|
|switch|p1a: Skarmory|Skarmory, M|333\/333
|move|p2a: Tyranitar|Stealth Rock|p1a: Skarmory
|-sidestart|p1: Itsuki|move: Stealth Rock
|
|-weather|Sandstorm|[upkeep]
|turn|3
|
|switch|p2a: Heatran|Heatran, F, shiny|385\/385
|move|p1a: Skarmory|Stealth Rock|p2a: Heatran
|-sidestart|p2: MrLeefighter|move: Stealth Rock
|
|-weather|Sandstorm|[upkeep]
|turn|4
|
|switch|p1a: Rotom-Wash|Rotom-Wash|303\/303
|-damage|p1a: Rotom-Wash|266\/303|[from] Stealth Rock
|move|p2a: Heatran|Fire Blast|p1a: Rotom-Wash
|-resisted|p1a: Rotom-Wash
|-damage|p1a: Rotom-Wash|158\/303
|
|-weather|Sandstorm|[upkeep]
|-damage|p1a: Rotom-Wash|140\/303|[from] sandstorm
|-heal|p1a: Rotom-Wash|158\/303|[from] item: Leftovers
|turn|5
|
|switch|p2a: Feraligatr|Feraligatr, F, shiny|311\/311
|-damage|p2a: Feraligatr|273\/311|[from] Stealth Rock
|move|p1a: Rotom-Wash|Hydro Pump|p2a: Feraligatr
|-resisted|p2a: Feraligatr
|-damage|p2a: Feraligatr|195\/311
|
|-weather|none
|-heal|p1a: Rotom-Wash|176\/303|[from] item: Leftovers
|turn|6
|
|switch|p2a: Hippowdon|Hippowdon, F, shiny|420\/420
|-damage|p2a: Hippowdon|394\/420|[from] Stealth Rock
|-weather|Sandstorm
|move|p1a: Rotom-Wash|Volt Switch|p2a: Hippowdon
|-immune|p2a: Hippowdon|[msg]
|
|-weather|Sandstorm|[upkeep]
|-damage|p1a: Rotom-Wash|158\/303|[from] sandstorm
|-heal|p1a: Rotom-Wash|176\/303|[from] item: Leftovers
|-heal|p2a: Hippowdon|420\/420|[from] item: Leftovers
|turn|7
|
|move|p1a: Rotom-Wash|Hydro Pump|p2a: Hippowdon
|-supereffective|p2a: Hippowdon
|-damage|p2a: Hippowdon|66\/420
|move|p2a: Hippowdon|Toxic|p1a: Rotom-Wash
|-status|p1a: Rotom-Wash|tox
|
|-weather|Sandstorm|[upkeep]
|-damage|p1a: Rotom-Wash|158\/303 tox|[from] sandstorm
|-heal|p1a: Rotom-Wash|176\/303 tox|[from] item: Leftovers
|-heal|p2a: Hippowdon|92\/420|[from] item: Leftovers
|-damage|p1a: Rotom-Wash|158\/303 tox|[from] psn
|turn|8
|
|move|p1a: Rotom-Wash|Hydro Pump|p2a: Hippowdon
|-supereffective|p2a: Hippowdon
|-damage|p2a: Hippowdon|0 fnt
|faint|p2a: Hippowdon
|
|-weather|Sandstorm|[upkeep]
|-damage|p1a: Rotom-Wash|140\/303 tox|[from] sandstorm
|-heal|p1a: Rotom-Wash|158\/303 tox|[from] item: Leftovers
|-damage|p1a: Rotom-Wash|122\/303 tox|[from] psn
|
|switch|p2a: Garchomp|Garchomp, M, shiny|419\/419
|-damage|p2a: Garchomp|393\/419|[from] Stealth Rock
|turn|9
|
|detailschange|p2a: Garchomp|Garchomp-Mega, M, shiny
|-mega|p2a: Garchomp|Garchomp|Garchompite
|move|p2a: Garchomp|Dragon Claw|p1a: Rotom-Wash
|-damage|p1a: Rotom-Wash|0 fnt
|faint|p1a: Rotom-Wash
|
|-weather|Sandstorm|[upkeep]
|
|switch|p1a: Latias|Latias, F|301\/301
|-damage|p1a: Latias|264\/301|[from] Stealth Rock
|turn|10
|
|move|p1a: Latias|Draco Meteor|p2a: Garchomp
|-supereffective|p2a: Garchomp
|-damage|p2a: Garchomp|0 fnt
|-unboost|p1a: Latias|spa|2
|-damage|p1a: Latias|234\/301|[from] item: Life Orb
|faint|p2a: Garchomp
|
|-weather|none
|
|switch|p2a: Tyranitar|Tyranitar, M, shiny|350\/404
|-damage|p2a: Tyranitar|300\/404|[from] Stealth Rock
|-weather|Sandstorm
|turn|11
|
|move|p1a: Latias|Defog|p2a: Tyranitar
|-unboost|p2a: Tyranitar|evasion|1
|-sideend|p2: MrLeefighter|Stealth Rock|[from] move: Defog|[of] p2a: Tyranitar
|-sideend|p1: Itsuki|Stealth Rock|[from] move: Defog|[of] p1a: Latias
|move|p2a: Tyranitar|Pursuit|p1a: Latias
|-supereffective|p1a: Latias
|-damage|p1a: Latias|60\/301
|
|-weather|Sandstorm|[upkeep]
|-damage|p1a: Latias|42\/301|[from] sandstorm
|turn|12
|
|move|p1a: Latias|Draco Meteor|p2a: Tyranitar
|-damage|p2a: Tyranitar|217\/404
|-unboost|p1a: Latias|spa|2
|-damage|p1a: Latias|12\/301|[from] item: Life Orb
|move|p2a: Tyranitar|Stealth Rock|p1a: Latias
|-sidestart|p1: Itsuki|move: Stealth Rock
|
|-weather|Sandstorm|[upkeep]
|-damage|p1a: Latias|0 fnt|[from] sandstorm
|faint|p1a: Latias
|
|switch|p1a: Pinsir|Pinsir, M|271\/271
|-damage|p1a: Pinsir|204\/271|[from] Stealth Rock
|turn|13
|
|detailschange|p1a: Pinsir|Pinsir-Mega, M
|-mega|p1a: Pinsir|Pinsir|Pinsirite
|move|p1a: Pinsir|Close Combat|p2a: Tyranitar
|-supereffective|p2a: Tyranitar
|-damage|p2a: Tyranitar|0 fnt
|-unboost|p1a: Pinsir|def|1
|-unboost|p1a: Pinsir|spd|1
|faint|p2a: Tyranitar
|
|-weather|Sandstorm|[upkeep]
|-damage|p1a: Pinsir|188\/271|[from] sandstorm
|
|switch|p2a: Azelf|Azelf, shiny|291\/291
|turn|14
|
|move|p1a: Pinsir|Quick Attack|p2a: Azelf
|-damage|p2a: Azelf|137\/291
|move|p2a: Azelf|Thunderbolt|p1a: Pinsir
|-supereffective|p1a: Pinsir
|-damage|p1a: Pinsir|0 fnt
|faint|p1a: Pinsir
|
|-weather|Sandstorm|[upkeep]
|-damage|p2a: Azelf|119\/291|[from] sandstorm
|
|switch|p1a: Landorus-Therian|Landorus-Therian, M|294\/319
|-damage|p1a: Landorus-Therian|255\/319|[from] Stealth Rock
|-ability|p1a: Landorus-Therian|Intimidate|[of] p2a: Azelf
|-unboost|p2a: Azelf|atk|1
|turn|15
|
|switch|p2a: Feraligatr|Feraligatr, F, shiny|195\/311
|move|p1a: Landorus-Therian|Earthquake|p2a: Feraligatr
|-damage|p2a: Feraligatr|3\/311
|
|-weather|none
|turn|16
|
|move|p2a: Feraligatr|Aqua Jet|p1a: Landorus-Therian
|-supereffective|p1a: Landorus-Therian
|-damage|p1a: Landorus-Therian|0 fnt
|-damage|p2a: Feraligatr|0 fnt|[from] item: Life Orb
|faint|p1a: Landorus-Therian
|faint|p2a: Feraligatr
|
|
|switch|p2a: Azelf|Azelf, shiny|119\/291
|switch|p1a: Skarmory|Skarmory, M|333\/333
|-damage|p1a: Skarmory|292\/333|[from] Stealth Rock
|turn|17
|
|move|p2a: Azelf|Thunderbolt|p1a: Skarmory
|-supereffective|p1a: Skarmory
|-damage|p1a: Skarmory|102\/333
|move|p1a: Skarmory|Brave Bird|p2a: Azelf
|-damage|p2a: Azelf|0 fnt
|-damage|p1a: Skarmory|63\/333|[from] recoil|[of] p2a: Azelf
|faint|p2a: Azelf
|
|
|switch|p2a: Heatran|Heatran, F, shiny|385\/385
|turn|18
|
|move|p2a: Heatran|Fire Blast|p1a: Skarmory
|-supereffective|p1a: Skarmory
|-damage|p1a: Skarmory|0 fnt
|faint|p1a: Skarmory
|
|
|switch|p1a: Talonflame|Talonflame, M|297\/297
|-damage|p1a: Talonflame|149\/297|[from] Stealth Rock
|turn|19
|
|move|p1a: Talonflame|Swords Dance|p1a: Talonflame
|-boost|p1a: Talonflame|atk|2
|move|p2a: Heatran|Dark Pulse|p1a: Talonflame
|-damage|p1a: Talonflame|0 fnt
|faint|p1a: Talonflame
|
|win|MrLeefighter
|raw|Ladder updating...
|raw|Itsuki's rating: 1126 &rarr; <strong>1105<\/strong><br \/>(-21 for losing)
|raw|MrLeefighter's rating: 1177 &rarr; <strong>1198<\/strong><br \/>(+21 for winning)
|leave|Itsuki
|c|âMrLeefighter|gg
|player|p1