|join|sugar(H-O)
|join|Itsuki
|player|p1|sugar(H-O)|290
|player|p2|Itsuki|1
|gametype|singles
|tier|OU
|rated
|rule|Evasion Abilities Clause: Evasion abilities are banned
|clearpoke
|poke|p1|Weavile, F
|poke|p1|Starmie
|poke|p1|Rotom-Wash
|poke|p1|Scizor, M
|poke|p1|Heatran, F
|poke|p1|Breloom, F
|poke|p2|Scizor, M
|poke|p2|Heatran, F
|poke|p2|Rotom-Wash
|poke|p2|Ferrothorn, M
|poke|p2|Gengar, M
|poke|p2|Landorus-Therian, M
|rule|Sleep Clause Mod: Limit one foe put to sleep
|rule|Species Clause: Limit one of each Pokemon
|rule|OHKO Clause: OHKO moves are banned
|rule|Moody Clause: Moody is banned
|rule|Evasion Moves Clause: Evasion moves are banned
|rule|HP Percentage Mod: HP is reported as percentages
|teampreview
|callback|decision
|
|start
|switch|p1a: Rotom-Wash|Rotom-Wash|299\/299
|switch|p2a: Landorus-Therian|Landorus-Therian, M|381\/381
|-ability|p2a: Landorus-Therian|Intimidate|[of] p1a: Rotom-Wash
|-unboost|p1a: Rotom-Wash|atk|1
|turn|1
|callback|decision
|
|switch|p2a: Ferrothorn|Ferrothorn, M|352\/352
|move|p1a: Rotom-Wash|Hydro Pump|p2a: Ferrothorn
|-resisted|p2a: Ferrothorn
|-damage|p2a: Ferrothorn|274\/352
|
|-heal|p2a: Ferrothorn|296\/352|[from] item: Leftovers
|turn|2
|callback|decision
|
|switch|p1a: Heatran|Heatran, F|323\/323
|-item|p1a: Heatran|Air Balloon
|move|p2a: Ferrothorn|Stealth Rock|p1a: Heatran
|-sidestart|p1: sugar(H-O)|move: Stealth Rock
|
|-heal|p2a: Ferrothorn|318\/352|[from] item: Leftovers
|turn|3
|callback|decision
|
|switch|p2a: Rotom-Wash|Rotom-Wash|297\/297
|move|p1a: Heatran|Stealth Rock|p2a: Rotom-Wash
|-sidestart|p2: Itsuki|move: Stealth Rock
|
|turn|4
|callback|decision
|
|switch|p1a: Rotom-Wash|Rotom-Wash|299\/299
|-damage|p1a: Rotom-Wash|262\/299|[from] Stealth Rock
|move|p2a: Rotom-Wash|Hydro Pump|p1a: Rotom-Wash
|-resisted|p1a: Rotom-Wash
|-damage|p1a: Rotom-Wash|188\/299
|
|-heal|p1a: Rotom-Wash|206\/299|[from] item: Leftovers
|turn|5
|callback|decision
|
|move|p2a: Rotom-Wash|Volt Switch|p1a: Rotom-Wash
|-damage|p1a: Rotom-Wash|109\/299
|callback|decision
|
|switch|p2a: Heatran|Heatran, F|323\/323
|-damage|p2a: Heatran|283\/323|[from] Stealth Rock
|move|p1a: Rotom-Wash|Volt Switch|p2a: Heatran
|-damage|p2a: Heatran|184\/323
|callback|decision
|
|switch|p1a: Breloom|Breloom, F|262\/262
|-damage|p1a: Breloom|246\/262|[from] Stealth Rock
|
|turn|6
|callback|decision
|
|switch|p2a: Gengar|Gengar, M|261\/261
|-damage|p2a: Gengar|229\/261|[from] Stealth Rock
|move|p1a: Breloom|Bullet Seed|p2a: Gengar
|-resisted|p2a: Gengar
|-damage|p2a: Gengar|163\/261
|-resisted|p2a: Gengar
|-damage|p2a: Gengar|102\/261
|-resisted|p2a: Gengar
|-damage|p2a: Gengar|37\/261
|-hitcount|p2a: Gengar|3
|-damage|p1a: Breloom|220\/262|[from] item: Life Orb
|
|turn|7
|callback|decision
|
|switch|p1a: Scizor|Scizor, M|344\/344
|-damage|p1a: Scizor|301\/344|[from] Stealth Rock
|move|p2a: Gengar|Hypnosis|p1a: Scizor
|-status|p1a: Scizor|slp
|
|turn|8
|callback|decision
|
|cant|p1a: Scizor|slp
|move|p2a: Gengar|Shadow Ball|p1a: Scizor
|-resisted|p1a: Scizor
|-damage|p1a: Scizor|199\/344 slp
|-damage|p2a: Gengar|11\/261|[from] item: Life Orb
|
|turn|9
|callback|decision
|
|cant|p1a: Scizor|slp
|move|p2a: Gengar|Focus Blast|p1a: Scizor
|-damage|p1a: Scizor|0 fnt
|-damage|p2a: Gengar|0 fnt|[from] item: Life Orb
|faint|p1a: Scizor
|faint|p2a: Gengar
|
|callback|decision
|
|switch|p2a: Heatran|Heatran, F|184\/323
|-damage|p2a: Heatran|144\/323|[from] Stealth Rock
|switch|p1a: Breloom|Breloom, F|220\/262
|-damage|p1a: Breloom|204\/262|[from] Stealth Rock
|turn|10
|callback|decision
|
|move|p1a: Breloom|Mach Punch|p2a: Heatran
|-supereffective|p2a: Heatran
|-damage|p2a: Heatran|0 fnt
|-damage|p1a: Breloom|178\/262|[from] item: Life Orb
|faint|p2a: Heatran
|
|callback|decision
|
|switch|p2a: Scizor|Scizor, M|343\/343
|-damage|p2a: Scizor|301\/343|[from] Stealth Rock
|turn|11
|callback|decision
|
|move|p1a: Breloom|Spore|p2a: Scizor
|-status|p2a: Scizor|slp
|cant|p2a: Scizor|slp
|
|turn|12
|callback|decision
|
|switch|p1a: Heatran|Heatran, F|323\/323
|-damage|p1a: Heatran|283\/323|[from] Stealth Rock
|-item|p1a: Heatran|Air Balloon
|-curestatus|p2a: Scizor|slp
|move|p2a: Scizor|U-turn|p1a: Heatran
|-resisted|p1a: Heatran
|-damage|p1a: Heatran|238\/323
|-enditem|p1a: Heatran|Air Balloon
|callback|decision
|
|switch|p2a: Rotom-Wash|Rotom-Wash|297\/297
|-damage|p2a: Rotom-Wash|260\/297|[from] Stealth Rock
|
|-heal|p2a: Rotom-Wash|278\/297|[from] item: Leftovers
|turn|13
|callback|decision
|
|move|p2a: Rotom-Wash|Hydro Pump|p1a: Heatran
|-supereffective|p1a: Heatran
|-damage|p1a: Heatran|0 fnt
|faint|p1a: Heatran
|
|-heal|p2a: Rotom-Wash|296\/297|[from] item: Leftovers
|callback|decision
|
|switch|p1a: Starmie|Starmie|261\/261
|-damage|p1a: Starmie|229\/261|[from] Stealth Rock
|turn|14
|callback|decision
|
|move|p1a: Starmie|Thunderbolt|p2a: Rotom-Wash
|-damage|p2a: Rotom-Wash|181\/297
|-damage|p1a: Starmie|203\/261|[from] item: Life Orb
|move|p2a: Rotom-Wash|Volt Switch|p1a: Starmie
|-supereffective|p1a: Starmie
|-damage|p1a: Starmie|0 fnt
|faint|p1a: Starmie
|callback|decision
|
|switch|p2a: Ferrothorn|Ferrothorn, M|318\/352
|-damage|p2a: Ferrothorn|296\/352|[from] Stealth Rock
|
|-heal|p2a: Ferrothorn|318\/352|[from] item: Leftovers
|callback|decision
|
|switch|p1a: Breloom|Breloom, F|178\/262
|-damage|p1a: Breloom|162\/262|[from] Stealth Rock
|turn|15
|callback|decision
|
|switch|p2a: Landorus-Therian|Landorus-Therian, M|381\/381
|-damage|p2a: Landorus-Therian|334\/381|[from] Stealth Rock
|-ability|p2a: Landorus-Therian|Intimidate|[of] p1a: Breloom
|-unboost|p1a: Breloom|atk|1
|move|p1a: Breloom|Spore|p2a: Landorus-Therian
|-status|p2a: Landorus-Therian|slp
|
|-heal|p2a: Landorus-Therian|357\/381 slp|[from] item: Leftovers
|turn|16
|callback|decision
|
|switch|p2a: Scizor|Scizor, M|301\/343
|-damage|p2a: Scizor|259\/343|[from] Stealth Rock
|move|p1a: Breloom|Swords Dance|p1a: Breloom
|-boost|p1a: Breloom|atk|2
|
|turn|17
|callback|decision
|
|move|p1a: Breloom|Mach Punch|p2a: Scizor
|-crit|p2a: Scizor
|-damage|p2a: Scizor|0 fnt
|-damage|p1a: Breloom|136\/262|[from] item: Life Orb
|faint|p2a: Scizor
|
|callback|decision
|
|switch|p2a: Rotom-Wash|Rotom-Wash|181\/297
|-damage|p2a: Rotom-Wash|144\/297|[from] Stealth Rock
|turn|18
|callback|decision
|
|move|p1a: Breloom|Mach Punch|p2a: Rotom-Wash
|-crit|p2a: Rotom-Wash
|-damage|p2a: Rotom-Wash|0 fnt
|-damage|p1a: Breloom|110\/262|[from] item: Life Orb
|faint|p2a: Rotom-Wash
|
|callback|decision
|
|switch|p2a: Ferrothorn|Ferrothorn, M|318\/352
|-damage|p2a: Ferrothorn|296\/352|[from] Stealth Rock
|turn|19
|callback|decision
|
|move|p1a: Breloom|Mach Punch|p2a: Ferrothorn
|-supereffective|p2a: Ferrothorn
|-damage|p2a: Ferrothorn|32\/352
|-damage|p1a: Breloom|78\/262|[from] ability: Iron Barbs|[of] p2a: Ferrothorn
|-damage|p1a: Breloom|52\/262|[from] item: Life Orb
|move|p2a: Ferrothorn|Spikes|p1a: Breloom
|-sidestart|p1: sugar(H-O)|Spikes
|
|-heal|p2a: Ferrothorn|54\/352|[from] item: Leftovers
|turn|20
|callback|decision
|-message|Itsuki forfeited.
|
|win|sugar(H-O)
|raw|Ladder updating...
|raw|sugar(H-O)'s rating: 1755 &rarr; <strong>1765<\/strong><br \/>(+10 for winning)
|raw|Itsuki's rating: 1802 &rarr; <strong>1780<\/strong><br \/>(-22 for losing)
|leave|Itsuki
|player|p2