|join|Itsuki
|join|yoorofl
|player|p1|Itsuki|170
|player|p2|yoorofl|273
|gametype|singles
|gen|6
|tier|OU
|rated
|clearpoke
|poke|p1|Garchomp, F
|poke|p1|Latios, M
|poke|p1|Azumarill, F
|poke|p1|Heatran, F
|poke|p1|Lopunny, M
|poke|p1|Bisharp, M
|poke|p2|Metagross
|poke|p2|Azumarill, M, shiny
|poke|p2|Hydreigon, M, shiny
|poke|p2|Landorus-Therian, M
|poke|p2|Sylveon, M
|poke|p2|Skarmory, F
|rule|Swagger Clause: Swagger is banned
|rule|Baton Pass Clause: Limit one PokÃ©mon knowing Baton Pass
|rule|Sleep Clause Mod: Limit one foe put to sleep
|rule|Species Clause: Limit one of each PokÃ©mon
|rule|OHKO Clause: OHKO moves are banned
|rule|Moody Clause: Moody is banned
|rule|Evasion Moves Clause: Evasion moves are banned
|rule|Endless Battle Clause: Forcing endless battles is banned
|rule|HP Percentage Mod: HP is shown in percentages
|teampreview
|c|âyoorofl|oh god
|c|âyoorofl|this is going to hurt
|
|start
|switch|p1a: Garchomp|Garchomp, F|357\/357
|switch|p2a: The Cheat|Azumarill, M, shiny|403\/403
|turn|1
|
|move|p1a: Garchomp|Earthquake|p2a: The Cheat
|-damage|p2a: The Cheat|195\/403
|move|p2a: The Cheat|Play Rough|p1a: Garchomp
|-supereffective|p1a: Garchomp
|-enditem|p1a: Garchomp|Focus Sash
|-damage|p1a: Garchomp|1\/357
|-damage|p2a: The Cheat|145\/403|[from] ability: Rough Skin|[of] p1a: Garchomp
|
|turn|2
|
|move|p2a: The Cheat|Aqua Jet|p1a: Garchomp
|-damage|p1a: Garchomp|0 fnt
|-damage|p2a: The Cheat|95\/403|[from] ability: Rough Skin|[of] p1a: Garchomp
|faint|p1a: Garchomp
|
|
|switch|p1a: Lopunny|Lopunny, M|271\/271
|turn|3
|
|switch|p2a: Landorus-Therian|Landorus-Therian, M|382\/382
|-ability|p2a: Landorus-Therian|Intimidate|[of] p1a: Lopunny
|-unboost|p1a: Lopunny|atk|1
|detailschange|p1a: Lopunny|Lopunny-Mega, M
|-mega|p1a: Lopunny|Lopunny|Lopunnite
|move|p1a: Lopunny|Fake Out|p2a: Landorus-Therian
|-crit|p2a: Landorus-Therian
|-damage|p2a: Landorus-Therian|297\/382
|
|-heal|p2a: Landorus-Therian|320\/382|[from] item: Leftovers
|turn|4
|
|switch|p2a: Skarmory|Skarmory, F|334\/334
|move|p1a: Lopunny|Ice Punch|p2a: Skarmory
|-crit|p2a: Skarmory
|-damage|p2a: Skarmory|261\/334
|
|turn|5
|
|switch|p1a: Heatran|Heatran, F|323\/323
|move|p2a: Skarmory|Brave Bird|p1a: Heatran
|-resisted|p1a: Heatran
|-damage|p1a: Heatran|271\/323
|-damage|p2a: Skarmory|244\/334|[from] recoil|[of] p1a: Heatran
|
|turn|6
|
|switch|p2a: Sylveon|Sylveon, M|394\/394
|move|p1a: Heatran|Fire Blast|p2a: Sylveon
|-crit|p2a: Sylveon
|-damage|p2a: Sylveon|150\/394
|
|-heal|p2a: Sylveon|174\/394|[from] item: Leftovers
|turn|7
|c|âyoorofl|stop doing that
|c|âyoorofl|crits are bad for my health
|
|switch|p1a: Bisharp|Bisharp, M|271\/271
|move|p2a: Sylveon|Wish|p2a: Sylveon
|
|-heal|p2a: Sylveon|198\/394|[from] item: Leftovers
|turn|8
|
|switch|p2a: Skarmory|Skarmory, F|244\/334
|move|p1a: Bisharp|Swords Dance|p1a: Bisharp
|-boost|p1a: Bisharp|atk|2
|
|-heal|p2a: Skarmory|334\/334|[from] move: Wish|[wisher] Sylveon
|turn|9
|
|move|p1a: Bisharp|Knock Off|p2a: Skarmory
|-damage|p2a: Skarmory|83\/334
|-enditem|p2a: Skarmory|Shed Shell|[from] move: Knock Off|[of] p1a: Bisharp
|-damage|p1a: Bisharp|244\/271|[from] item: Life Orb
|move|p2a: Skarmory|Whirlwind|p1a: Bisharp
|drag|p1a: Heatran|Heatran, F|271\/323
|
|turn|10
|
|switch|p1a: Bisharp|Bisharp, M|244\/271
|switch|p2a: The Cheat|Azumarill, M, shiny|95\/403
|
|turn|11
|c|âyoorofl|i fuckin swear on me mum
|
|move|p1a: Bisharp|Sucker Punch|p2a: The Cheat
|-resisted|p2a: The Cheat
|-damage|p2a: The Cheat|0 fnt
|-damage|p1a: Bisharp|217\/271|[from] item: Life Orb
|faint|p2a: The Cheat
|
|
|switch|p2a: Trogdor|Hydreigon, M, shiny|339\/339
|turn|12
|
|switch|p1a: Azumarill|Azumarill, F|384\/384
|move|p2a: Trogdor|Earth Power|p1a: Azumarill
|-damage|p1a: Azumarill|250\/384
|
|turn|13
|
|switch|p2a: Landorus-Therian|Landorus-Therian, M|320\/382
|-ability|p2a: Landorus-Therian|Intimidate|[of] p1a: Azumarill
|-unboost|p1a: Azumarill|atk|1
|move|p1a: Azumarill|Waterfall|p2a: Landorus-Therian
|-supereffective|p2a: Landorus-Therian
|-damage|p2a: Landorus-Therian|30\/382
|
|-heal|p2a: Landorus-Therian|53\/382|[from] item: Leftovers
|turn|14
|
|switch|p2a: Strongbad|Metagross|301\/301
|move|p1a: Azumarill|Waterfall|p2a: Strongbad
|-damage|p2a: Strongbad|163\/301
|
|turn|15
|c|âyoorofl|well
|c|âyoorofl|that's a monster
|c|âyoorofl|pretty sure i lost already
|
|detailschange|p2a: Strongbad|Metagross-Mega
|-mega|p2a: Strongbad|Metagross|Metagrossite
|move|p2a: Strongbad|Meteor Mash|p1a: Azumarill
|-damage|p1a: Azumarill|0 fnt
|faint|p1a: Azumarill
|
|
|switch|p1a: Bisharp|Bisharp, M|217\/271
|turn|16
|c|âyoorofl|now my choices are
|c|âyoorofl|do i get sucker punched
|c|âyoorofl|or let you swords dance
|c|âyoorofl|fuck man
|
|switch|p2a: Trogdor|Hydreigon, M, shiny|339\/339
|move|p1a: Bisharp|Sucker Punch|p2a: Trogdor
|-fail|p2a: Trogdor
|
|turn|17
|
|switch|p1a: Latios|Latios, M|301\/301
|move|p2a: Trogdor|Draco Meteor|p1a: Latios
|-supereffective|p1a: Latios
|-damage|p1a: Latios|0 fnt
|-unboost|p2a: Trogdor|spa|2
|faint|p1a: Latios
|
|c|âyoorofl|ayy lmao
|
|switch|p1a: Lopunny|Lopunny-Mega, M|271\/271
|turn|18
|
|switch|p2a: Landorus-Therian|Landorus-Therian, M|53\/382
|-ability|p2a: Landorus-Therian|Intimidate|[of] p1a: Lopunny
|-unboost|p1a: Lopunny|atk|1
|switch|p1a: Bisharp|Bisharp, M|217\/271
|
|-heal|p2a: Landorus-Therian|76\/382|[from] item: Leftovers
|turn|19
|
|move|p1a: Bisharp|Knock Off|p2a: Landorus-Therian
|-damage|p2a: Landorus-Therian|0 fnt
|-enditem|p2a: Landorus-Therian|Leftovers|[from] move: Knock Off|[of] p1a: Bisharp
|-damage|p1a: Bisharp|190\/271|[from] item: Life Orb
|faint|p2a: Landorus-Therian
|
|
|switch|p2a: Trogdor|Hydreigon, M, shiny|339\/339
|turn|20
|
|move|p2a: Trogdor|Earth Power|p1a: Bisharp
|-supereffective|p1a: Bisharp
|-damage|p1a: Bisharp|0 fnt
|faint|p1a: Bisharp
|
|
|switch|p1a: Lopunny|Lopunny-Mega, M|271\/271
|turn|21
|
|switch|p2a: Skarmory|Skarmory, F|83\/334
|move|p1a: Lopunny|High Jump Kick|p2a: Skarmory
|-damage|p2a: Skarmory|0 fnt
|faint|p2a: Skarmory
|
|
|switch|p2a: Trogdor|Hydreigon, M, shiny|339\/339
|turn|22
|
|move|p2a: Trogdor|Draco Meteor|p1a: Lopunny
|-damage|p1a: Lopunny|30\/271
|-unboost|p2a: Trogdor|spa|2
|move|p1a: Lopunny|High Jump Kick|p2a: Trogdor
|-supereffective|p2a: Trogdor
|-damage|p2a: Trogdor|0 fnt
|faint|p2a: Trogdor
|
|
|switch|p2a: Sylveon|Sylveon, M|198\/394
|turn|23
|
|move|p2a: Sylveon|Protect|p2a: Sylveon
|-singleturn|p2a: Sylveon|Protect
|move|p1a: Lopunny|Return|p2a: Sylveon
|-activate|p2a: Sylveon|Protect
|
|-heal|p2a: Sylveon|222\/394|[from] item: Leftovers
|turn|24
|
|move|p1a: Lopunny|Return|p2a: Sylveon
|-damage|p2a: Sylveon|54\/394
|move|p2a: Sylveon|Hyper Voice|p1a: Lopunny
|-supereffective|p1a: Lopunny
|-damage|p1a: Lopunny|0 fnt
|faint|p1a: Lopunny
|
|-heal|p2a: Sylveon|78\/394|[from] item: Leftovers
|
|switch|p1a: Heatran|Heatran, F|271\/323
|turn|25
|
|move|p1a: Heatran|Fire Blast|p2a: Sylveon
|-damage|p2a: Sylveon|0 fnt
|faint|p2a: Sylveon
|
|
|switch|p2a: Strongbad|Metagross-Mega|163\/301
|turn|26
|c|âyoorofl|plz
|c|âyoorofl|based god
|
|move|p1a: Heatran|Fire Blast|p2a: Strongbad|[miss]
|-miss|p1a: Heatran|p2a: Strongbad
|move|p2a: Strongbad|Earthquake|p1a: Heatran
|-supereffective|p1a: Heatran
|-damage|p1a: Heatran|0 fnt
|faint|p1a: Heatran
|
|win|yoorofl
|raw|Ladder updating...
|raw|Itsuki's rating: 1509 &rarr; <strong>1488<\/strong><br \/>(-21 for losing)
|raw|yoorofl's rating: 1492 &rarr; <strong>1513<\/strong><br \/>(+21 for winning)
|c|âyoorofl|YES
|c|âyoorofl|BASED GOD LOVES ME
|c|âItsuki|wow
|c|âyoorofl|I HAVE DONE IT
|leave|Itsuki
|player|p1