|join|Itsuki
|join|Ace Stelar
|player|p1|Itsuki|1
|player|p2|Ace Stelar|266
|gametype|singles
|tier|OU (current)
|rated
|rule|Evasion Abilities Clause: Evasion abilities are banned
|clearpoke
|poke|p1|Breloom, F
|poke|p1|Terrakion
|poke|p1|Lucario, M
|poke|p1|Landorus-Therian, M
|poke|p1|Scizor, M
|poke|p1|Dragonite, M
|poke|p2|Tyranitar, F
|poke|p2|Landorus-Therian, M
|poke|p2|Heatran, F
|poke|p2|Lucario, F
|poke|p2|Mamoswine, F
|poke|p2|Alakazam, M
|rule|Sleep Clause Mod: Limit one foe put to sleep
|rule|Species Clause: Limit one of each Pokemon
|rule|OHKO Clause: OHKO moves are banned
|rule|Moody Clause: Moody is banned
|rule|Evasion Moves Clause: Evasion moves are banned
|rule|HP Percentage Mod: HP is reported as percentages
|teampreview
|callback|decision
|
|start
|switch|p1a: Terrakion|Terrakion|323\/323
|switch|p2a: Tyranitar|Tyranitar, F|342\/342
|-weather|Sandstorm|[from] ability: Sand Stream|[of] p2a: Tyranitar
|turn|1
|callback|decision
|
|move|p2a: Tyranitar|Superpower|p1a: Terrakion
|-supereffective|p1a: Terrakion
|-damage|p1a: Terrakion|29\/323
|-unboost|p2a: Tyranitar|atk|1
|-unboost|p2a: Tyranitar|def|1
|move|p1a: Terrakion|Close Combat|p2a: Tyranitar
|-supereffective|p2a: Tyranitar
|-damage|p2a: Tyranitar|0 fnt
|-unboost|p1a: Terrakion|def|1
|-unboost|p1a: Terrakion|spd|1
|faint|p2a: Tyranitar
|
|-weather|Sandstorm|[upkeep]
|callback|decision
|
|switch|p2a: Lucario|Lucario, F|281\/281
|turn|2
|callback|decision
|
|move|p2a: Lucario|ExtremeSpeed|p1a: Terrakion
|-resisted|p1a: Terrakion
|-damage|p1a: Terrakion|0 fnt
|faint|p1a: Terrakion
|
|-weather|Sandstorm|[upkeep]
|callback|decision
|
|switch|p1a: Landorus-Therian|Landorus-Therian, M|320\/320
|-ability|p1a: Landorus-Therian|Intimidate|[of] p2a: Lucario
|-unboost|p2a: Lucario|atk|1
|turn|3
|callback|decision
|
|move|p1a: Landorus-Therian|U-turn|p2a: Lucario
|-resisted|p2a: Lucario
|-damage|p2a: Lucario|249\/281
|callback|decision
|
|switch|p1a: Dragonite|Dragonite, M|324\/324
|move|p2a: Lucario|Swords Dance|p2a: Lucario
|-boost|p2a: Lucario|atk|2
|
|-weather|Sandstorm|[upkeep]
|-damage|p1a: Dragonite|304\/324|[from] sandstorm
|turn|4
|callback|decision
|
|move|p2a: Lucario|Ice Punch|p1a: Dragonite
|-enditem|p1a: Dragonite|Yache Berry|[eat]
|-supereffective|p1a: Dragonite
|-damage|p1a: Dragonite|56\/324
|-status|p1a: Dragonite|frz
|-curestatus|p1a: Dragonite|frz
|move|p1a: Dragonite|Earthquake|p2a: Lucario
|-supereffective|p2a: Lucario
|-damage|p2a: Lucario|0 fnt
|faint|p2a: Lucario
|
|-weather|Sandstorm|[upkeep]
|-damage|p1a: Dragonite|36\/324|[from] sandstorm
|callback|decision
|
|switch|p2a: Mamoswine|Mamoswine, F|424\/424
|turn|5
|callback|decision
|
|move|p2a: Mamoswine|Ice Shard|p1a: Dragonite
|-supereffective|p1a: Dragonite
|-damage|p1a: Dragonite|0 fnt
|faint|p1a: Dragonite
|
|-weather|Sandstorm|[upkeep]
|callback|decision
|
|switch|p1a: Scizor|Scizor, M|343\/343
|turn|6
|callback|decision
|
|switch|p2a: Heatran|Heatran, F|386\/386
|move|p1a: Scizor|U-turn|p2a: Heatran
|-resisted|p2a: Heatran
|-damage|p2a: Heatran|335\/386
|callback|decision
|
|switch|p1a: Landorus-Therian|Landorus-Therian, M|320\/320
|-ability|p1a: Landorus-Therian|Intimidate|[of] p2a: Heatran
|-unboost|p2a: Heatran|atk|1
|
|-weather|Sandstorm|[upkeep]
|-heal|p2a: Heatran|359\/386|[from] item: Leftovers
|turn|7
|callback|decision
|
|switch|p2a: Landorus-Therian|Landorus-Therian, M|382\/382
|-ability|p2a: Landorus-Therian|Intimidate|[of] p1a: Landorus-Therian
|-unboost|p1a: Landorus-Therian|atk|1
|move|p1a: Landorus-Therian|Earthquake|p2a: Landorus-Therian
|-immune|p2a: Landorus-Therian|[msg]
|
|-weather|Sandstorm|[upkeep]
|turn|8
|callback|decision
|
|switch|p1a: Breloom|Breloom, F|261\/261
|move|p2a: Landorus-Therian|Bulk Up|p2a: Landorus-Therian
|-boost|p2a: Landorus-Therian|atk|1
|-boost|p2a: Landorus-Therian|def|1
|
|-weather|Sandstorm|[upkeep]
|-damage|p1a: Breloom|245\/261|[from] sandstorm
|-activate|p1a: Breloom|item: Toxic Orb
|-status|p1a: Breloom|tox
|turn|9
|callback|decision
|
|switch|p2a: Alakazam|Alakazam, M|252\/252
|move|p1a: Breloom|Spore|p2a: Alakazam
|-status|p2a: Alakazam|slp
|
|-weather|Sandstorm|[upkeep]
|-damage|p1a: Breloom|229\/261 tox|[from] sandstorm
|-heal|p1a: Breloom|261\/261 tox|[from] ability: Poison Heal
|turn|10
|callback|decision
|
|switch|p2a: Heatran|Heatran, F|359\/386
|move|p1a: Breloom|Seed Bomb|p2a: Heatran
|-resisted|p2a: Heatran
|-damage|p2a: Heatran|325\/386
|
|-weather|Sandstorm|[upkeep]
|-damage|p1a: Breloom|245\/261 tox|[from] sandstorm
|-heal|p2a: Heatran|349\/386|[from] item: Leftovers
|-heal|p1a: Breloom|261\/261 tox|[from] ability: Poison Heal
|turn|11
|callback|decision
|
|move|p1a: Breloom|Substitute|p1a: Breloom
|-start|p1a: Breloom|Substitute
|-damage|p1a: Breloom|196\/261 tox
|move|p2a: Heatran|Lava Plume|p1a: Breloom
|-supereffective|p1a: Breloom
|-end|p1a: Breloom|Substitute
|
|-weather|Sandstorm|[upkeep]
|-damage|p1a: Breloom|180\/261 tox|[from] sandstorm
|-heal|p2a: Heatran|373\/386|[from] item: Leftovers
|-heal|p1a: Breloom|212\/261 tox|[from] ability: Poison Heal
|turn|12
|callback|decision
|
|switch|p1a: Landorus-Therian|Landorus-Therian, M|320\/320
|-ability|p1a: Landorus-Therian|Intimidate|[of] p2a: Heatran
|-unboost|p2a: Heatran|atk|1
|move|p2a: Heatran|Stealth Rock|p1a: Landorus-Therian
|-sidestart|p1: Itsuki|move: Stealth Rock
|
|-weather|Sandstorm|[upkeep]
|-heal|p2a: Heatran|386\/386|[from] item: Leftovers
|turn|13
|callback|decision
|
|switch|p2a: Landorus-Therian|Landorus-Therian, M|382\/382
|-ability|p2a: Landorus-Therian|Intimidate|[of] p1a: Landorus-Therian
|-unboost|p1a: Landorus-Therian|atk|1
|move|p1a: Landorus-Therian|Earthquake|p2a: Landorus-Therian
|-immune|p2a: Landorus-Therian|[msg]
|
|-weather|Sandstorm|[upkeep]
|turn|14
|callback|decision
|
|switch|p1a: Breloom|Breloom, F|212\/261 tox
|-damage|p1a: Breloom|196\/261 tox|[from] Stealth Rock
|move|p2a: Landorus-Therian|Superpower|p1a: Breloom
|-damage|p1a: Breloom|3\/261 tox
|-unboost|p2a: Landorus-Therian|atk|1
|-unboost|p2a: Landorus-Therian|def|1
|
|-weather|Sandstorm|[upkeep]
|-damage|p1a: Breloom|0 fnt|[from] sandstorm
|faint|p1a: Breloom
|callback|decision
|
|switch|p1a: Scizor|Scizor, M|343\/343
|-damage|p1a: Scizor|301\/343|[from] Stealth Rock
|turn|15
|callback|decision
|
|switch|p2a: Heatran|Heatran, F|386\/386
|move|p1a: Scizor|Superpower|p2a: Heatran
|-supereffective|p2a: Heatran
|-damage|p2a: Heatran|0 fnt
|-unboost|p1a: Scizor|atk|1
|-unboost|p1a: Scizor|def|1
|faint|p2a: Heatran
|
|-weather|Sandstorm|[upkeep]
|callback|decision
|
|switch|p2a: Landorus-Therian|Landorus-Therian, M|382\/382
|-ability|p2a: Landorus-Therian|Intimidate|[of] p1a: Scizor
|-unboost|p1a: Scizor|atk|1
|turn|16
|callback|decision
|
|switch|p1a: Landorus-Therian|Landorus-Therian, M|320\/320
|-damage|p1a: Landorus-Therian|280\/320|[from] Stealth Rock
|-ability|p1a: Landorus-Therian|Intimidate|[of] p2a: Landorus-Therian
|-unboost|p2a: Landorus-Therian|atk|1
|move|p2a: Landorus-Therian|Bulk Up|p2a: Landorus-Therian
|-boost|p2a: Landorus-Therian|atk|1
|-boost|p2a: Landorus-Therian|def|1
|
|-weather|Sandstorm|[upkeep]
|turn|17
|callback|decision
|
|move|p1a: Landorus-Therian|Stone Edge|p2a: Landorus-Therian
|-damage|p2a: Landorus-Therian|288\/382
|move|p2a: Landorus-Therian|Bulk Up|p2a: Landorus-Therian
|-boost|p2a: Landorus-Therian|atk|1
|-boost|p2a: Landorus-Therian|def|1
|
|-weather|Sandstorm|[upkeep]
|-heal|p2a: Landorus-Therian|311\/382|[from] item: Leftovers
|turn|18
|callback|decision
|
|move|p1a: Landorus-Therian|Stone Edge|p2a: Landorus-Therian
|-damage|p2a: Landorus-Therian|235\/382
|move|p2a: Landorus-Therian|Bulk Up|p2a: Landorus-Therian
|-boost|p2a: Landorus-Therian|atk|1
|-boost|p2a: Landorus-Therian|def|1
|
|-weather|Sandstorm|[upkeep]
|-heal|p2a: Landorus-Therian|258\/382|[from] item: Leftovers
|turn|19
|callback|decision
|
|move|p1a: Landorus-Therian|Stone Edge|p2a: Landorus-Therian|[miss]
|-miss|p1a: Landorus-Therian|p2a: Landorus-Therian
|move|p2a: Landorus-Therian|Superpower|p1a: Landorus-Therian
|-resisted|p1a: Landorus-Therian
|-damage|p1a: Landorus-Therian|104\/320
|-unboost|p2a: Landorus-Therian|atk|1
|-unboost|p2a: Landorus-Therian|def|1
|
|-weather|Sandstorm|[upkeep]
|-heal|p2a: Landorus-Therian|281\/382|[from] item: Leftovers
|turn|20
|callback|decision
|
|move|p1a: Landorus-Therian|Stone Edge|p2a: Landorus-Therian
|-damage|p2a: Landorus-Therian|211\/382
|move|p2a: Landorus-Therian|Superpower|p1a: Landorus-Therian
|-crit|p1a: Landorus-Therian
|-resisted|p1a: Landorus-Therian
|-damage|p1a: Landorus-Therian|0 fnt
|-unboost|p2a: Landorus-Therian|atk|1
|-unboost|p2a: Landorus-Therian|def|1
|faint|p1a: Landorus-Therian
|
|-weather|Sandstorm|[upkeep]
|-heal|p2a: Landorus-Therian|234\/382|[from] item: Leftovers
|callback|decision
|
|switch|p1a: Lucario|Lucario, M|281\/281
|-damage|p1a: Lucario|273\/281|[from] Stealth Rock
|turn|21
|callback|decision
|
|move|p1a: Lucario|Swords Dance|p1a: Lucario
|-boost|p1a: Lucario|atk|2
|move|p2a: Landorus-Therian|Earthquake|p1a: Lucario
|-supereffective|p1a: Lucario
|-damage|p1a: Lucario|0 fnt
|faint|p1a: Lucario
|
|-weather|Sandstorm|[upkeep]
|-heal|p2a: Landorus-Therian|257\/382|[from] item: Leftovers
|callback|decision
|
|switch|p1a: Scizor|Scizor, M|301\/343
|-damage|p1a: Scizor|259\/343|[from] Stealth Rock
|turn|22
|callback|decision
|
|move|p1a: Scizor|Bullet Punch|p2a: Landorus-Therian
|-damage|p2a: Landorus-Therian|139\/382
|move|p2a: Landorus-Therian|Bulk Up|p2a: Landorus-Therian
|-boost|p2a: Landorus-Therian|atk|1
|-boost|p2a: Landorus-Therian|def|1
|
|-weather|Sandstorm|[upkeep]
|-heal|p2a: Landorus-Therian|162\/382|[from] item: Leftovers
|turn|23
|callback|decision
|
|move|p1a: Scizor|Bullet Punch|p2a: Landorus-Therian
|-damage|p2a: Landorus-Therian|72\/382
|move|p2a: Landorus-Therian|Superpower|p1a: Scizor
|-crit|p1a: Scizor
|-damage|p1a: Scizor|0 fnt
|-unboost|p2a: Landorus-Therian|atk|1
|-unboost|p2a: Landorus-Therian|def|1
|faint|p1a: Scizor
|
|win|Ace Stelar
|raw|Ladder updating...
|raw|Itsuki's rating: 1734 &rarr; <strong>1696<\/strong><br \/>(-38 for losing)
|raw|Ace Stelar's rating: 1348 &rarr; <strong>1364<\/strong><br \/>(+16 for winning)
|leave|Itsuki
|player|p1