|join|Itsuki
|join|swampert91
|player|p1|Itsuki|102
|player|p2|swampert91|206
|gametype|singles
|tier|Pokebank OU (beta)
|rated
|rule|Evasion Abilities Clause: Evasion abilities are banned
|clearpoke
|poke|p1|Dugtrio, F
|poke|p1|Genesect
|poke|p1|Talonflame, M
|poke|p1|Latios, M
|poke|p1|Gengar, M
|poke|p1|Rotom-Wash
|poke|p2|Talonflame, M
|poke|p2|Tangrowth, M
|poke|p2|Rotom-Wash
|poke|p2|Quagsire, M
|poke|p2|Landorus-Therian, M
|poke|p2|Florges, F
|rule|Sleep Clause Mod: Limit one foe put to sleep
|rule|Species Clause: Limit one of each Pokemon
|rule|Moody Clause: Moody is banned
|rule|OHKO Clause: OHKO moves are banned
|rule|Evasion Moves Clause: Evasion moves are banned
|rule|HP Percentage Mod: HP is reported as percentages
|teampreview
|callback|decision
|
|start
|switch|p1a: Genesect|Genesect|283\/283
|switch|p2a: Landorus-Therian|Landorus-Therian, M|381\/381
|-boost|p1a: Genesect|spa|1|[from] ability: Download
|-ability|p2a: Landorus-Therian|Intimidate|[of] p1a: Genesect
|-unboost|p1a: Genesect|atk|1
|turn|1
|callback|decision
|
|switch|p2a: Quagsire|Quagsire, M|393\/393
|move|p1a: Genesect|Ice Beam|p2a: Quagsire
|-damage|p2a: Quagsire|253\/393
|
|-heal|p2a: Quagsire|277\/393|[from] item: Leftovers
|turn|2
|callback|decision
|
|switch|p1a: Rotom-Wash|Rotom-Wash|303\/303
|move|p2a: Quagsire|Recover|p2a: Quagsire
|-heal|p2a: Quagsire|393\/393
|
|turn|3
|callback|decision
|
|move|p1a: Rotom-Wash|Will-O-Wisp|p2a: Quagsire
|-status|p2a: Quagsire|brn
|move|p2a: Quagsire|Toxic|p1a: Rotom-Wash
|-status|p1a: Rotom-Wash|tox
|
|-damage|p1a: Rotom-Wash|285\/303 tox|[from] psn
|-damage|p2a: Quagsire|344\/393 brn|[from] brn
|turn|4
|callback|decision
|
|switch|p1a: Latios|Latios, M|301\/301
|switch|p2a: Florges|Florges, F|360\/360
|-ability|p2a: Florges|Flower Veil
|
|turn|5
|callback|decision
|
|switch|p1a: Gengar|Gengar, M|261\/261
|move|p2a: Florges|Calm Mind|p2a: Florges
|-boost|p2a: Florges|spa|1
|-boost|p2a: Florges|spd|1
|
|turn|6
|callback|decision
|
|-formechange|p1a: Gengar|Gengar-Mega
|message|Gengar has Mega Evolved into Mega Gengar!
|move|p1a: Gengar|Shadow Ball|p2a: Florges
|-damage|p2a: Florges|276\/360
|move|p2a: Florges|Moonblast|p1a: Gengar
|-resisted|p1a: Gengar
|-damage|p1a: Gengar|169\/261
|
|-heal|p2a: Florges|298\/360|[from] item: Leftovers
|turn|7
|callback|decision
|
|move|p1a: Gengar|Shadow Ball|p2a: Florges
|-damage|p2a: Florges|217\/360
|move|p2a: Florges|Wish|p2a: Florges
|
|-heal|p2a: Florges|239\/360|[from] item: Leftovers
|turn|8
|callback|decision
|
|switch|p1a: Talonflame|Talonflame, M|297\/297
|move|p2a: Florges|Calm Mind|p2a: Florges
|-boost|p2a: Florges|spa|1
|-boost|p2a: Florges|spd|1
|
|-heal|p2a: Florges|360\/360|[from] move: Wish|[wisher] Florges
|turn|9
|callback|decision
|
|move|p1a: Talonflame|Swords Dance|p1a: Talonflame
|-boost|p1a: Talonflame|atk|2
|move|p2a: Florges|Moonblast|p1a: Talonflame
|-crit|p1a: Talonflame
|-resisted|p1a: Talonflame
|-damage|p1a: Talonflame|68\/297
|
|turn|10
|callback|decision
|
|move|p1a: Talonflame|Acrobatics|p2a: Florges
|-enditem|p1a: Talonflame|Flying Gem|[from] gem|[move] Acrobatics
|-damage|p2a: Florges|0 fnt
|faint|p2a: Florges
|
|callback|decision
|
|switch|p2a: Quagsire|Quagsire, M|344\/393 brn
|turn|11
|callback|decision
|
|move|p1a: Talonflame|Roost|p1a: Talonflame
|-heal|p1a: Talonflame|217\/297
|move|p2a: Quagsire|Toxic|p1a: Talonflame
|-status|p1a: Talonflame|tox
|
|-heal|p2a: Quagsire|368\/393 brn|[from] item: Leftovers
|-damage|p1a: Talonflame|199\/297 tox|[from] psn
|-damage|p2a: Quagsire|319\/393 brn|[from] brn
|turn|12
|callback|decision
|
|move|p1a: Talonflame|Acrobatics|p2a: Quagsire
|-damage|p2a: Quagsire|205\/393 brn
|move|p2a: Quagsire|Recover|p2a: Quagsire
|-heal|p2a: Quagsire|393\/393 brn
|
|-damage|p1a: Talonflame|163\/297 tox|[from] psn
|-damage|p2a: Quagsire|344\/393 brn|[from] brn
|turn|13
|callback|decision
|
|switch|p1a: Gengar|Gengar, M|169\/261
|-formechange|p1a: Gengar|Gengar-Mega
|move|p2a: Quagsire|Waterfall|p1a: Gengar
|-damage|p1a: Gengar|120\/261
|
|-heal|p2a: Quagsire|368\/393 brn|[from] item: Leftovers
|-damage|p2a: Quagsire|319\/393 brn|[from] brn
|turn|14
|callback|decision
|
|move|p1a: Gengar|Substitute|p1a: Gengar
|-start|p1a: Gengar|Substitute
|-damage|p1a: Gengar|55\/261
|move|p2a: Quagsire|Earthquake|p1a: Gengar
|-supereffective|p1a: Gengar
|-end|p1a: Gengar|Substitute
|
|-heal|p2a: Quagsire|343\/393 brn|[from] item: Leftovers
|-damage|p2a: Quagsire|294\/393 brn|[from] brn
|turn|15
|callback|decision
|
|move|p1a: Gengar|Pain Split|p2a: Quagsire
|-sethp|p2a: Quagsire|174\/393 brn|p1a: Gengar|174\/261|[from] move: Pain Split
|move|p2a: Quagsire|Earthquake|p1a: Gengar
|-supereffective|p1a: Gengar
|-damage|p1a: Gengar|42\/261
|
|-heal|p2a: Quagsire|198\/393 brn|[from] item: Leftovers
|-damage|p2a: Quagsire|149\/393 brn|[from] brn
|turn|16
|callback|decision
|
|move|p1a: Gengar|Shadow Ball|p2a: Quagsire
|-damage|p2a: Quagsire|0 fnt
|faint|p2a: Quagsire
|
|callback|decision
|
|switch|p2a: Talonflame|Talonflame, M|297\/297
|turn|17
|callback|decision
|
|switch|p1a: Talonflame|Talonflame, M|163\/297 tox
|move|p2a: Talonflame|Swords Dance|p2a: Talonflame
|-boost|p2a: Talonflame|atk|2
|
|-damage|p1a: Talonflame|145\/297 tox|[from] psn
|turn|18
|callback|decision
|
|move|p1a: Talonflame|Acrobatics|p2a: Talonflame
|-damage|p2a: Talonflame|123\/297
|move|p2a: Talonflame|Acrobatics|p1a: Talonflame
|-enditem|p2a: Talonflame|Flying Gem|[from] gem|[move] Acrobatics
|-damage|p1a: Talonflame|0 fnt
|faint|p1a: Talonflame
|
|callback|decision
|
|switch|p1a: Rotom-Wash|Rotom-Wash|285\/303 tox
|turn|19
|callback|decision
|
|move|p2a: Talonflame|Acrobatics|p1a: Rotom-Wash
|-resisted|p1a: Rotom-Wash
|-damage|p1a: Rotom-Wash|125\/303 tox
|move|p1a: Rotom-Wash|Volt Switch|p2a: Talonflame
|-supereffective|p2a: Talonflame
|-damage|p2a: Talonflame|0 fnt
|faint|p2a: Talonflame
|callback|decision
|
|switch|p1a: Gengar|Gengar, M|42\/261
|-formechange|p1a: Gengar|Gengar-Mega
|
|callback|decision
|
|switch|p2a: Rotom-Wash|Rotom-Wash|303\/303
|turn|20
|callback|decision
|
|move|p1a: Gengar|Pain Split|p2a: Rotom-Wash
|-sethp|p2a: Rotom-Wash|172\/303|p1a: Gengar|172\/261|[from] move: Pain Split
|move|p2a: Rotom-Wash|Will-O-Wisp|p1a: Gengar
|-status|p1a: Gengar|brn
|
|-heal|p2a: Rotom-Wash|190\/303|[from] item: Leftovers
|-damage|p1a: Gengar|140\/261 brn|[from] brn
|turn|21
|callback|decision
|
|move|p1a: Gengar|Shadow Ball|p2a: Rotom-Wash
|-crit|p2a: Rotom-Wash
|-damage|p2a: Rotom-Wash|0 fnt
|faint|p2a: Rotom-Wash
|
|-damage|p1a: Gengar|108\/261 brn|[from] brn
|callback|decision
|
|switch|p2a: Landorus-Therian|Landorus-Therian, M|381\/381
|-ability|p2a: Landorus-Therian|Intimidate|[of] p1a: Gengar
|-unboost|p1a: Gengar|atk|1
|turn|22
|callback|decision
|
|move|p1a: Gengar|Shadow Ball|p2a: Landorus-Therian
|-damage|p2a: Landorus-Therian|144\/381
|move|p2a: Landorus-Therian|Stealth Rock|p1a: Gengar
|-sidestart|p1: Itsuki|move: Stealth Rock
|
|-heal|p2a: Landorus-Therian|167\/381|[from] item: Leftovers
|-damage|p1a: Gengar|76\/261 brn|[from] brn
|turn|23
|callback|decision
|
|move|p1a: Gengar|Shadow Ball|p2a: Landorus-Therian
|-damage|p2a: Landorus-Therian|0 fnt
|faint|p2a: Landorus-Therian
|
|-damage|p1a: Gengar|44\/261 brn|[from] brn
|callback|decision
|
|switch|p2a: Tangrowth|Tangrowth, M|403\/403
|turn|24
|callback|decision
|
|move|p1a: Gengar|Shadow Ball|p2a: Tangrowth
|-damage|p2a: Tangrowth|97\/403
|move|p2a: Tangrowth|Leech Seed|p1a: Gengar
|-start|p1a: Gengar|move: Leech Seed
|
|-heal|p2a: Tangrowth|122\/403|[from] item: Leftovers
|-damage|p1a: Gengar|12\/261 brn|[from] Leech Seed|[of] p2a: Tangrowth
|-heal|p2a: Tangrowth|154\/403|[silent]
|-damage|p1a: Gengar|0 fnt|[from] brn
|faint|p1a: Gengar
|callback|decision
|
|switch|p1a: Genesect|Genesect|283\/283
|-damage|p1a: Genesect|248\/283|[from] Stealth Rock
|-boost|p1a: Genesect|spa|1|[from] ability: Download
|turn|25
|callback|decision
|
|move|p1a: Genesect|Flamethrower|p2a: Tangrowth
|-supereffective|p2a: Tangrowth
|-damage|p2a: Tangrowth|0 fnt
|faint|p2a: Tangrowth
|
|win|Itsuki
|raw|Ladder updating...
|raw|Itsuki's rating: 1896 &rarr; <strong>1902<\/strong><br \/>(+6 for winning)
|raw|swampert91's rating: 1742 &rarr; <strong>1739<\/strong><br \/>(-3 for losing)
|leave|Itsuki
|player|p1