|join|Itsuki
|join|trainerchano
|player|p1|Itsuki|1
|player|p2|trainerchano|30
|gametype|singles
|tier|Pokebank OU (beta)
|rated
|rule|Evasion Abilities Clause: Evasion abilities are banned
|clearpoke
|poke|p1|Celebi
|poke|p1|Landorus-Therian, M
|poke|p1|Gengar, M
|poke|p1|Togekiss, F
|poke|p1|Genesect
|poke|p1|Slowbro, F
|poke|p2|Serperior, F, shiny
|poke|p2|Greninja, M, shiny
|poke|p2|Talonflame, M
|poke|p2|Kangaskhan, F
|poke|p2|Zygarde
|poke|p2|Kyurem-Black, shiny
|rule|Sleep Clause Mod: Limit one foe put to sleep
|rule|Species Clause: Limit one of each Pokemon
|rule|Moody Clause: Moody is banned
|rule|OHKO Clause: OHKO moves are banned
|rule|Evasion Moves Clause: Evasion moves are banned
|rule|HP Percentage Mod: HP is reported as percentages
|teampreview
|callback|decision
|
|start
|switch|p1a: Genesect|Genesect|283\/283
|switch|p2a: Zygarde|Zygarde|357\/357
|-boost|p1a: Genesect|spa|1|[from] ability: Download
|-message|The effects of aura abilities are reversed. (placeholder)
|turn|1
|callback|decision
|
|switch|p2a: Greninja|Greninja, M, shiny|286\/286
|move|p1a: Genesect|Ice Beam|p2a: Greninja
|-resisted|p2a: Greninja
|-damage|p2a: Greninja|183\/286
|
|turn|2
|callback|decision
|
|move|p1a: Genesect|Ice Beam|p2a: Greninja
|-resisted|p2a: Greninja
|-damage|p2a: Greninja|86\/286
|-start|p2a: Greninja|typechange|Water|[from] Protean
|move|p2a: Greninja|Hydro Pump|p1a: Genesect|[miss]
|-miss|p2a: Greninja|p1a: Genesect
|
|turn|3
|callback|decision
|
|move|p1a: Genesect|Ice Beam|p2a: Greninja
|-resisted|p2a: Greninja
|-damage|p2a: Greninja|0 fnt
|faint|p2a: Greninja
|
|callback|decision
|
|switch|p2a: Talonflame|Talonflame, M|298\/298
|turn|4
|callback|decision
|
|switch|p1a: Slowbro|Slowbro, F|332\/332
|move|p2a: Talonflame|Flare Blitz|p1a: Slowbro
|-resisted|p1a: Slowbro
|-damage|p1a: Slowbro|257\/332
|-damage|p2a: Talonflame|273\/298|[from] recoil|[of] p1a: Slowbro
|
|-heal|p1a: Slowbro|277\/332|[from] item: Leftovers
|turn|5
|callback|decision
|
|move|p2a: Talonflame|Swords Dance|p2a: Talonflame
|-boost|p2a: Talonflame|atk|2
|move|p1a: Slowbro|Thunder Wave|p2a: Talonflame
|-status|p2a: Talonflame|par
|
|-heal|p1a: Slowbro|297\/332|[from] item: Leftovers
|turn|6
|callback|decision
|
|move|p2a: Talonflame|Acrobatics|p1a: Slowbro
|-enditem|p2a: Talonflame|Flying Gem|[from] gem|[move] Acrobatics
|-damage|p1a: Slowbro|0 fnt
|faint|p1a: Slowbro
|
|callback|decision
|
|switch|p1a: Landorus-Therian|Landorus-Therian, M|382\/382
|-ability|p1a: Landorus-Therian|Intimidate|[of] p2a: Talonflame
|-unboost|p2a: Talonflame|atk|1
|turn|7
|callback|decision
|
|cant|p2a: Talonflame|par
|move|p1a: Landorus-Therian|Stealth Rock|p2a: Talonflame
|-sidestart|p2: trainerchano|move: Stealth Rock
|
|turn|8
|callback|decision
|
|cant|p2a: Talonflame|par
|move|p1a: Landorus-Therian|Focus Blast|p2a: Talonflame|[miss]
|-miss|p1a: Landorus-Therian|p2a: Talonflame
|
|turn|9
|callback|decision
|
|move|p1a: Landorus-Therian|Focus Blast|p2a: Talonflame
|-resisted|p2a: Talonflame
|-damage|p2a: Talonflame|177\/298 par
|-unboost|p2a: Talonflame|spd|1
|cant|p2a: Talonflame|par
|
|turn|10
|callback|decision
|chat|trainerchano|oh
|
|move|p1a: Landorus-Therian|Focus Blast|p2a: Talonflame
|-resisted|p2a: Talonflame
|-damage|p2a: Talonflame|40\/298 par
|move|p2a: Talonflame|Swords Dance|p2a: Talonflame
|-boost|p2a: Talonflame|atk|2
|
|turn|11
|callback|decision
|
|move|p2a: Talonflame|Acrobatics|p1a: Landorus-Therian
|-damage|p1a: Landorus-Therian|0 fnt
|faint|p1a: Landorus-Therian
|
|callback|decision
|
|switch|p1a: Celebi|Celebi|404\/404
|turn|12
|callback|decision
|
|move|p2a: Talonflame|Acrobatics|p1a: Celebi
|-supereffective|p1a: Celebi
|-damage|p1a: Celebi|0 fnt
|faint|p1a: Celebi
|
|callback|decision
|
|switch|p1a: Togekiss|Togekiss, F|373\/373
|turn|13
|callback|decision
|
|move|p2a: Talonflame|Acrobatics|p1a: Togekiss
|-damage|p1a: Togekiss|0 fnt
|faint|p1a: Togekiss
|
|callback|decision
|
|switch|p1a: Gengar|Gengar, M|261\/261
|turn|14
|callback|decision
|
|-formechange|p1a: Gengar|Gengar-Mega
|message|Gengar mega-evolved into Gengar-Mega!
|move|p2a: Talonflame|Acrobatics|p1a: Gengar
|-damage|p1a: Gengar|0 fnt
|faint|p1a: Gengar
|
|callback|decision
|
|switch|p1a: Genesect|Genesect|283\/283
|-boost|p1a: Genesect|spa|1|[from] ability: Download
|turn|15
|callback|decision
|
|move|p2a: Talonflame|Acrobatics|p1a: Genesect
|-damage|p1a: Genesect|0 fnt
|faint|p1a: Genesect
|
|win|trainerchano
|raw|Ladder updating...
|raw|Itsuki's rating: 1736 &rarr; <strong>1701<\/strong><br \/>(-35 for losing)
|raw|trainerchano's rating: 1574 &rarr; <strong>1649<\/strong><br \/>(+75 for winning)
|chat|trainerchano|gg
|leave|Itsuki
|player|p1