|join|yuna28
|join|arthurn1
|player|p1|yuna28|192
|player|p2|arthurn1|266
|gametype|singles
|gen|6
|tier|OU
|rated
|clearpoke
|poke|p1|Charizard, F
|poke|p1|Weavile, F, shiny
|poke|p1|Reuniclus, M
|poke|p1|Sylveon, M
|poke|p1|Gyarados, F, shiny
|poke|p1|Mew
|poke|p2|Espeon, F
|poke|p2|Cofagrigus, M
|poke|p2|Goodra, M
|poke|p2|Donphan, M
|poke|p2|Registeel
|poke|p2|Azumarill, F
|rule|Swagger Clause: Swagger is banned
|rule|Baton Pass Clause: Limit one PokÃ©mon knowing Baton Pass
|rule|Sleep Clause Mod: Limit one foe put to sleep
|rule|Species Clause: Limit one of each PokÃ©mon
|rule|OHKO Clause: OHKO moves are banned
|rule|Moody Clause: Moody is banned
|rule|Evasion Moves Clause: Evasion moves are banned
|rule|Endless Battle Clause: Forcing endless battles is banned
|rule|HP Percentage Mod: HP is shown in percentages
|teampreview
|
|start
|switch|p1a: Charizard|Charizard, F|297\/297
|switch|p2a: Dumbo|Donphan, M|384\/384
|turn|1
|
|switch|p2a: Barney|Goodra, M|384\/384
|detailschange|p1a: Charizard|Charizard-Mega-Y, F
|message|Charizard has Mega Evolved into Mega Charizard!
|-weather|SunnyDay
|move|p1a: Charizard|Flamethrower|p2a: Barney
|-crit|p2a: Barney
|-resisted|p2a: Barney
|-damage|p2a: Barney|234\/384
|
|-weather|SunnyDay|[upkeep]
|turn|2
|
|switch|p1a: Sylveon|Sylveon, M|391\/391
|move|p2a: Barney|Thunderbolt|p1a: Sylveon
|-damage|p1a: Sylveon|302\/391
|
|-weather|SunnyDay|[upkeep]
|-heal|p1a: Sylveon|326\/391|[from] item: Leftovers
|turn|3
|
|move|p2a: Barney|Sludge Wave|p1a: Sylveon
|-supereffective|p1a: Sylveon
|-damage|p1a: Sylveon|129\/391
|move|p1a: Sylveon|Calm Mind|p1a: Sylveon
|-boost|p1a: Sylveon|spa|1
|-boost|p1a: Sylveon|spd|1
|
|-weather|SunnyDay|[upkeep]
|-heal|p1a: Sylveon|153\/391|[from] item: Leftovers
|turn|4
|
|move|p2a: Barney|Sludge Wave|p1a: Sylveon
|-supereffective|p1a: Sylveon
|-damage|p1a: Sylveon|21\/391
|move|p1a: Sylveon|Hyper Voice|p2a: Barney
|-supereffective|p2a: Barney
|-damage|p2a: Barney|0 fnt
|faint|p2a: Barney
|
|-weather|SunnyDay|[upkeep]
|-heal|p1a: Sylveon|45\/391|[from] item: Leftovers
|
|switch|p2a: Azumarill|Azumarill, F|404\/404
|turn|5
|
|move|p2a: Azumarill|Aqua Jet|p1a: Sylveon
|-damage|p1a: Sylveon|0 fnt
|faint|p1a: Sylveon
|
|-weather|none
|
|switch|p1a: Gyarados|Gyarados, F, shiny|332\/332
|turn|6
|
|move|p1a: Gyarados|Dragon Dance|p1a: Gyarados
|-boost|p1a: Gyarados|atk|1
|-boost|p1a: Gyarados|spe|1
|move|p2a: Azumarill|Belly Drum|p2a: Azumarill
|-damage|p2a: Azumarill|202\/404
|-setboost|p2a: Azumarill|atk|6|[from] move: Belly Drum
|-enditem|p2a: Azumarill|Sitrus Berry|[eat]
|-heal|p2a: Azumarill|303\/404|[from] item: Sitrus Berry
|
|turn|7
|
|move|p2a: Azumarill|Aqua Jet|p1a: Gyarados
|-resisted|p1a: Gyarados
|-damage|p1a: Gyarados|119\/332
|move|p1a: Gyarados|Earthquake|p2a: Azumarill
|-damage|p2a: Azumarill|68\/404
|
|-heal|p1a: Gyarados|139\/332|[from] item: Leftovers
|turn|8
|
|move|p2a: Azumarill|Aqua Jet|p1a: Gyarados
|-resisted|p1a: Gyarados
|-damage|p1a: Gyarados|0 fnt
|faint|p1a: Gyarados
|
|
|switch|p1a: Weavile|Weavile, F, shiny|282\/282
|-ability|p1a: Weavile|Pressure
|turn|9
|
|move|p1a: Weavile|Ice Shard|p2a: Azumarill
|-resisted|p2a: Azumarill
|-damage|p2a: Azumarill|12\/404
|-damage|p1a: Weavile|254\/282|[from] item: Life Orb
|move|p2a: Azumarill|Aqua Jet|p1a: Weavile
|-damage|p1a: Weavile|0 fnt
|faint|p1a: Weavile
|
|
|switch|p1a: Charizard|Charizard-Mega-Y, F|297\/297
|-weather|SunnyDay
|turn|10
|
|move|p2a: Azumarill|Aqua Jet|p1a: Charizard
|-supereffective|p1a: Charizard
|-damage|p1a: Charizard|0 fnt
|faint|p1a: Charizard
|
|-weather|SunnyDay|[upkeep]
|
|switch|p1a: Mew|Mew|404\/404
|turn|11
|
|move|p2a: Azumarill|Aqua Jet|p1a: Mew
|-damage|p1a: Mew|272\/404
|move|p1a: Mew|Drain Punch|p2a: Azumarill
|-resisted|p2a: Azumarill
|-damage|p2a: Azumarill|0 fnt
|-heal|p1a: Mew|278\/404|[from] drain|[of] p2a: Azumarill
|faint|p2a: Azumarill
|
|-weather|SunnyDay|[upkeep]
|-heal|p1a: Mew|303\/404|[from] item: Leftovers
|
|switch|p2a: Mumbo|Cofagrigus, M|320\/320
|turn|12
|
|move|p1a: Mew|Thunder Wave|p2a: Mumbo
|-status|p2a: Mumbo|par
|move|p2a: Mumbo|Knock Off|p1a: Mew
|-supereffective|p1a: Mew
|-damage|p1a: Mew|235\/404
|-enditem|p1a: Mew|Leftovers|[from] move: Knock Off|[of] p2a: Mumbo
|
|-weather|SunnyDay|[upkeep]
|turn|13
|
|move|p1a: Mew|Stealth Rock|p2a: Mumbo
|-sidestart|p2: arthurn1|move: Stealth Rock
|move|p2a: Mumbo|Will-O-Wisp|p1a: Mew
|-status|p1a: Mew|brn
|
|-weather|SunnyDay|[upkeep]
|-damage|p1a: Mew|185\/404 brn|[from] brn
|turn|14
|
|move|p1a: Mew|Stealth Rock|p2a: Mumbo
|-fail|p2a: Mumbo
|move|p2a: Mumbo|Shadow Ball|p1a: Mew
|-supereffective|p1a: Mew
|-damage|p1a: Mew|3\/404 brn
|
|-weather|none
|-damage|p1a: Mew|0 fnt|[from] brn
|faint|p1a: Mew
|
|switch|p1a: Reuniclus|Reuniclus, M|424\/424
|turn|15
|
|move|p1a: Reuniclus|Calm Mind|p1a: Reuniclus
|-boost|p1a: Reuniclus|spa|1
|-boost|p1a: Reuniclus|spd|1
|cant|p2a: Mumbo|par
|
|turn|16
|
|move|p1a: Reuniclus|Calm Mind|p1a: Reuniclus
|-boost|p1a: Reuniclus|spa|1
|-boost|p1a: Reuniclus|spd|1
|move|p2a: Mumbo|Knock Off|p1a: Reuniclus
|-supereffective|p1a: Reuniclus
|-damage|p1a: Reuniclus|344\/424
|-enditem|p1a: Reuniclus|Leftovers|[from] move: Knock Off|[of] p2a: Mumbo
|
|turn|17
|
|move|p1a: Reuniclus|Calm Mind|p1a: Reuniclus
|-boost|p1a: Reuniclus|spa|1
|-boost|p1a: Reuniclus|spd|1
|move|p2a: Mumbo|Calm Mind|p2a: Mumbo
|-boost|p2a: Mumbo|spa|1
|-boost|p2a: Mumbo|spd|1
|
|turn|18
|
|move|p1a: Reuniclus|Psyshock|p2a: Mumbo
|-damage|p2a: Mumbo|172\/320 par
|move|p2a: Mumbo|Calm Mind|p2a: Mumbo
|-boost|p2a: Mumbo|spa|1
|-boost|p2a: Mumbo|spd|1
|
|-heal|p2a: Mumbo|192\/320 par|[from] item: Leftovers
|turn|19
|
|move|p1a: Reuniclus|Calm Mind|p1a: Reuniclus
|-boost|p1a: Reuniclus|spa|1
|-boost|p1a: Reuniclus|spd|1
|move|p2a: Mumbo|Shadow Ball|p1a: Reuniclus
|-supereffective|p1a: Reuniclus
|-damage|p1a: Reuniclus|200\/424
|
|-heal|p2a: Mumbo|212\/320 par|[from] item: Leftovers
|turn|20
|
|move|p1a: Reuniclus|Recover|p1a: Reuniclus
|-heal|p1a: Reuniclus|412\/424
|move|p2a: Mumbo|Calm Mind|p2a: Mumbo
|-boost|p2a: Mumbo|spa|1
|-boost|p2a: Mumbo|spd|1
|
|-heal|p2a: Mumbo|232\/320 par|[from] item: Leftovers
|turn|21
|
|move|p1a: Reuniclus|Calm Mind|p1a: Reuniclus
|-boost|p1a: Reuniclus|spa|1
|-boost|p1a: Reuniclus|spd|1
|cant|p2a: Mumbo|par
|
|-heal|p2a: Mumbo|252\/320 par|[from] item: Leftovers
|turn|22
|
|move|p1a: Reuniclus|Psyshock|p2a: Mumbo
|-damage|p2a: Mumbo|24\/320 par
|move|p2a: Mumbo|Calm Mind|p2a: Mumbo
|-boost|p2a: Mumbo|spa|1
|-boost|p2a: Mumbo|spd|1
|
|-heal|p2a: Mumbo|44\/320 par|[from] item: Leftovers
|turn|23
|
|move|p1a: Reuniclus|Psyshock|p2a: Mumbo
|-damage|p2a: Mumbo|0 fnt
|faint|p2a: Mumbo
|
|
|switch|p2a: Registeel|Registeel|364\/364
|-damage|p2a: Registeel|342\/364|[from] Stealth Rock
|turn|24
|
|move|p2a: Registeel|Thunder Wave|p1a: Reuniclus
|-status|p1a: Reuniclus|par
|move|p1a: Reuniclus|Focus Blast|p2a: Registeel
|-supereffective|p2a: Registeel
|-damage|p2a: Registeel|0 fnt
|faint|p2a: Registeel
|
|
|switch|p2a: Espeon|Espeon, F|272\/272
|-damage|p2a: Espeon|238\/272|[from] Stealth Rock
|turn|25
|
|move|p2a: Espeon|Psyshock|p1a: Reuniclus
|-resisted|p1a: Reuniclus
|-damage|p1a: Reuniclus|349\/424 par
|cant|p1a: Reuniclus|par
|
|turn|26
|
|move|p2a: Espeon|Psyshock|p1a: Reuniclus
|-resisted|p1a: Reuniclus
|-damage|p1a: Reuniclus|284\/424 par
|move|p1a: Reuniclus|Recover|p1a: Reuniclus
|-heal|p1a: Reuniclus|424\/424 par
|
|turn|27
|
|move|p2a: Espeon|Psyshock|p1a: Reuniclus
|-resisted|p1a: Reuniclus
|-damage|p1a: Reuniclus|357\/424 par
|cant|p1a: Reuniclus|par
|
|turn|28
|
|move|p2a: Espeon|Psyshock|p1a: Reuniclus
|-resisted|p1a: Reuniclus
|-damage|p1a: Reuniclus|294\/424 par
|move|p1a: Reuniclus|Recover|p1a: Reuniclus
|-heal|p1a: Reuniclus|424\/424 par
|
|turn|29
|
|move|p2a: Espeon|Psyshock|p1a: Reuniclus
|-resisted|p1a: Reuniclus
|-damage|p1a: Reuniclus|352\/424 par
|move|p1a: Reuniclus|Psyshock|p2a: Espeon
|-crit|p2a: Espeon
|-resisted|p2a: Espeon
|-damage|p2a: Espeon|0 fnt
|faint|p2a: Espeon
|
|
|switch|p2a: Dumbo|Donphan, M|384\/384
|-damage|p2a: Dumbo|360\/384|[from] Stealth Rock
|turn|30
|
|move|p2a: Dumbo|Knock Off|p1a: Reuniclus
|-supereffective|p1a: Reuniclus
|-damage|p1a: Reuniclus|220\/424 par
|cant|p1a: Reuniclus|par
|
|-heal|p2a: Dumbo|384\/384|[from] item: Leftovers
|turn|31
|
|move|p2a: Dumbo|Knock Off|p1a: Reuniclus
|-supereffective|p1a: Reuniclus
|-damage|p1a: Reuniclus|80\/424 par
|move|p1a: Reuniclus|Recover|p1a: Reuniclus
|-heal|p1a: Reuniclus|292\/424 par
|
|turn|32
|
|move|p2a: Dumbo|Knock Off|p1a: Reuniclus
|-supereffective|p1a: Reuniclus
|-damage|p1a: Reuniclus|162\/424 par
|move|p1a: Reuniclus|Recover|p1a: Reuniclus
|-heal|p1a: Reuniclus|374\/424 par
|
|turn|33
|
|move|p2a: Dumbo|Earthquake|p1a: Reuniclus
|-damage|p1a: Reuniclus|209\/424 par
|move|p1a: Reuniclus|Psyshock|p2a: Dumbo
|-damage|p2a: Dumbo|38\/384
|
|-heal|p2a: Dumbo|62\/384|[from] item: Leftovers
|turn|34
|
|move|p2a: Dumbo|Earthquake|p1a: Reuniclus
|-damage|p1a: Reuniclus|35\/424 par
|move|p1a: Reuniclus|Psyshock|p2a: Dumbo
|-damage|p2a: Dumbo|0 fnt
|faint|p2a: Dumbo
|
|win|yuna28
|raw|Ladder updating...
|leave|arthurn1
|player|p2
|c|âyuna28|gg
|raw|Ladder (probably) updated, but score could not be retrieved (timeout).
|raw|Ladder (probably) updated, but score could not be retrieved (Error: socket hang up).