|join|Arcanine is Regal
|join|yuna28
|player|p1|Arcanine is Regal|126
|player|p2|yuna28|192
|gametype|singles
|gen|6
|tier|OU
|rated
|clearpoke
|poke|p1|Bisharp, M, shiny
|poke|p1|Gengar, M, shiny
|poke|p1|Altaria, F, shiny
|poke|p1|Heatran, M
|poke|p1|Chesnaught, M, shiny
|poke|p1|Alomomola, F
|poke|p2|Charizard, M
|poke|p2|Weavile, M, shiny
|poke|p2|Reuniclus, M
|poke|p2|Sylveon, F
|poke|p2|Gyarados, M, shiny
|poke|p2|Mew
|rule|Swagger Clause: Swagger is banned
|rule|Baton Pass Clause: Limit one PokÃ©mon knowing Baton Pass
|rule|Sleep Clause Mod: Limit one foe put to sleep
|rule|Species Clause: Limit one of each PokÃ©mon
|rule|OHKO Clause: OHKO moves are banned
|rule|Moody Clause: Moody is banned
|rule|Evasion Moves Clause: Evasion moves are banned
|rule|Endless Battle Clause: Forcing endless battles is banned
|rule|HP Percentage Mod: HP is shown in percentages
|teampreview
|c|âArcanine is Regal|eeufefjdkv
|
|start
|switch|p1a: Heatran|Heatran, M|336\/336
|switch|p2a: Mew|Mew|404\/404
|-item|p1a: Heatran|Air Balloon
|turn|1
|
|move|p1a: Heatran|Taunt|p2a: Mew
|-start|p2a: Mew|move: Taunt
|move|p2a: Mew|Drain Punch|p1a: Heatran
|-supereffective|p1a: Heatran
|-damage|p1a: Heatran|218\/336
|-enditem|p1a: Heatran|Air Balloon
|
|turn|2
|
|switch|p2a: Brett|Charizard, M|297\/297
|move|p1a: Heatran|Fire Blast|p2a: Brett
|-resisted|p2a: Brett
|-damage|p2a: Brett|172\/297
|
|turn|3
|
|switch|p1a: Alomomola|Alomomola, F|501\/501
|detailschange|p2a: Brett|Charizard-Mega-Y, M
|message|Charizard has Mega Evolved into Mega Charizard!
|-weather|SunnyDay
|move|p2a: Brett|Earthquake|p1a: Alomomola
|-damage|p1a: Alomomola|416\/501
|
|-weather|SunnyDay|[upkeep]
|-heal|p1a: Alomomola|447\/501|[from] item: Leftovers
|turn|4
|
|switch|p1a: Heatran|Heatran, M|218\/336
|move|p2a: Brett|Solar Beam|p1a: Heatran|[still]
|-prepare|p2a: Brett|Solar Beam|p1a: Heatran
|-anim|p2a: Brett|Solar Beam|p1a: Heatran
|-resisted|p1a: Heatran
|-damage|p1a: Heatran|177\/336
|
|-weather|SunnyDay|[upkeep]
|turn|5
|
|switch|p1a: Altaria|Altaria, F, shiny|353\/353
|move|p2a: Brett|Earthquake|p1a: Altaria
|-immune|p1a: Altaria|[msg]
|
|-weather|SunnyDay|[upkeep]
|turn|6
|
|switch|p2a: Mew|Mew|404\/404
|detailschange|p1a: Altaria|Altaria-Mega, F, shiny
|message|Altaria has Mega Evolved into Mega Altaria!
|move|p1a: Altaria|Frustration|p2a: Mew
|-damage|p2a: Mew|280\/404
|
|-weather|SunnyDay|[upkeep]
|-heal|p2a: Mew|305\/404|[from] item: Leftovers
|turn|7
|
|switch|p1a: Heatran|Heatran, M|177\/336
|move|p2a: Mew|Stealth Rock|p1a: Heatran
|-sidestart|p1: Arcanine is Regal|move: Stealth Rock
|
|-weather|none
|-heal|p2a: Mew|330\/404|[from] item: Leftovers
|turn|8
|
|move|p1a: Heatran|Stealth Rock|p2a: Mew
|-sidestart|p2: yuna28|move: Stealth Rock
|move|p2a: Mew|Drain Punch|p1a: Heatran
|-supereffective|p1a: Heatran
|-damage|p1a: Heatran|71\/336
|-heal|p2a: Mew|383\/404|[from] drain|[of] p1a: Heatran
|
|-heal|p2a: Mew|404\/404|[from] item: Leftovers
|turn|9
|
|move|p1a: Heatran|Fire Blast|p2a: Mew
|-damage|p2a: Mew|187\/404
|move|p2a: Mew|Drain Punch|p1a: Heatran
|-supereffective|p1a: Heatran
|-damage|p1a: Heatran|0 fnt
|-heal|p2a: Mew|223\/404|[from] drain|[of] p1a: Heatran
|faint|p1a: Heatran
|
|-heal|p2a: Mew|248\/404|[from] item: Leftovers
|
|switch|p1a: Gengar|Gengar, M, shiny|259\/259
|-damage|p1a: Gengar|227\/259|[from] Stealth Rock
|turn|10
|
|switch|p2a: Weavile|Weavile, M, shiny|282\/282
|-damage|p2a: Weavile|212\/282|[from] Stealth Rock
|-ability|p2a: Weavile|Pressure
|move|p1a: Gengar|Shadow Ball|p2a: Weavile
|-resisted|p2a: Weavile
|-damage|p2a: Weavile|108\/282
|-damage|p1a: Gengar|202\/259|[from] item: Life Orb
|
|turn|11
|
|switch|p1a: Chesnaught|Chesnaught, M, shiny|380\/380
|-damage|p1a: Chesnaught|357\/380|[from] Stealth Rock
|move|p2a: Weavile|Knock Off|p1a: Chesnaught
|-resisted|p1a: Chesnaught
|-damage|p1a: Chesnaught|288\/380
|-enditem|p1a: Chesnaught|Leftovers|[from] move: Knock Off|[of] p2a: Weavile
|-damage|p2a: Weavile|80\/282|[from] item: Life Orb
|
|turn|12
|
|switch|p2a: Mew|Mew|248\/404
|-damage|p2a: Mew|198\/404|[from] Stealth Rock
|switch|p1a: Gengar|Gengar, M, shiny|202\/259
|-damage|p1a: Gengar|170\/259|[from] Stealth Rock
|
|-heal|p2a: Mew|223\/404|[from] item: Leftovers
|turn|13
|
|switch|p2a: Weavile|Weavile, M, shiny|80\/282
|-damage|p2a: Weavile|10\/282|[from] Stealth Rock
|-ability|p2a: Weavile|Pressure
|move|p1a: Gengar|Shadow Ball|p2a: Weavile
|-resisted|p2a: Weavile
|-damage|p2a: Weavile|0 fnt
|-damage|p1a: Gengar|145\/259|[from] item: Life Orb
|faint|p2a: Weavile
|
|join|AjTheEpic
|
|switch|p2a: Gyarados|Gyarados, M, shiny|332\/332
|-damage|p2a: Gyarados|249\/332|[from] Stealth Rock
|turn|14
|
|switch|p1a: Chesnaught|Chesnaught, M, shiny|288\/380
|-damage|p1a: Chesnaught|265\/380|[from] Stealth Rock
|move|p2a: Gyarados|Dragon Dance|p2a: Gyarados
|-boost|p2a: Gyarados|atk|1
|-boost|p2a: Gyarados|spe|1
|
|-heal|p2a: Gyarados|269\/332|[from] item: Leftovers
|turn|15
|c| AjTheEpic|it's a bouncer
|
|move|p2a: Gyarados|Ice Fang|p1a: Chesnaught
|-supereffective|p1a: Chesnaught
|-damage|p1a: Chesnaught|109\/380
|move|p1a: Chesnaught|Leech Seed|p2a: Gyarados
|-start|p2a: Gyarados|move: Leech Seed
|
|-heal|p2a: Gyarados|289\/332|[from] item: Leftovers
|-damage|p2a: Gyarados|248\/332|[from] Leech Seed|[of] p1a: Chesnaught
|-heal|p1a: Chesnaught|150\/380|[silent]
|turn|16
|
|move|p2a: Gyarados|Ice Fang|p1a: Chesnaught
|-supereffective|p1a: Chesnaught
|-damage|p1a: Chesnaught|0 fnt
|faint|p1a: Chesnaught
|-boost|p2a: Gyarados|atk|1|[from] ability: Moxie
|
|-heal|p2a: Gyarados|268\/332|[from] item: Leftovers
|
|switch|p1a: Alomomola|Alomomola, F|501\/501
|-damage|p1a: Alomomola|439\/501|[from] Stealth Rock
|turn|17
|c| AjTheEpic|... Why did you stay in
|
|switch|p2a: Mew|Mew|223\/404
|-damage|p2a: Mew|173\/404|[from] Stealth Rock
|move|p1a: Alomomola|Toxic|p2a: Mew|[miss]
|-miss|p1a: Alomomola|p2a: Mew
|
|-heal|p2a: Mew|198\/404|[from] item: Leftovers
|-heal|p1a: Alomomola|470\/501|[from] item: Leftovers
|turn|18
|c|âArcanine is Regal|thought he would dd again
|
|switch|p1a: Gengar|Gengar, M, shiny|145\/259
|-damage|p1a: Gengar|113\/259|[from] Stealth Rock
|move|p2a: Mew|Thunder Wave|p1a: Gengar
|-status|p1a: Gengar|par
|
|-heal|p2a: Mew|223\/404|[from] item: Leftovers
|turn|19
|
|move|p2a: Mew|Defog|p1a: Gengar
|-unboost|p1a: Gengar|evasion|1
|-sideend|p1: Arcanine is Regal|Stealth Rock|[from] move: Defog|[of] p1a: Gengar
|-sideend|p2: yuna28|Stealth Rock|[from] move: Defog|[of] p2a: Mew
|cant|p1a: Gengar|par
|
|-heal|p2a: Mew|248\/404|[from] item: Leftovers
|turn|20
|
|move|p2a: Mew|Stealth Rock|p1a: Gengar
|-sidestart|p1: Arcanine is Regal|move: Stealth Rock
|move|p1a: Gengar|Shadow Ball|p2a: Mew
|-supereffective|p2a: Mew
|-damage|p2a: Mew|0 fnt
|-damage|p1a: Gengar|88\/259 par|[from] item: Life Orb
|faint|p2a: Mew
|
|c| AjTheEpic|all you people overpredict trying to make plays
|
|switch|p2a: Brett|Charizard-Mega-Y, M|172\/297
|-weather|SunnyDay
|turn|21
|c| AjTheEpic|I agree with TFL:
|c| AjTheEpic|just play what's on the field
|c|âyuna28|lol
|
|switch|p1a: Altaria|Altaria-Mega, F, shiny|353\/353
|-damage|p1a: Altaria|309\/353|[from] Stealth Rock
|move|p2a: Brett|Flamethrower|p1a: Altaria
|-resisted|p1a: Altaria
|-damage|p1a: Altaria|176\/353
|
|-weather|SunnyDay|[upkeep]
|turn|22
|
|switch|p2a: Sylveon|Sylveon, F|391\/391
|move|p1a: Altaria|Heal Bell|p1a: Altaria
|-cureteam|p1a: Altaria|[from] move: HealBell
|
|-weather|SunnyDay|[upkeep]
|turn|23
|
|move|p1a: Altaria|Frustration|p2a: Sylveon
|-damage|p2a: Sylveon|216\/391
|move|p2a: Sylveon|Calm Mind|p2a: Sylveon
|-boost|p2a: Sylveon|spa|1
|-boost|p2a: Sylveon|spd|1
|
|-weather|SunnyDay|[upkeep]
|-heal|p2a: Sylveon|240\/391|[from] item: Leftovers
|turn|24
|
|move|p1a: Altaria|Frustration|p2a: Sylveon
|-damage|p2a: Sylveon|59\/391
|move|p2a: Sylveon|Hyper Voice|p1a: Altaria
|-supereffective|p1a: Altaria
|-damage|p1a: Altaria|0 fnt
|faint|p1a: Altaria
|
|-weather|SunnyDay|[upkeep]
|-heal|p2a: Sylveon|83\/391|[from] item: Leftovers
|c| AjTheEpic|what's on the bench is generally less devastating that what's in front of you
|
|switch|p1a: Gengar|Gengar, M, shiny|88\/259
|-damage|p1a: Gengar|56\/259|[from] Stealth Rock
|turn|25
|
|move|p1a: Gengar|Sludge Wave|p2a: Sylveon
|-supereffective|p2a: Sylveon
|-damage|p2a: Sylveon|0 fnt
|-damage|p1a: Gengar|31\/259|[from] item: Life Orb
|faint|p2a: Sylveon
|
|-weather|none
|
|switch|p2a: Gyarados|Gyarados, M, shiny|268\/332
|turn|26
|
|move|p1a: Gengar|Sludge Wave|p2a: Gyarados
|-damage|p2a: Gyarados|44\/332
|-damage|p1a: Gengar|6\/259|[from] item: Life Orb
|move|p2a: Gyarados|Dragon Dance|p2a: Gyarados
|-boost|p2a: Gyarados|atk|1
|-boost|p2a: Gyarados|spe|1
|
|-heal|p2a: Gyarados|64\/332|[from] item: Leftovers
|turn|27
|c|âyuna28|this whole match I sense
|c|âyuna28|is decided on
|c|âyuna28|does focus blast hit bisharp
|
|move|p2a: Gyarados|Waterfall|p1a: Gengar
|-damage|p1a: Gengar|0 fnt
|faint|p1a: Gengar
|-boost|p2a: Gyarados|atk|1|[from] ability: Moxie
|
|-heal|p2a: Gyarados|84\/332|[from] item: Leftovers
|c|âyuna28|nothing else matters
|
|switch|p1a: Alomomola|Alomomola, F|501\/501
|-damage|p1a: Alomomola|439\/501|[from] Stealth Rock
|turn|28
|
|move|p2a: Gyarados|Earthquake|p1a: Alomomola
|-damage|p1a: Alomomola|164\/501
|move|p1a: Alomomola|Toxic|p2a: Gyarados
|-status|p2a: Gyarados|tox
|
|-heal|p2a: Gyarados|104\/332 tox|[from] item: Leftovers
|-heal|p1a: Alomomola|195\/501|[from] item: Leftovers
|-damage|p2a: Gyarados|84\/332 tox|[from] psn
|turn|29
|
|move|p2a: Gyarados|Earthquake|p1a: Alomomola
|-damage|p1a: Alomomola|0 fnt
|faint|p1a: Alomomola
|-boost|p2a: Gyarados|atk|1|[from] ability: Moxie
|
|-heal|p2a: Gyarados|104\/332 tox|[from] item: Leftovers
|-damage|p2a: Gyarados|64\/332 tox|[from] psn
|
|switch|p1a: Bisharp|Bisharp, M, shiny|272\/272
|-damage|p1a: Bisharp|255\/272|[from] Stealth Rock
|turn|30
|c| AjTheEpic|or
|
|move|p1a: Bisharp|Sucker Punch|p2a: Gyarados
|-damage|p2a: Gyarados|0 fnt
|faint|p2a: Gyarados
|
|c|âArcanine is Regal|?
|c|âArcanine is Regal|what do you mean?
|c| AjTheEpic|he could lose before that ever got to be an option
|
|switch|p2a: Reuniclus|Reuniclus, M|424\/424
|turn|31
|c|âArcanine is Regal|doesnt charx just win?
|
|move|p1a: Bisharp|Knock Off|p2a: Reuniclus
|-supereffective|p2a: Reuniclus
|-damage|p2a: Reuniclus|86\/424
|-enditem|p2a: Reuniclus|Leftovers|[from] move: Knock Off|[of] p1a: Bisharp
|move|p2a: Reuniclus|Focus Blast|p1a: Bisharp
|-supereffective|p1a: Bisharp
|-damage|p1a: Bisharp|0 fnt
|faint|p1a: Bisharp
|
|win|yuna28
|raw|Ladder updating...
|raw|Arcanine is Regal's rating: 1590 &rarr; <strong>1577<\/strong><br \/>(-13 for losing)
|raw|yuna28's rating: 1721 &rarr; <strong>1734<\/strong><br \/>(+13 for winning)
|c|âyuna28|gg
|c|âArcanine is Regal|I mean y
|c|âyuna28|called it
|c|âyuna28|no
|c|âyuna28|not at that health
|c| AjTheEpic|yes
|c|âArcanine is Regal|4 attacks?
|c|âyuna28|I was at like 57
|c| AjTheEpic|you should have roos
|c|âyuna28|no roost
|c|âArcanine is Regal|gg
|c|âyuna28|4 attack
|c| AjTheEpic|lol
|c|âyuna28|gg
|leave|AjTheEpic