|join|Steez Ibanez
|join|yuna28
|player|p1|Steez Ibanez|290
|player|p2|yuna28|192
|gametype|singles
|gen|6
|tier|OU
|rated
|clearpoke
|poke|p1|Garchomp, M
|poke|p1|Greninja, M
|poke|p1|Gengar, M
|poke|p1|Venusaur, M
|poke|p1|Heatran, M
|poke|p1|Mew
|poke|p2|Charizard, M
|poke|p2|Weavile, M, shiny
|poke|p2|Reuniclus, F
|poke|p2|Sylveon, M
|poke|p2|Gyarados, M, shiny
|poke|p2|Mew
|rule|Swagger Clause: Swagger is banned
|rule|Baton Pass Clause: Limit one PokÃ©mon knowing Baton Pass
|rule|Sleep Clause Mod: Limit one foe put to sleep
|rule|Species Clause: Limit one of each PokÃ©mon
|rule|OHKO Clause: OHKO moves are banned
|rule|Moody Clause: Moody is banned
|rule|Evasion Moves Clause: Evasion moves are banned
|rule|Endless Battle Clause: Forcing endless battles is banned
|rule|HP Percentage Mod: HP is shown in percentages
|teampreview
|
|start
|switch|p1a: Kuton|Heatran, M|385\/385
|switch|p2a: Gyarados|Gyarados, M, shiny|332\/332
|turn|1
|
|move|p2a: Gyarados|Earthquake|p1a: Kuton
|-crit|p1a: Kuton
|-supereffective|p1a: Kuton
|-damage|p1a: Kuton|0 fnt
|faint|p1a: Kuton
|-boost|p2a: Gyarados|atk|1|[from] ability: Moxie
|
|
|switch|p1a: OG|Mew|403\/403
|turn|2
|
|switch|p2a: Charizard|Charizard, M|297\/297
|move|p1a: OG|Will-O-Wisp|p2a: Charizard
|-fail|p2a: Charizard
|
|turn|3
|
|switch|p1a: Doomsday|Garchomp, M|358\/358
|detailschange|p2a: Charizard|Charizard-Mega-Y, M
|message|Charizard has Mega Evolved into Mega Charizard!
|-weather|SunnyDay
|move|p2a: Charizard|Fire Blast|p1a: Doomsday
|-resisted|p1a: Doomsday
|-damage|p1a: Doomsday|160\/358
|
|-weather|SunnyDay|[upkeep]
|turn|4
|
|switch|p2a: Sylveon|Sylveon, M|391\/391
|move|p1a: Doomsday|Dragon Claw|p2a: Sylveon
|-immune|p2a: Sylveon|[msg]
|
|-weather|SunnyDay|[upkeep]
|turn|5
|
|move|p1a: Doomsday|Stealth Rock|p2a: Sylveon
|-sidestart|p2: yuna28|move: Stealth Rock
|move|p2a: Sylveon|Hyper Voice|p1a: Doomsday
|-supereffective|p1a: Doomsday
|-damage|p1a: Doomsday|0 fnt
|faint|p1a: Doomsday
|
|-weather|SunnyDay|[upkeep]
|
|switch|p1a: Zetsu|Gengar, M|260\/260
|turn|6
|
|move|p1a: Zetsu|Sludge Wave|p2a: Sylveon
|-supereffective|p2a: Sylveon
|-damage|p2a: Sylveon|17\/391
|-damage|p1a: Zetsu|234\/260|[from] item: Life Orb
|move|p2a: Sylveon|Calm Mind|p2a: Sylveon
|-boost|p2a: Sylveon|spa|1
|-boost|p2a: Sylveon|spd|1
|
|-weather|SunnyDay|[upkeep]
|-heal|p2a: Sylveon|41\/391|[from] item: Leftovers
|turn|7
|
|move|p1a: Zetsu|Shadow Ball|p2a: Sylveon
|-damage|p2a: Sylveon|0 fnt
|-damage|p1a: Zetsu|208\/260|[from] item: Life Orb
|faint|p2a: Sylveon
|
|-weather|none
|
|switch|p2a: Gyarados|Gyarados, M, shiny|332\/332
|-damage|p2a: Gyarados|249\/332|[from] Stealth Rock
|turn|8
|
|switch|p1a: OG|Mew|403\/403
|move|p2a: Gyarados|Dragon Dance|p2a: Gyarados
|-boost|p2a: Gyarados|atk|1
|-boost|p2a: Gyarados|spe|1
|
|-heal|p2a: Gyarados|269\/332|[from] item: Leftovers
|turn|9
|
|switch|p2a: Mew|Mew|404\/404
|-damage|p2a: Mew|354\/404|[from] Stealth Rock
|move|p1a: OG|Knock Off|p2a: Mew
|-supereffective|p2a: Mew
|-damage|p2a: Mew|238\/404
|-enditem|p2a: Mew|Leftovers|[from] move: Knock Off|[of] p1a: OG
|
|turn|10
|
|switch|p1a: Zetsu|Gengar, M|208\/260
|move|p2a: Mew|Thunder Wave|p1a: Zetsu
|-status|p1a: Zetsu|par
|
|turn|11
|
|move|p2a: Mew|Defog|p1a: Zetsu
|-unboost|p1a: Zetsu|evasion|1
|-sideend|p2: yuna28|Stealth Rock|[from] move: Defog|[of] p2a: Mew
|move|p1a: Zetsu|Shadow Ball|p2a: Mew
|-supereffective|p2a: Mew
|-damage|p2a: Mew|0 fnt
|-damage|p1a: Zetsu|182\/260 par|[from] item: Life Orb
|faint|p2a: Mew
|
|
|switch|p2a: Charizard|Charizard-Mega-Y, M|297\/297
|-weather|SunnyDay
|turn|12
|
|move|p2a: Charizard|Flamethrower|p1a: Zetsu
|-damage|p1a: Zetsu|0 fnt
|faint|p1a: Zetsu
|
|-weather|SunnyDay|[upkeep]
|
|switch|p1a: Kakashi|Greninja, M|285\/285
|turn|13
|
|move|p1a: Kakashi|Extrasensory|p2a: Charizard
|-start|p1a: Kakashi|typechange|Psychic|[from] Protean
|-damage|p2a: Charizard|159\/297
|-damage|p1a: Kakashi|257\/285|[from] item: Life Orb
|move|p2a: Charizard|Solar Beam|p1a: Kakashi|[still]
|-prepare|p2a: Charizard|Solar Beam|p1a: Kakashi
|-anim|p2a: Charizard|Solar Beam|p1a: Kakashi
|-crit|p1a: Kakashi
|-damage|p1a: Kakashi|0 fnt
|faint|p1a: Kakashi
|
|-weather|SunnyDay|[upkeep]
|
|switch|p1a: 420|Venusaur, M|363\/363
|turn|14
|
|switch|p2a: Gyarados|Gyarados, M, shiny|269\/332
|detailschange|p1a: 420|Venusaur-Mega, M
|message|Venusaur has Mega Evolved into Mega Venusaur!
|move|p1a: 420|Sludge Bomb|p2a: Gyarados
|-damage|p2a: Gyarados|134\/332
|-status|p2a: Gyarados|psn
|
|-weather|SunnyDay|[upkeep]
|-heal|p2a: Gyarados|154\/332 psn|[from] item: Leftovers
|-damage|p2a: Gyarados|113\/332 psn|[from] psn
|turn|15
|
|move|p2a: Gyarados|Earthquake|p1a: 420
|-damage|p1a: 420|280\/363
|move|p1a: 420|Leech Seed|p2a: Gyarados
|-start|p2a: Gyarados|move: Leech Seed
|
|-weather|SunnyDay|[upkeep]
|-heal|p2a: Gyarados|133\/332 psn|[from] item: Leftovers
|-damage|p2a: Gyarados|92\/332 psn|[from] Leech Seed|[of] p1a: 420
|-heal|p1a: 420|321\/363|[silent]
|-damage|p2a: Gyarados|51\/332 psn|[from] psn
|turn|16
|
|move|p2a: Gyarados|Earthquake|p1a: 420
|-damage|p1a: 420|238\/363
|move|p1a: 420|Giga Drain|p2a: Gyarados
|-damage|p2a: Gyarados|0 fnt
|-heal|p1a: 420|264\/363|[from] drain|[of] p2a: Gyarados
|faint|p2a: Gyarados
|
|-weather|none
|
|switch|p2a: Charizard|Charizard-Mega-Y, M|159\/297
|-weather|SunnyDay
|turn|17
|
|move|p2a: Charizard|Flamethrower|p1a: 420
|-supereffective|p1a: 420
|-damage|p1a: 420|22\/363
|move|p1a: 420|Synthesis|p1a: 420
|-heal|p1a: 420|264\/363
|
|-weather|SunnyDay|[upkeep]
|turn|18
|
|move|p2a: Charizard|Fire Blast|p1a: 420
|-supereffective|p1a: 420
|-damage|p1a: 420|0 fnt
|faint|p1a: 420
|
|-weather|SunnyDay|[upkeep]
|
|switch|p1a: OG|Mew|403\/403
|turn|19
|
|move|p2a: Charizard|Fire Blast|p1a: OG
|-damage|p1a: OG|126\/403
|move|p1a: OG|Knock Off|p2a: Charizard
|-damage|p2a: Charizard|87\/297
|
|-weather|SunnyDay|[upkeep]
|-heal|p1a: OG|151\/403|[from] item: Leftovers
|turn|20
|
|move|p2a: Charizard|Fire Blast|p1a: OG
|-damage|p1a: OG|0 fnt
|faint|p1a: OG
|
|win|yuna28
|raw|Ladder updating...
|raw|Steez Ibanez's rating: 1658 &rarr; <strong>1635<\/strong><br \/>(-23 for losing)
|raw|yuna28's rating: 1614 &rarr; <strong>1636<\/strong><br \/>(+22 for winning)
|c|âyuna28|gg
|c|âSteez Ibanez|gg
|leave|Steez Ibanez
|player|p1