|join|Daxx27
|join|yuna28
|player|p1|Daxx27|50
|player|p2|yuna28|192
|gametype|singles
|gen|6
|tier|OU
|rated
|clearpoke
|poke|p1|Zapdos
|poke|p1|Gallade, M
|poke|p1|Heatran, F
|poke|p1|Vaporeon, F
|poke|p1|Latios, M
|poke|p1|Bisharp, M
|poke|p2|Charizard, M
|poke|p2|Weavile, F, shiny
|poke|p2|Reuniclus, M
|poke|p2|Sylveon, F
|poke|p2|Gyarados, F, shiny
|poke|p2|Mew
|rule|Swagger Clause: Swagger is banned
|rule|Baton Pass Clause: Limit one PokÃ©mon knowing Baton Pass
|rule|Sleep Clause Mod: Limit one foe put to sleep
|rule|Species Clause: Limit one of each PokÃ©mon
|rule|OHKO Clause: OHKO moves are banned
|rule|Moody Clause: Moody is banned
|rule|Evasion Moves Clause: Evasion moves are banned
|rule|Endless Battle Clause: Forcing endless battles is banned
|rule|HP Percentage Mod: HP is shown in percentages
|teampreview
|
|start
|switch|p1a: Bisharp|Bisharp, M|271\/271
|switch|p2a: Mew|Mew|404\/404
|turn|1
|
|move|p1a: Bisharp|Knock Off|p2a: Mew
|-supereffective|p2a: Mew
|-damage|p2a: Mew|96\/404
|-enditem|p2a: Mew|Leftovers|[from] move: Knock Off|[of] p1a: Bisharp
|move|p2a: Mew|Thunder Wave|p1a: Bisharp
|-status|p1a: Bisharp|par
|
|turn|2
|
|move|p2a: Mew|Stealth Rock|p1a: Bisharp
|-sidestart|p1: Daxx27|move: Stealth Rock
|cant|p1a: Bisharp|par
|
|turn|3
|
|move|p2a: Mew|Drain Punch|p1a: Bisharp
|-supereffective|p1a: Bisharp
|-damage|p1a: Bisharp|35\/271 par
|-heal|p2a: Mew|214\/404|[from] drain|[of] p1a: Bisharp
|move|p1a: Bisharp|Knock Off|p2a: Mew
|-supereffective|p2a: Mew
|-damage|p2a: Mew|2\/404
|
|turn|4
|
|move|p1a: Bisharp|Sucker Punch|p2a: Mew
|-supereffective|p2a: Mew
|-damage|p2a: Mew|0 fnt
|faint|p2a: Mew
|
|
|switch|p2a: Gyarados|Gyarados, F, shiny|332\/332
|turn|5
|
|switch|p1a: Zapdos|Zapdos|384\/384
|-damage|p1a: Zapdos|288\/384|[from] Stealth Rock
|-ability|p1a: Zapdos|Pressure
|move|p2a: Gyarados|Dragon Dance|p2a: Gyarados
|-boost|p2a: Gyarados|atk|1
|-boost|p2a: Gyarados|spe|1
|
|-heal|p1a: Zapdos|312\/384|[from] item: Leftovers
|turn|6
|
|move|p2a: Gyarados|Ice Fang|p1a: Zapdos
|-supereffective|p1a: Zapdos
|-damage|p1a: Zapdos|118\/384
|move|p1a: Zapdos|Thunderbolt|p2a: Gyarados
|-crit|p2a: Gyarados
|-supereffective|p2a: Gyarados
|-damage|p2a: Gyarados|0 fnt
|faint|p2a: Gyarados
|
|-heal|p1a: Zapdos|142\/384|[from] item: Leftovers
|
|switch|p2a: Charizard|Charizard, M|297\/297
|turn|7
|
|switch|p1a: Latios|Latios, M|302\/302
|-damage|p1a: Latios|265\/302|[from] Stealth Rock
|detailschange|p2a: Charizard|Charizard-Mega-Y, M
|message|Charizard has Mega Evolved into Mega Charizard!
|-weather|SunnyDay
|move|p2a: Charizard|Flamethrower|p1a: Latios
|-resisted|p1a: Latios
|-damage|p1a: Latios|126\/302
|-status|p1a: Latios|brn
|
|-weather|SunnyDay|[upkeep]
|-damage|p1a: Latios|89\/302 brn|[from] brn
|turn|8
|
|switch|p1a: Heatran|Heatran, F|386\/386
|-damage|p1a: Heatran|338\/386|[from] Stealth Rock
|switch|p2a: Sylveon|Sylveon, F|391\/391
|
|-weather|SunnyDay|[upkeep]
|-heal|p1a: Heatran|362\/386|[from] item: Leftovers
|turn|9
|
|move|p1a: Heatran|Stealth Rock|p2a: Sylveon
|-sidestart|p2: yuna28|move: Stealth Rock
|move|p2a: Sylveon|Calm Mind|p2a: Sylveon
|-boost|p2a: Sylveon|spa|1
|-boost|p2a: Sylveon|spd|1
|
|-weather|SunnyDay|[upkeep]
|-heal|p1a: Heatran|386\/386|[from] item: Leftovers
|turn|10
|
|move|p1a: Heatran|Will-O-Wisp|p2a: Sylveon
|-status|p2a: Sylveon|brn
|move|p2a: Sylveon|Wish|p2a: Sylveon
|
|-weather|SunnyDay|[upkeep]
|-damage|p2a: Sylveon|343\/391 brn|[from] brn
|turn|11
|
|switch|p2a: Charizard|Charizard-Mega-Y, M|297\/297
|-damage|p2a: Charizard|149\/297|[from] Stealth Rock
|move|p1a: Heatran|Roar|p2a: Charizard
|drag|p2a: Sylveon|Sylveon, F|343\/391 brn
|-damage|p2a: Sylveon|295\/391 brn|[from] Stealth Rock
|
|-weather|none
|-heal|p2a: Sylveon|391\/391 brn|[from] move: Wish|[wisher] Sylveon
|-damage|p2a: Sylveon|343\/391 brn|[from] brn
|turn|12
|
|move|p1a: Heatran|Lava Plume|p2a: Sylveon
|-damage|p2a: Sylveon|244\/391 brn
|move|p2a: Sylveon|Calm Mind|p2a: Sylveon
|-boost|p2a: Sylveon|spa|1
|-boost|p2a: Sylveon|spd|1
|
|-heal|p2a: Sylveon|268\/391 brn|[from] item: Leftovers
|-damage|p2a: Sylveon|220\/391 brn|[from] brn
|turn|13
|
|move|p1a: Heatran|Lava Plume|p2a: Sylveon
|-damage|p2a: Sylveon|162\/391 brn
|move|p2a: Sylveon|Wish|p2a: Sylveon
|
|-heal|p2a: Sylveon|186\/391 brn|[from] item: Leftovers
|-damage|p2a: Sylveon|138\/391 brn|[from] brn
|turn|14
|
|move|p1a: Heatran|Lava Plume|p2a: Sylveon
|-damage|p2a: Sylveon|75\/391 brn
|move|p2a: Sylveon|Calm Mind|p2a: Sylveon
|-boost|p2a: Sylveon|spa|1
|-boost|p2a: Sylveon|spd|1
|
|-heal|p2a: Sylveon|270\/391 brn|[from] move: Wish|[wisher] Sylveon
|-heal|p2a: Sylveon|294\/391 brn|[from] item: Leftovers
|-damage|p2a: Sylveon|246\/391 brn|[from] brn
|turn|15
|
|move|p2a: Sylveon|Wish|p2a: Sylveon
|move|p1a: Heatran|Roar|p2a: Sylveon
|drag|p2a: Weavile|Weavile, F, shiny|282\/282
|-damage|p2a: Weavile|212\/282|[from] Stealth Rock
|-ability|p2a: Weavile|Pressure
|
|turn|16
|
|switch|p1a: Vaporeon|Vaporeon, F|464\/464
|-damage|p1a: Vaporeon|406\/464|[from] Stealth Rock
|move|p2a: Weavile|Low Kick|p1a: Vaporeon
|-damage|p1a: Vaporeon|320\/464
|-damage|p2a: Weavile|184\/282|[from] item: Life Orb
|
|-heal|p2a: Weavile|282\/282|[from] move: Wish|[wisher] Sylveon
|-heal|p1a: Vaporeon|349\/464|[from] item: Leftovers
|turn|17
|
|move|p1a: Vaporeon|Protect|p1a: Vaporeon
|-singleturn|p1a: Vaporeon|Protect
|move|p2a: Weavile|Swords Dance|p2a: Weavile
|-boost|p2a: Weavile|atk|2
|
|-heal|p1a: Vaporeon|378\/464|[from] item: Leftovers
|turn|18
|
|move|p2a: Weavile|Knock Off|p1a: Vaporeon
|-crit|p1a: Vaporeon
|-damage|p1a: Vaporeon|0 fnt
|-enditem|p1a: Vaporeon|Leftovers|[from] move: Knock Off|[of] p2a: Weavile
|-damage|p2a: Weavile|254\/282|[from] item: Life Orb
|faint|p1a: Vaporeon
|
|
|switch|p1a: Gallade|Gallade, M|277\/277
|-damage|p1a: Gallade|260\/277|[from] Stealth Rock
|turn|19
|
|detailschange|p1a: Gallade|Gallade-Mega, M
|message|Gallade has Mega Evolved into Mega Gallade!
|move|p2a: Weavile|Knock Off|p1a: Gallade
|-damage|p1a: Gallade|0 fnt
|-damage|p2a: Weavile|226\/282|[from] item: Life Orb
|faint|p1a: Gallade
|
|
|switch|p1a: Latios|Latios, M|89\/302 brn
|-damage|p1a: Latios|52\/302 brn|[from] Stealth Rock
|turn|20
|c|âyuna28|lol regret using protect?
|
|move|p2a: Weavile|Ice Shard|p1a: Latios
|-supereffective|p1a: Latios
|-damage|p1a: Latios|0 fnt
|-damage|p2a: Weavile|198\/282|[from] item: Life Orb
|faint|p1a: Latios
|
|-message|Daxx27 forfeited.
|
|win|yuna28
|raw|Ladder updating...
|leave|Daxx27
|player|p1
|raw|Daxx27's rating: 1372 &rarr; <strong>1350<\/strong><br \/>(-22 for losing)
|raw|yuna28's rating: 1337 &rarr; <strong>1359<\/strong><br \/>(+22 for winning)