|join|yuna28
|join|yoman5
|player|p1|yuna28|192
|player|p2|yoman5|101
|gametype|singles
|gen|6
|tier|OU
|rated
|clearpoke
|poke|p1|Charizard, F
|poke|p1|Weavile, M, shiny
|poke|p1|Reuniclus, F
|poke|p1|Sylveon, M
|poke|p1|Gyarados, M, shiny
|poke|p1|Mew
|poke|p2|Metagross, shiny
|poke|p2|Talonflame, F
|poke|p2|Bisharp, F
|poke|p2|Diggersby, M
|poke|p2|Keldeo
|poke|p2|Excadrill, M
|rule|Swagger Clause: Swagger is banned
|rule|Baton Pass Clause: Limit one PokÃ©mon knowing Baton Pass
|rule|Sleep Clause Mod: Limit one foe put to sleep
|rule|Species Clause: Limit one of each PokÃ©mon
|rule|OHKO Clause: OHKO moves are banned
|rule|Moody Clause: Moody is banned
|rule|Evasion Moves Clause: Evasion moves are banned
|rule|Endless Battle Clause: Forcing endless battles is banned
|rule|HP Percentage Mod: HP is shown in percentages
|teampreview
|
|start
|switch|p1a: Mew|Mew|404\/404
|switch|p2a: Metagross|Metagross, shiny|301\/301
|turn|1
|
|detailschange|p2a: Metagross|Metagross-Mega, shiny
|message|Metagross has Mega Evolved into Mega Metagross!
|move|p2a: Metagross|Stealth Rock|p1a: Mew
|-sidestart|p1: yuna28|move: Stealth Rock
|move|p1a: Mew|Thunder Wave|p2a: Metagross
|-status|p2a: Metagross|par
|
|turn|2
|
|move|p1a: Mew|Defog|p2a: Metagross
|-unboost|p2a: Metagross|evasion|1
|-sideend|p1: yuna28|Stealth Rock|[from] move: Defog|[of] p1a: Mew
|move|p2a: Metagross|Meteor Mash|p1a: Mew|[miss]
|-miss|p2a: Metagross|p1a: Mew
|
|turn|3
|
|move|p1a: Mew|Stealth Rock|p2a: Metagross
|-sidestart|p2: yoman5|move: Stealth Rock
|cant|p2a: Metagross|par
|
|turn|4
|
|switch|p1a: Charizard|Charizard, F|297\/297
|move|p2a: Metagross|Stealth Rock|p1a: Charizard
|-sidestart|p1: yuna28|move: Stealth Rock
|
|turn|5
|
|detailschange|p1a: Charizard|Charizard-Mega-Y, F
|message|Charizard has Mega Evolved into Mega Charizard!
|-weather|SunnyDay
|move|p1a: Charizard|Fire Blast|p2a: Metagross
|-supereffective|p2a: Metagross
|-damage|p2a: Metagross|0 fnt
|faint|p2a: Metagross
|
|-weather|SunnyDay|[upkeep]
|
|switch|p2a: Excadrill|Excadrill, M|361\/361
|-damage|p2a: Excadrill|350\/361|[from] Stealth Rock
|-ability|p2a: Excadrill|Mold Breaker
|turn|6
|
|switch|p1a: Mew|Mew|404\/404
|-damage|p1a: Mew|354\/404|[from] Stealth Rock
|move|p2a: Excadrill|Rock Slide|p1a: Mew
|-damage|p1a: Mew|296\/404
|
|-weather|SunnyDay|[upkeep]
|-heal|p1a: Mew|321\/404|[from] item: Leftovers
|turn|7
|
|switch|p2a: Diggersby|Diggersby, M|311\/311
|-damage|p2a: Diggersby|292\/311|[from] Stealth Rock
|move|p1a: Mew|Thunder Wave|p2a: Diggersby
|-immune|p2a: Diggersby|[msg]
|
|-weather|SunnyDay|[upkeep]
|-heal|p1a: Mew|346\/404|[from] item: Leftovers
|turn|8
|
|move|p2a: Diggersby|Swords Dance|p2a: Diggersby
|-boost|p2a: Diggersby|atk|2
|move|p1a: Mew|Defog|p2a: Diggersby
|-unboost|p2a: Diggersby|evasion|1
|-sideend|p2: yoman5|Stealth Rock|[from] move: Defog|[of] p2a: Diggersby
|-sideend|p1: yuna28|Stealth Rock|[from] move: Defog|[of] p1a: Mew
|
|-weather|SunnyDay|[upkeep]
|-heal|p1a: Mew|371\/404|[from] item: Leftovers
|turn|9
|
|move|p2a: Diggersby|Frustration|p1a: Mew
|-damage|p1a: Mew|0 fnt
|-damage|p2a: Diggersby|261\/311|[from] item: Life Orb
|faint|p1a: Mew
|
|-weather|none
|
|switch|p1a: Gyarados|Gyarados, M, shiny|332\/332
|turn|10
|
|move|p2a: Diggersby|Quick Attack|p1a: Gyarados
|-damage|p1a: Gyarados|50\/332
|-damage|p2a: Diggersby|230\/311|[from] item: Life Orb
|move|p1a: Gyarados|Waterfall|p2a: Diggersby
|-supereffective|p2a: Diggersby
|-damage|p2a: Diggersby|0 fnt
|faint|p2a: Diggersby
|-boost|p1a: Gyarados|atk|1|[from] ability: Moxie
|
|-heal|p1a: Gyarados|70\/332|[from] item: Leftovers
|
|switch|p2a: Talonflame|Talonflame, F|323\/323
|turn|11
|
|move|p2a: Talonflame|Brave Bird|p1a: Gyarados
|-damage|p1a: Gyarados|0 fnt
|-damage|p2a: Talonflame|300\/323|[from] recoil|[of] p1a: Gyarados
|faint|p1a: Gyarados
|
|
|switch|p1a: Reuniclus|Reuniclus, F|424\/424
|turn|12
|
|move|p2a: Talonflame|Swords Dance|p2a: Talonflame
|-boost|p2a: Talonflame|atk|2
|move|p1a: Reuniclus|Focus Blast|p2a: Talonflame
|-resisted|p2a: Talonflame
|-damage|p2a: Talonflame|220\/323
|
|turn|13
|
|move|p2a: Talonflame|Brave Bird|p1a: Reuniclus
|-damage|p1a: Reuniclus|121\/424
|-damage|p2a: Talonflame|120\/323|[from] recoil|[of] p1a: Reuniclus
|move|p1a: Reuniclus|Psyshock|p2a: Talonflame
|-damage|p2a: Talonflame|0 fnt
|faint|p2a: Talonflame
|
|-heal|p1a: Reuniclus|147\/424|[from] item: Leftovers
|
|switch|p2a: Bisharp|Bisharp, F|271\/271
|turn|14
|
|move|p2a: Bisharp|Knock Off|p1a: Reuniclus
|-crit|p1a: Reuniclus
|-supereffective|p1a: Reuniclus
|-damage|p1a: Reuniclus|0 fnt
|-enditem|p1a: Reuniclus|Leftovers|[from] move: Knock Off|[of] p2a: Bisharp
|-damage|p2a: Bisharp|244\/271|[from] item: Life Orb
|faint|p1a: Reuniclus
|
|
|switch|p1a: Charizard|Charizard-Mega-Y, F|297\/297
|-weather|SunnyDay
|turn|15
|
|move|p2a: Bisharp|Sucker Punch|p1a: Charizard
|-damage|p1a: Charizard|46\/297
|-damage|p2a: Bisharp|217\/271|[from] item: Life Orb
|move|p1a: Charizard|Flamethrower|p2a: Bisharp
|-supereffective|p2a: Bisharp
|-damage|p2a: Bisharp|0 fnt
|faint|p2a: Bisharp
|
|-weather|SunnyDay|[upkeep]
|
|switch|p2a: Keldeo|Keldeo|323\/323
|turn|16
|
|move|p2a: Keldeo|Calm Mind|p2a: Keldeo
|-boost|p2a: Keldeo|spa|1
|-boost|p2a: Keldeo|spd|1
|move|p1a: Charizard|Solar Beam|p2a: Keldeo|[still]
|-prepare|p1a: Charizard|Solar Beam|p2a: Keldeo
|-anim|p1a: Charizard|Solar Beam|p2a: Keldeo
|-supereffective|p2a: Keldeo
|-damage|p2a: Keldeo|81\/323
|
|-weather|SunnyDay|[upkeep]
|-heal|p2a: Keldeo|101\/323|[from] item: Leftovers
|turn|17
|
|move|p2a: Keldeo|Scald|p1a: Charizard
|-supereffective|p1a: Charizard
|-damage|p1a: Charizard|0 fnt
|faint|p1a: Charizard
|
|-weather|SunnyDay|[upkeep]
|-heal|p2a: Keldeo|121\/323|[from] item: Leftovers
|
|switch|p1a: Sylveon|Sylveon, M|391\/391
|turn|18
|
|move|p2a: Keldeo|Scald|p1a: Sylveon
|-damage|p1a: Sylveon|309\/391
|move|p1a: Sylveon|Calm Mind|p1a: Sylveon
|-boost|p1a: Sylveon|spa|1
|-boost|p1a: Sylveon|spd|1
|
|-weather|SunnyDay|[upkeep]
|-heal|p2a: Keldeo|141\/323|[from] item: Leftovers
|-heal|p1a: Sylveon|333\/391|[from] item: Leftovers
|turn|19
|
|move|p2a: Keldeo|Scald|p1a: Sylveon
|-damage|p1a: Sylveon|270\/391
|-status|p1a: Sylveon|brn
|move|p1a: Sylveon|Calm Mind|p1a: Sylveon
|-boost|p1a: Sylveon|spa|1
|-boost|p1a: Sylveon|spd|1
|
|-weather|none
|-heal|p2a: Keldeo|161\/323|[from] item: Leftovers
|-heal|p1a: Sylveon|294\/391 brn|[from] item: Leftovers
|-damage|p1a: Sylveon|246\/391 brn|[from] brn
|turn|20
|
|move|p2a: Keldeo|Scald|p1a: Sylveon
|-damage|p1a: Sylveon|161\/391 brn
|move|p1a: Sylveon|Wish|p1a: Sylveon
|
|-heal|p2a: Keldeo|181\/323|[from] item: Leftovers
|-heal|p1a: Sylveon|185\/391 brn|[from] item: Leftovers
|-damage|p1a: Sylveon|137\/391 brn|[from] brn
|turn|21
|
|move|p2a: Keldeo|Calm Mind|p2a: Keldeo
|-boost|p2a: Keldeo|spa|1
|-boost|p2a: Keldeo|spd|1
|move|p1a: Sylveon|Hyper Voice|p2a: Keldeo
|-supereffective|p2a: Keldeo
|-damage|p2a: Keldeo|0 fnt
|faint|p2a: Keldeo
|
|-heal|p1a: Sylveon|332\/391 brn|[from] move: Wish|[wisher] Sylveon
|-heal|p1a: Sylveon|356\/391 brn|[from] item: Leftovers
|-damage|p1a: Sylveon|308\/391 brn|[from] brn
|
|switch|p2a: Excadrill|Excadrill, M|350\/361
|-ability|p2a: Excadrill|Mold Breaker
|turn|22
|
|move|p2a: Excadrill|Iron Head|p1a: Sylveon
|-supereffective|p1a: Sylveon
|-damage|p1a: Sylveon|48\/391 brn
|move|p1a: Sylveon|Hidden Power|p2a: Excadrill
|-supereffective|p2a: Excadrill
|-damage|p2a: Excadrill|38\/361
|
|-heal|p1a: Sylveon|72\/391 brn|[from] item: Leftovers
|-damage|p1a: Sylveon|24\/391 brn|[from] brn
|turn|23
|
|move|p2a: Excadrill|Iron Head|p1a: Sylveon
|-supereffective|p1a: Sylveon
|-damage|p1a: Sylveon|0 fnt
|faint|p1a: Sylveon
|
|c|âyuna28|gg
|
|switch|p1a: Weavile|Weavile, M, shiny|282\/282
|-ability|p1a: Weavile|Pressure
|turn|24
|
|move|p1a: Weavile|Ice Shard|p2a: Excadrill
|-crit|p2a: Excadrill
|-damage|p2a: Excadrill|0 fnt
|-damage|p1a: Weavile|254\/282|[from] item: Life Orb
|faint|p2a: Excadrill
|
|win|yuna28
|raw|Ladder updating...
|leave|yoman5
|player|p2
|raw|yuna28's rating: 1524 &rarr; <strong>1542<\/strong><br \/>(+18 for winning)
|raw|yoman5's rating: 1484 &rarr; <strong>1467<\/strong><br \/>(-17 for losing)