|join|Arcanine is Regal
|join|yuna28
|player|p1|Arcanine is Regal|126
|player|p2|yuna28|192
|gametype|singles
|gen|6
|tier|OU
|rated
|clearpoke
|poke|p1|Bisharp, M, shiny
|poke|p1|Gengar, M, shiny
|poke|p1|Altaria, F, shiny
|poke|p1|Heatran, M
|poke|p1|Chesnaught, M, shiny
|poke|p1|Alomomola, F
|poke|p2|Charizard, F
|poke|p2|Weavile, F, shiny
|poke|p2|Reuniclus, F
|poke|p2|Sylveon, M
|poke|p2|Gyarados, M, shiny
|poke|p2|Mew
|rule|Swagger Clause: Swagger is banned
|rule|Baton Pass Clause: Limit one PokÃ©mon knowing Baton Pass
|rule|Sleep Clause Mod: Limit one foe put to sleep
|rule|Species Clause: Limit one of each PokÃ©mon
|rule|OHKO Clause: OHKO moves are banned
|rule|Moody Clause: Moody is banned
|rule|Evasion Moves Clause: Evasion moves are banned
|rule|Endless Battle Clause: Forcing endless battles is banned
|rule|HP Percentage Mod: HP is shown in percentages
|teampreview
|
|start
|switch|p1a: Heatran|Heatran, M|336\/336
|switch|p2a: Mew|Mew|404\/404
|-item|p1a: Heatran|Air Balloon
|turn|1
|
|move|p1a: Heatran|Fire Blast|p2a: Mew|[miss]
|-miss|p1a: Heatran|p2a: Mew
|move|p2a: Mew|Thunder Wave|p1a: Heatran
|-status|p1a: Heatran|par
|
|turn|2
|
|move|p2a: Mew|Drain Punch|p1a: Heatran
|-supereffective|p1a: Heatran
|-damage|p1a: Heatran|230\/336 par
|-enditem|p1a: Heatran|Air Balloon
|move|p1a: Heatran|Stealth Rock|p2a: Mew
|-sidestart|p2: yuna28|move: Stealth Rock
|
|turn|3
|
|switch|p1a: Altaria|Altaria, F, shiny|353\/353
|move|p2a: Mew|Drain Punch|p1a: Altaria
|-resisted|p1a: Altaria
|-damage|p1a: Altaria|326\/353
|
|turn|4
|
|detailschange|p1a: Altaria|Altaria-Mega, F, shiny
|message|Altaria has Mega Evolved into Mega Altaria!
|move|p1a: Altaria|Heal Bell|p1a: Altaria
|-cureteam|p1a: Altaria|[from] move: HealBell
|move|p2a: Mew|Thunder Wave|p1a: Altaria
|-status|p1a: Altaria|par
|
|turn|5
|
|move|p2a: Mew|Defog|p1a: Altaria
|-unboost|p1a: Altaria|evasion|1
|-sideend|p2: yuna28|Stealth Rock|[from] move: Defog|[of] p2a: Mew
|move|p1a: Altaria|Heal Bell|p1a: Altaria
|-cureteam|p1a: Altaria|[from] move: HealBell
|
|turn|6
|
|move|p1a: Altaria|Frustration|p2a: Mew
|-damage|p2a: Mew|283\/404
|move|p2a: Mew|Stealth Rock|p1a: Altaria
|-sidestart|p1: Arcanine is Regal|move: Stealth Rock
|
|-heal|p2a: Mew|308\/404|[from] item: Leftovers
|turn|7
|
|move|p1a: Altaria|Frustration|p2a: Mew
|-damage|p2a: Mew|193\/404
|move|p2a: Mew|Thunder Wave|p1a: Altaria
|-status|p1a: Altaria|par
|
|-heal|p2a: Mew|218\/404|[from] item: Leftovers
|turn|8
|
|switch|p1a: Heatran|Heatran, M|230\/336
|-damage|p1a: Heatran|188\/336|[from] Stealth Rock
|move|p2a: Mew|Thunder Wave|p1a: Heatran
|-status|p1a: Heatran|par
|
|-heal|p2a: Mew|243\/404|[from] item: Leftovers
|turn|9
|
|move|p2a: Mew|Drain Punch|p1a: Heatran
|-crit|p1a: Heatran
|-supereffective|p1a: Heatran
|-damage|p1a: Heatran|30\/336 par
|-heal|p2a: Mew|322\/404|[from] drain|[of] p1a: Heatran
|move|p1a: Heatran|Taunt|p2a: Mew
|-start|p2a: Mew|move: Taunt
|
|-heal|p2a: Mew|347\/404|[from] item: Leftovers
|turn|10
|
|move|p2a: Mew|Drain Punch|p1a: Heatran
|-supereffective|p1a: Heatran
|-damage|p1a: Heatran|0 fnt
|-heal|p2a: Mew|362\/404|[from] drain|[of] p1a: Heatran
|faint|p1a: Heatran
|
|-heal|p2a: Mew|387\/404|[from] item: Leftovers
|
|switch|p1a: Bisharp|Bisharp, M, shiny|272\/272
|-damage|p1a: Bisharp|255\/272|[from] Stealth Rock
|turn|11
|
|switch|p2a: Gyarados|Gyarados, M, shiny|332\/332
|move|p1a: Bisharp|Knock Off|p2a: Gyarados
|-damage|p2a: Gyarados|89\/332
|-enditem|p2a: Gyarados|Leftovers|[from] move: Knock Off|[of] p1a: Bisharp
|
|turn|12
|
|move|p2a: Gyarados|Earthquake|p1a: Bisharp
|-supereffective|p1a: Bisharp
|-damage|p1a: Bisharp|11\/272
|move|p1a: Bisharp|Swords Dance|p1a: Bisharp
|-boost|p1a: Bisharp|atk|2
|
|turn|13
|
|move|p1a: Bisharp|Sucker Punch|p2a: Gyarados
|-damage|p2a: Gyarados|0 fnt
|faint|p2a: Gyarados
|
|
|switch|p2a: Weavile|Weavile, F, shiny|282\/282
|-ability|p2a: Weavile|Pressure
|turn|14
|
|move|p2a: Weavile|Ice Shard|p1a: Bisharp
|-resisted|p1a: Bisharp
|-damage|p1a: Bisharp|0 fnt
|-damage|p2a: Weavile|254\/282|[from] item: Life Orb
|faint|p1a: Bisharp
|
|
|switch|p1a: Alomomola|Alomomola, F|501\/501
|-damage|p1a: Alomomola|439\/501|[from] Stealth Rock
|turn|15
|
|switch|p2a: Reuniclus|Reuniclus, F|424\/424
|move|p1a: Alomomola|Toxic|p2a: Reuniclus
|-status|p2a: Reuniclus|tox
|
|-heal|p1a: Alomomola|470\/501|[from] item: Leftovers
|turn|16
|
|switch|p1a: Gengar|Gengar, M, shiny|259\/259
|-damage|p1a: Gengar|227\/259|[from] Stealth Rock
|move|p2a: Reuniclus|Calm Mind|p2a: Reuniclus
|-boost|p2a: Reuniclus|spa|1
|-boost|p2a: Reuniclus|spd|1
|
|turn|17
|
|move|p1a: Gengar|Shadow Ball|p2a: Reuniclus
|-crit|p2a: Reuniclus
|-supereffective|p2a: Reuniclus
|-damage|p2a: Reuniclus|0 fnt
|-damage|p1a: Gengar|202\/259|[from] item: Life Orb
|faint|p2a: Reuniclus
|
|
|switch|p2a: Weavile|Weavile, F, shiny|254\/282
|-ability|p2a: Weavile|Pressure
|turn|18
|
|switch|p1a: Chesnaught|Chesnaught, M, shiny|380\/380
|-damage|p1a: Chesnaught|357\/380|[from] Stealth Rock
|move|p2a: Weavile|Swords Dance|p2a: Weavile
|-boost|p2a: Weavile|atk|2
|
|-heal|p1a: Chesnaught|380\/380|[from] item: Leftovers
|turn|19
|
|switch|p2a: Brett|Charizard, F|297\/297
|move|p1a: Chesnaught|Drain Punch|p2a: Brett
|-resisted|p2a: Brett
|-damage|p2a: Brett|237\/297
|
|turn|20
|
|detailschange|p2a: Brett|Charizard-Mega-Y, F
|message|Charizard has Mega Evolved into Mega Charizard!
|-weather|SunnyDay
|move|p2a: Brett|Fire Blast|p1a: Chesnaught
|-supereffective|p1a: Chesnaught
|-damage|p1a: Chesnaught|0 fnt
|faint|p1a: Chesnaught
|
|-weather|SunnyDay|[upkeep]
|
|switch|p1a: Altaria|Altaria-Mega, F, shiny|326\/353 par
|-damage|p1a: Altaria|282\/353 par|[from] Stealth Rock
|turn|21
|
|move|p2a: Brett|Fire Blast|p1a: Altaria
|-crit|p1a: Altaria
|-resisted|p1a: Altaria
|-damage|p1a: Altaria|36\/353 par
|cant|p1a: Altaria|par
|
|-weather|SunnyDay|[upkeep]
|turn|22
|c|âArcanine is Regal|yeah thats about right
|
|move|p2a: Brett|Flamethrower|p1a: Altaria
|-resisted|p1a: Altaria
|-damage|p1a: Altaria|0 fnt
|faint|p1a: Altaria
|
|-weather|SunnyDay|[upkeep]
|c|âyuna28|yah
|
|switch|p1a: Gengar|Gengar, M, shiny|202\/259
|-damage|p1a: Gengar|170\/259|[from] Stealth Rock
|turn|23
|c|âyuna28|u landed a lucky crit on reuniclus
|c|âyuna28|and have the nerve to bitch about a parahax
|
|move|p1a: Gengar|Shadow Ball|p2a: Brett
|-damage|p2a: Brett|64\/297
|-damage|p1a: Gengar|145\/259|[from] item: Life Orb
|move|p2a: Brett|Flamethrower|p1a: Gengar
|-damage|p1a: Gengar|0 fnt
|faint|p1a: Gengar
|
|-weather|SunnyDay|[upkeep]
|c|âArcanine is Regal|you have a twave mew....you literally rely on parahax to win lol
|c|âArcanine is Regal|I dont mind cuz ill win 75% of the time
|-message|Arcanine is Regal forfeited.
|
|win|yuna28
|raw|Ladder updating...
|leave|Arcanine is Regal
|player|p1
|raw|Arcanine is Regal's rating: 1626 &rarr; <strong>1606<\/strong><br \/>(-20 for losing)
|raw|yuna28's rating: 1631 &rarr; <strong>1651<\/strong><br \/>(+20 for winning)