|join|Ban BP Real Quick
|join|yuna28
|player|p1|Ban BP Real Quick|20
|player|p2|yuna28|192
|gametype|singles
|gen|6
|tier|OU
|rated
|clearpoke
|poke|p1|Aerodactyl, M
|poke|p1|Azelf
|poke|p1|Whimsicott, F, shiny
|poke|p1|Smeargle, M
|poke|p1|Espeon, F
|poke|p1|Gothitelle, M
|poke|p2|Charizard, F
|poke|p2|Weavile, F, shiny
|poke|p2|Reuniclus, M
|poke|p2|Sylveon, M
|poke|p2|Gyarados, M, shiny
|poke|p2|Mew
|rule|Swagger Clause: Swagger is banned
|rule|Baton Pass Clause: Limit one PokÃ©mon knowing Baton Pass
|rule|Sleep Clause Mod: Limit one foe put to sleep
|rule|Species Clause: Limit one of each PokÃ©mon
|rule|OHKO Clause: OHKO moves are banned
|rule|Moody Clause: Moody is banned
|rule|Evasion Moves Clause: Evasion moves are banned
|rule|Endless Battle Clause: Forcing endless battles is banned
|rule|HP Percentage Mod: HP is shown in percentages
|teampreview
|
|start
|switch|p1a: Aerodactyl|Aerodactyl, M|302\/302
|switch|p2a: Mew|Mew|404\/404
|-ability|p1a: Aerodactyl|Pressure
|turn|1
|
|move|p1a: Aerodactyl|Taunt|p2a: Mew
|-start|p2a: Mew|move: Taunt
|cant|p2a: Mew|move: Taunt|Thunder Wave
|
|turn|2
|
|switch|p2a: Weavile|Weavile, F, shiny|282\/282
|-ability|p2a: Weavile|Pressure
|move|p1a: Aerodactyl|Stealth Rock|p2a: Weavile
|-sidestart|p2: yuna28|move: Stealth Rock
|
|turn|3
|
|move|p2a: Weavile|Ice Shard|p1a: Aerodactyl
|-supereffective|p1a: Aerodactyl
|-damage|p1a: Aerodactyl|73\/302
|-damage|p2a: Weavile|254\/282|[from] item: Life Orb
|move|p1a: Aerodactyl|Stone Edge|p2a: Weavile
|-supereffective|p2a: Weavile
|-damage|p2a: Weavile|0 fnt
|faint|p2a: Weavile
|
|
|switch|p2a: Reuniclus|Reuniclus, M|424\/424
|turn|4
|
|move|p1a: Aerodactyl|Taunt|p2a: Reuniclus
|-start|p2a: Reuniclus|move: Taunt
|move|p2a: Reuniclus|Psyshock|p1a: Aerodactyl
|-damage|p1a: Aerodactyl|0 fnt
|faint|p1a: Aerodactyl
|
|
|switch|p1a: Azelf|Azelf|353\/353
|turn|5
|
|switch|p2a: Sylveon|Sylveon, M|391\/391
|-damage|p2a: Sylveon|343\/391|[from] Stealth Rock
|move|p1a: Azelf|Light Screen|p1a: Azelf
|-sidestart|p1: Ban BP Real Quick|move: Light Screen
|
|-heal|p2a: Sylveon|367\/391|[from] item: Leftovers
|turn|6
|
|move|p1a: Azelf|Reflect|p1a: Azelf
|-sidestart|p1: Ban BP Real Quick|Reflect
|move|p2a: Sylveon|Calm Mind|p2a: Sylveon
|-boost|p2a: Sylveon|spa|1
|-boost|p2a: Sylveon|spd|1
|
|-heal|p2a: Sylveon|391\/391|[from] item: Leftovers
|turn|7
|
|move|p1a: Azelf|Taunt|p2a: Sylveon
|-start|p2a: Sylveon|move: Taunt
|cant|p2a: Sylveon|move: Taunt|Calm Mind
|
|turn|8
|
|move|p1a: Azelf|Explosion|p2a: Sylveon
|-damage|p2a: Sylveon|124\/391
|faint|p1a: Azelf
|move|p2a: Sylveon|Hyper Voice|p1: Azelf|[notarget]
|-notarget
|
|-heal|p2a: Sylveon|148\/391|[from] item: Leftovers
|
|switch|p1a: Whimsicott|Whimsicott, F, shiny|323\/323
|turn|9
|
|move|p1a: Whimsicott|Tailwind|p1a: Whimsicott
|-sidestart|p1: Ban BP Real Quick|move: Tailwind
|move|p2a: Sylveon|Hyper Voice|p1a: Whimsicott
|-damage|p1a: Whimsicott|169\/323
|
|-heal|p2a: Sylveon|172\/391|[from] item: Leftovers
|-end|p2a: Sylveon|move: Taunt
|turn|10
|
|switch|p2a: Mew|Mew|404\/404
|-damage|p2a: Mew|354\/404|[from] Stealth Rock
|move|p1a: Whimsicott|Taunt|p2a: Mew
|-start|p2a: Mew|move: Taunt
|
|-heal|p2a: Mew|379\/404|[from] item: Leftovers
|turn|11
|
|switch|p2a: Sylveon|Sylveon, M|172\/391
|-damage|p2a: Sylveon|124\/391|[from] Stealth Rock
|move|p1a: Whimsicott|Memento|p2a: Sylveon
|-unboost|p2a: Sylveon|atk|2
|-unboost|p2a: Sylveon|spa|2
|faint|p1a: Whimsicott
|
|-heal|p2a: Sylveon|148\/391|[from] item: Leftovers
|
|switch|p1a: Smeargle|Smeargle, M|251\/251
|turn|12
|
|switch|p2a: Mew|Mew|379\/404
|-damage|p2a: Mew|329\/404|[from] Stealth Rock
|move|p1a: Smeargle|Geomancy|p1a: Smeargle|[still]
|-prepare|p1a: Smeargle|Geomancy|p1a: Smeargle
|-enditem|p1a: Smeargle|Power Herb
|-anim|p1a: Smeargle|Geomancy|p1a: Smeargle
|-boost|p1a: Smeargle|spa|2
|-boost|p1a: Smeargle|spd|2
|-boost|p1a: Smeargle|spe|2
|
|-heal|p2a: Mew|354\/404|[from] item: Leftovers
|-sideend|p1: Ban BP Real Quick|move: Light Screen
|-sideend|p1: Ban BP Real Quick|move: Tailwind
|turn|13
|
|move|p1a: Smeargle|Spore|p2a: Mew
|-status|p2a: Mew|slp
|cant|p2a: Mew|slp
|
|-heal|p2a: Mew|379\/404 slp|[from] item: Leftovers
|-sideend|p1: Ban BP Real Quick|Reflect
|turn|14
|
|move|p1a: Smeargle|Cotton Guard|p1a: Smeargle
|-boost|p1a: Smeargle|def|3
|-curestatus|p2a: Mew|slp
|move|p2a: Mew|Thunder Wave|p1a: Smeargle
|-status|p1a: Smeargle|par
|
|-heal|p2a: Mew|404\/404|[from] item: Leftovers
|turn|15
|
|move|p2a: Mew|Thunder Wave|p1a: Smeargle
|-fail|p1a: Smeargle|par
|move|p1a: Smeargle|Baton Pass|p1a: Smeargle
|
|switch|p1a: Espeon|Espeon, F|321\/321
|
|turn|16
|
|move|p1a: Espeon|Substitute|p1a: Espeon
|-start|p1a: Espeon|Substitute
|-damage|p1a: Espeon|241\/321
|move|p2a: Mew|Thunder Wave|p1a: Espeon
|move|p1a: Espeon|Thunder Wave|p2a: Mew|[from]Magic Bounce
|-status|p2a: Mew|par
|-status|p1a: Espeon|par
|
|-heal|p1a: Espeon|261\/321 par|[from] item: Leftovers
|turn|17
|
|move|p1a: Espeon|Stored Power|p2a: Mew
|-resisted|p2a: Mew
|-damage|p2a: Mew|116\/404 par
|move|p2a: Mew|Defog|p1a: Espeon
|move|p1a: Espeon|Defog|p2a: Mew|[from]Magic Bounce
|-unboost|p2a: Mew|evasion|1
|-sideend|p2: yuna28|Stealth Rock|[from] move: Defog|[of] p2a: Mew
|
|-heal|p1a: Espeon|281\/321 par|[from] item: Leftovers
|-heal|p2a: Mew|141\/404 par|[from] item: Leftovers
|turn|18
|
|move|p1a: Espeon|Stored Power|p2a: Mew
|-resisted|p2a: Mew
|-damage|p2a: Mew|0 fnt
|faint|p2a: Mew
|
|-heal|p1a: Espeon|301\/321 par|[from] item: Leftovers
|
|switch|p2a: Reuniclus|Reuniclus, M|424\/424
|turn|19
|
|cant|p1a: Espeon|par
|move|p2a: Reuniclus|Calm Mind|p2a: Reuniclus
|-boost|p2a: Reuniclus|spa|1
|-boost|p2a: Reuniclus|spd|1
|
|-heal|p1a: Espeon|321\/321 par|[from] item: Leftovers
|turn|20
|
|move|p1a: Espeon|Stored Power|p2a: Reuniclus
|-resisted|p2a: Reuniclus
|-damage|p2a: Reuniclus|208\/424
|move|p2a: Reuniclus|Calm Mind|p2a: Reuniclus
|-boost|p2a: Reuniclus|spa|1
|-boost|p2a: Reuniclus|spd|1
|
|-heal|p2a: Reuniclus|234\/424|[from] item: Leftovers
|turn|21
|-message|Ban BP Real Quick forfeited.
|
|win|yuna28
|raw|Ladder updating...
|leave|Ban BP Real Quick
|player|p1
|raw|Ban BP Real Quick's rating: 1415 &rarr; <strong>1392<\/strong><br \/>(-23 for losing)
|raw|yuna28's rating: 1359 &rarr; <strong>1382<\/strong><br \/>(+23 for winning)