|join|yuna28
|join|chinj12
|player|p1|yuna28|192
|player|p2|chinj12|290
|gametype|singles
|gen|6
|tier|OU
|rated
|clearpoke
|poke|p1|Charizard, F
|poke|p1|Weavile, M, shiny
|poke|p1|Victini
|poke|p1|Sylveon, M
|poke|p1|Rotom-Wash
|poke|p1|Mew
|poke|p2|Diancie
|poke|p2|Latios, M
|poke|p2|Keldeo-Resolute
|poke|p2|Landorus-Therian, M
|poke|p2|Sylveon, M
|poke|p2|Garchomp, F
|rule|Swagger Clause: Swagger is banned
|rule|Baton Pass Clause: Limit one PokÃ©mon knowing Baton Pass
|rule|Sleep Clause Mod: Limit one foe put to sleep
|rule|Species Clause: Limit one of each PokÃ©mon
|rule|OHKO Clause: OHKO moves are banned
|rule|Moody Clause: Moody is banned
|rule|Evasion Moves Clause: Evasion moves are banned
|rule|Endless Battle Clause: Forcing endless battles is banned
|rule|HP Percentage Mod: HP is shown in percentages
|teampreview
|
|start
|switch|p1a: Rotom-Wash|Rotom-Wash|241\/241
|switch|p2a: Landorus-Therian|Landorus-Therian, M|319\/319
|-ability|p2a: Landorus-Therian|Intimidate|[of] p1a: Rotom-Wash
|-unboost|p1a: Rotom-Wash|atk|1
|turn|1
|
|move|p2a: Landorus-Therian|U-turn|p1a: Rotom-Wash
|-damage|p1a: Rotom-Wash|166\/241
|
|switch|p2a: Sylveon|Sylveon, M|394\/394
|move|p1a: Rotom-Wash|Hydro Pump|p2a: Sylveon
|-damage|p2a: Sylveon|265\/394
|
|-heal|p2a: Sylveon|289\/394|[from] item: Leftovers
|turn|2
|
|switch|p1a: Mew|Mew|404\/404
|move|p2a: Sylveon|Wish|p2a: Sylveon
|
|-heal|p2a: Sylveon|313\/394|[from] item: Leftovers
|turn|3
|
|move|p1a: Mew|Stealth Rock|p2a: Sylveon
|-sidestart|p2: chinj12|move: Stealth Rock
|move|p2a: Sylveon|Hyper Voice|p1a: Mew
|-damage|p1a: Mew|257\/404
|
|-heal|p2a: Sylveon|394\/394|[from] move: Wish|[wisher] Sylveon
|-heal|p1a: Mew|282\/404|[from] item: Leftovers
|turn|4
|
|switch|p1a: Rotom-Wash|Rotom-Wash|166\/241
|move|p2a: Sylveon|Hyper Voice|p1a: Rotom-Wash
|-damage|p1a: Rotom-Wash|30\/241
|
|turn|5
|
|move|p1a: Rotom-Wash|Trick|p2a: Sylveon
|-activate|p1a: Rotom-Wash|move: Trick|[of] p2a: Sylveon
|-item|p2a: Sylveon|Choice Scarf|[from] move: Trick
|-item|p1a: Rotom-Wash|Leftovers|[from] move: Trick
|move|p2a: Sylveon|Hyper Voice|p1a: Rotom-Wash
|-damage|p1a: Rotom-Wash|0 fnt
|faint|p1a: Rotom-Wash
|
|
|switch|p1a: Sylveon|Sylveon, M|391\/391
|turn|6
|
|move|p2a: Sylveon|Hyper Voice|p1a: Sylveon
|-damage|p1a: Sylveon|262\/391
|move|p1a: Sylveon|Calm Mind|p1a: Sylveon
|-boost|p1a: Sylveon|spa|1
|-boost|p1a: Sylveon|spd|1
|
|-heal|p1a: Sylveon|286\/391|[from] item: Leftovers
|turn|7
|
|move|p2a: Sylveon|Hyper Voice|p1a: Sylveon
|-damage|p1a: Sylveon|202\/391
|move|p1a: Sylveon|Wish|p1a: Sylveon
|
|-heal|p1a: Sylveon|226\/391|[from] item: Leftovers
|turn|8
|
|move|p2a: Sylveon|Hyper Voice|p1a: Sylveon
|-damage|p1a: Sylveon|139\/391
|move|p1a: Sylveon|Calm Mind|p1a: Sylveon
|-boost|p1a: Sylveon|spa|1
|-boost|p1a: Sylveon|spd|1
|
|-heal|p1a: Sylveon|334\/391|[from] move: Wish|[wisher] Sylveon
|-heal|p1a: Sylveon|358\/391|[from] item: Leftovers
|turn|9
|
|switch|p2a: Latios|Latios, M|301\/301
|-damage|p2a: Latios|264\/301|[from] Stealth Rock
|move|p1a: Sylveon|Calm Mind|p1a: Sylveon
|-boost|p1a: Sylveon|spa|1
|-boost|p1a: Sylveon|spd|1
|
|-heal|p1a: Sylveon|382\/391|[from] item: Leftovers
|turn|10
|
|move|p2a: Latios|Psyshock|p1a: Sylveon
|-damage|p1a: Sylveon|183\/391
|-damage|p2a: Latios|234\/301|[from] item: Life Orb
|move|p1a: Sylveon|Hyper Voice|p2a: Latios
|-supereffective|p2a: Latios
|-damage|p2a: Latios|0 fnt
|faint|p2a: Latios
|
|-heal|p1a: Sylveon|207\/391|[from] item: Leftovers
|
|switch|p2a: Landorus-Therian|Landorus-Therian, M|319\/319
|-damage|p2a: Landorus-Therian|280\/319|[from] Stealth Rock
|-ability|p2a: Landorus-Therian|Intimidate|[of] p1a: Sylveon
|-unboost|p1a: Sylveon|atk|1
|turn|11
|
|move|p2a: Landorus-Therian|Earthquake|p1a: Sylveon
|-damage|p1a: Sylveon|0 fnt
|faint|p1a: Sylveon
|
|
|switch|p1a: Charizard|Charizard, F|297\/297
|turn|12
|
|switch|p2a: Garchomp|Garchomp, F|357\/357
|-damage|p2a: Garchomp|335\/357|[from] Stealth Rock
|detailschange|p1a: Charizard|Charizard-Mega-Y, F
|-mega|p1a: Charizard|Charizard|Charizardite Y
|-weather|SunnyDay
|move|p1a: Charizard|Fire Blast|p2a: Garchomp
|-resisted|p2a: Garchomp
|-damage|p2a: Garchomp|136\/357
|
|-weather|SunnyDay|[upkeep]
|turn|13
|
|switch|p1a: Mew|Mew|282\/404
|move|p2a: Garchomp|Stealth Rock|p1a: Mew
|-sidestart|p1: yuna28|move: Stealth Rock
|
|-weather|SunnyDay|[upkeep]
|-heal|p1a: Mew|307\/404|[from] item: Leftovers
|turn|14
|
|move|p2a: Garchomp|Earthquake|p1a: Mew
|-damage|p1a: Mew|181\/404
|move|p1a: Mew|Defog|p2a: Garchomp
|-unboost|p2a: Garchomp|evasion|1
|-sideend|p2: chinj12|Stealth Rock|[from] move: Defog|[of] p2a: Garchomp
|-sideend|p1: yuna28|Stealth Rock|[from] move: Defog|[of] p1a: Mew
|
|-weather|SunnyDay|[upkeep]
|-heal|p1a: Mew|206\/404|[from] item: Leftovers
|turn|15
|
|switch|p1a: Weavile|Weavile, M, shiny|282\/282
|-ability|p1a: Weavile|Pressure
|move|p2a: Garchomp|Earthquake|p1a: Weavile
|-damage|p1a: Weavile|59\/282
|
|-weather|SunnyDay|[upkeep]
|turn|16
|
|move|p1a: Weavile|Knock Off|p2a: Garchomp
|-damage|p2a: Garchomp|0 fnt
|-damage|p1a: Weavile|24\/282|[from] ability: Rough Skin|[of] p2a: Garchomp
|-damage|p1a: Weavile|0 fnt|[from] item: Rocky Helmet|[of] p2a: Garchomp
|faint|p1a: Weavile
|faint|p2a: Garchomp
|
|-weather|none
|
|switch|p2a: Landorus-Therian|Landorus-Therian, M|280\/319
|switch|p1a: Charizard|Charizard-Mega-Y, F|297\/297
|-ability|p2a: Landorus-Therian|Intimidate|[of] p1a: Charizard
|-unboost|p1a: Charizard|atk|1
|-weather|SunnyDay
|turn|17
|
|switch|p1a: Mew|Mew|206\/404
|move|p2a: Landorus-Therian|Stone Edge|p1a: Mew
|-damage|p1a: Mew|111\/404
|
|-weather|SunnyDay|[upkeep]
|-heal|p1a: Mew|136\/404|[from] item: Leftovers
|turn|18
|
|switch|p2a: Keldeo-Resolute|Keldeo-Resolute|323\/323
|move|p1a: Mew|Stealth Rock|p2a: Keldeo-Resolute
|-sidestart|p2: chinj12|move: Stealth Rock
|
|-weather|SunnyDay|[upkeep]
|-heal|p1a: Mew|161\/404|[from] item: Leftovers
|turn|19
|
|move|p2a: Keldeo-Resolute|Hydro Pump|p1a: Mew
|-damage|p1a: Mew|26\/404
|move|p1a: Mew|Thunder Wave|p2a: Keldeo-Resolute
|-status|p2a: Keldeo-Resolute|par
|
|-weather|SunnyDay|[upkeep]
|-heal|p1a: Mew|51\/404|[from] item: Leftovers
|turn|20
|
|move|p1a: Mew|Drain Punch|p2a: Keldeo-Resolute
|-damage|p2a: Keldeo-Resolute|257\/323 par
|-heal|p1a: Mew|84\/404|[from] drain|[of] p2a: Keldeo-Resolute
|move|p2a: Keldeo-Resolute|Hydro Pump|p1a: Mew
|-damage|p1a: Mew|0 fnt
|faint|p1a: Mew
|
|-weather|SunnyDay|[upkeep]
|
|switch|p1a: Charizard|Charizard-Mega-Y, F|297\/297
|turn|21
|c|âchinj12|now I just have to hit stone edge lmao
|
|move|p1a: Charizard|Solar Beam|p2a: Keldeo-Resolute|[still]
|-prepare|p1a: Charizard|Solar Beam|p2a: Keldeo-Resolute
|-anim|p1a: Charizard|Solar Beam|p2a: Keldeo-Resolute
|-crit|p2a: Keldeo-Resolute
|-supereffective|p2a: Keldeo-Resolute
|-damage|p2a: Keldeo-Resolute|0 fnt
|faint|p2a: Keldeo-Resolute
|
|-weather|none
|c|âyuna28|lol
|
|switch|p2a: Landorus-Therian|Landorus-Therian, M|280\/319
|-damage|p2a: Landorus-Therian|241\/319|[from] Stealth Rock
|-ability|p2a: Landorus-Therian|Intimidate|[of] p1a: Charizard
|-unboost|p1a: Charizard|atk|1
|turn|22
|
|switch|p1a: Victini|Victini|341\/341
|move|p2a: Landorus-Therian|Stone Edge|p1a: Victini
|-supereffective|p1a: Victini
|-damage|p1a: Victini|99\/341
|
|turn|23
|
|move|p1a: Victini|V-create|p2a: Landorus-Therian
|-damage|p2a: Landorus-Therian|0 fnt
|-unboost|p1a: Victini|def|1
|-unboost|p1a: Victini|spd|1
|-unboost|p1a: Victini|spe|1
|faint|p2a: Landorus-Therian
|
|
|switch|p2a: Sylveon|Sylveon, M|394\/394
|-damage|p2a: Sylveon|345\/394|[from] Stealth Rock
|turn|24
|c|âchinj12|gg
|c|âyuna28|gg
|
|switch|p1a: Charizard|Charizard-Mega-Y, F|297\/297
|-weather|SunnyDay
|move|p2a: Sylveon|Hyper Voice|p1a: Charizard
|-resisted|p1a: Charizard
|-damage|p1a: Charizard|228\/297
|
|-weather|SunnyDay|[upkeep]
|turn|25
|
|move|p1a: Charizard|Fire Blast|p2a: Sylveon
|-damage|p2a: Sylveon|84\/394
|move|p2a: Sylveon|Hyper Voice|p1a: Charizard
|-resisted|p1a: Charizard
|-damage|p1a: Charizard|167\/297
|
|-weather|SunnyDay|[upkeep]
|turn|26
|
|move|p1a: Charizard|Flamethrower|p2a: Sylveon
|-damage|p2a: Sylveon|0 fnt
|faint|p2a: Sylveon
|
|-weather|SunnyDay|[upkeep]
|
|switch|p2a: Diancie|Diancie|241\/241
|-damage|p2a: Diancie|211\/241|[from] Stealth Rock
|turn|27
|
|move|p1a: Charizard|Solar Beam|p2a: Diancie|[still]
|-prepare|p1a: Charizard|Solar Beam|p2a: Diancie
|-anim|p1a: Charizard|Solar Beam|p2a: Diancie
|-crit|p2a: Diancie
|-supereffective|p2a: Diancie
|-damage|p2a: Diancie|0 fnt
|faint|p2a: Diancie
|
|win|yuna28
|raw|Ladder updating...
|raw|yuna28's rating: 1487 &rarr; <strong>1504<\/strong><br \/>(+17 for winning)
|raw|chinj12's rating: 1437 &rarr; <strong>1419<\/strong><br \/>(-18 for losing)
|leave|chinj12
|player|p2