|join|MemedYourMom
|join|yuna28
|player|p1|MemedYourMom|209
|player|p2|yuna28|192
|gametype|singles
|gen|6
|tier|OU (suspect test)
|rated
|clearpoke
|poke|p1|Sceptile, F
|poke|p1|Heatran, F
|poke|p1|Azumarill, M
|poke|p1|Zapdos
|poke|p1|Conkeldurr, F
|poke|p1|Landorus-Therian, M
|poke|p2|Charizard, M
|poke|p2|Weavile, F, shiny
|poke|p2|Reuniclus, F
|poke|p2|Sylveon, F
|poke|p2|Gyarados, M, shiny
|poke|p2|Mew
|rule|Swagger Clause: Swagger is banned
|rule|Baton Pass Clause: Limit one PokÃ©mon knowing Baton Pass
|rule|Sleep Clause Mod: Limit one foe put to sleep
|rule|Species Clause: Limit one of each PokÃ©mon
|rule|OHKO Clause: OHKO moves are banned
|rule|Moody Clause: Moody is banned
|rule|Evasion Moves Clause: Evasion moves are banned
|rule|Endless Battle Clause: Forcing endless battles is banned
|rule|HP Percentage Mod: HP is shown in percentages
|teampreview
|
|start
|switch|p1a: Landorus-Therian|Landorus-Therian, M|325\/325
|switch|p2a: Mew|Mew|404\/404
|-ability|p1a: Landorus-Therian|Intimidate|[of] p2a: Mew
|-unboost|p2a: Mew|atk|1
|turn|1
|
|move|p1a: Landorus-Therian|U-turn|p2a: Mew
|-supereffective|p2a: Mew
|-damage|p2a: Mew|282\/404
|
|switch|p1a: Conkeldurr|Conkeldurr, F|351\/351
|move|p2a: Mew|Stealth Rock|p1a: Conkeldurr
|-sidestart|p1: MemedYourMom|move: Stealth Rock
|
|-heal|p2a: Mew|307\/404|[from] item: Leftovers
|turn|2
|
|switch|p2a: Sylveon|Sylveon, F|391\/391
|move|p1a: Conkeldurr|Knock Off|p2a: Sylveon
|-resisted|p2a: Sylveon
|-damage|p2a: Sylveon|316\/391
|-enditem|p2a: Sylveon|Leftovers|[from] move: Knock Off|[of] p1a: Conkeldurr
|
|turn|3
|
|switch|p1a: Heatran|Heatran, F|385\/385
|-damage|p1a: Heatran|337\/385|[from] Stealth Rock
|move|p2a: Sylveon|Wish|p2a: Sylveon
|
|-heal|p1a: Heatran|361\/385|[from] item: Leftovers
|turn|4
|
|switch|p2a: Mew|Mew|307\/404
|move|p1a: Heatran|Stealth Rock|p2a: Mew
|-sidestart|p2: yuna28|move: Stealth Rock
|
|-heal|p2a: Mew|404\/404|[from] move: Wish|[wisher] Sylveon
|-heal|p1a: Heatran|385\/385|[from] item: Leftovers
|turn|5
|join|xVFRoSTeDVx
|
|move|p2a: Mew|Defog|p1a: Heatran
|-unboost|p1a: Heatran|evasion|1
|-sideend|p1: MemedYourMom|Stealth Rock|[from] move: Defog|[of] p1a: Heatran
|-sideend|p2: yuna28|Stealth Rock|[from] move: Defog|[of] p2a: Mew
|move|p1a: Heatran|Lava Plume|p2a: Mew
|-damage|p2a: Mew|284\/404
|-status|p2a: Mew|brn
|
|-heal|p2a: Mew|309\/404 brn|[from] item: Leftovers
|-damage|p2a: Mew|259\/404 brn|[from] brn
|turn|6
|
|move|p2a: Mew|Thunder Wave|p1a: Heatran
|-status|p1a: Heatran|par
|move|p1a: Heatran|Taunt|p2a: Mew
|-start|p2a: Mew|move: Taunt
|
|-heal|p2a: Mew|284\/404 brn|[from] item: Leftovers
|-damage|p2a: Mew|234\/404 brn|[from] brn
|turn|7
|
|switch|p2a: Gyarados|Gyarados, M, shiny|332\/332
|switch|p1a: Azumarill|Azumarill, M|381\/381
|
|turn|8
|join|AnarchyKitsune
|
|move|p2a: Gyarados|Dragon Dance|p2a: Gyarados
|-boost|p2a: Gyarados|atk|1
|-boost|p2a: Gyarados|spe|1
|move|p1a: Azumarill|Play Rough|p2a: Gyarados
|-damage|p2a: Gyarados|0 fnt
|faint|p2a: Gyarados
|
|
|switch|p2a: Charizard|Charizard, M|297\/297
|turn|9
|join|unit976
|
|switch|p1a: Heatran|Heatran, F|385\/385 par
|detailschange|p2a: Charizard|Charizard-Mega-Y, M
|-mega|p2a: Charizard|Charizard|Charizardite Y
|-weather|SunnyDay
|move|p2a: Charizard|Solar Beam|p1a: Heatran|[still]
|-prepare|p2a: Charizard|Solar Beam|p1a: Heatran
|-anim|p2a: Charizard|Solar Beam|p1a: Heatran
|-resisted|p1a: Heatran
|-damage|p1a: Heatran|356\/385 par
|
|-weather|SunnyDay|[upkeep]
|-heal|p1a: Heatran|380\/385 par|[from] item: Leftovers
|turn|10
|
|switch|p1a: Landorus-Therian|Landorus-Therian, M|325\/325
|-ability|p1a: Landorus-Therian|Intimidate|[of] p2a: Charizard
|-unboost|p2a: Charizard|atk|1
|move|p2a: Charizard|Earthquake|p1a: Landorus-Therian
|-immune|p1a: Landorus-Therian|[msg]
|
|-weather|SunnyDay|[upkeep]
|turn|11
|
|switch|p2a: Sylveon|Sylveon, F|316\/391
|move|p1a: Landorus-Therian|Stone Edge|p2a: Sylveon
|-damage|p2a: Sylveon|171\/391
|
|-weather|SunnyDay|[upkeep]
|turn|12
|
|move|p1a: Landorus-Therian|Stone Edge|p2a: Sylveon
|-damage|p2a: Sylveon|31\/391
|move|p2a: Sylveon|Wish|p2a: Sylveon
|
|-weather|SunnyDay|[upkeep]
|turn|13
|
|switch|p2a: Mew|Mew|234\/404 brn
|move|p1a: Landorus-Therian|Stone Edge|p2a: Mew
|-damage|p2a: Mew|136\/404 brn
|
|-weather|none
|-heal|p2a: Mew|331\/404 brn|[from] move: Wish|[wisher] Sylveon
|-heal|p2a: Mew|356\/404 brn|[from] item: Leftovers
|-damage|p2a: Mew|306\/404 brn|[from] brn
|turn|14
|
|switch|p1a: Azumarill|Azumarill, M|381\/381
|move|p2a: Mew|Stealth Rock|p1a: Azumarill
|-sidestart|p1: MemedYourMom|move: Stealth Rock
|
|-heal|p2a: Mew|331\/404 brn|[from] item: Leftovers
|-damage|p2a: Mew|281\/404 brn|[from] brn
|turn|15
|
|move|p2a: Mew|Thunder Wave|p1a: Azumarill
|-status|p1a: Azumarill|par
|move|p1a: Azumarill|Play Rough|p2a: Mew
|-damage|p2a: Mew|83\/404 brn
|
|-heal|p2a: Mew|108\/404 brn|[from] item: Leftovers
|-damage|p2a: Mew|58\/404 brn|[from] brn
|turn|16
|
|switch|p2a: Sylveon|Sylveon, F|31\/391
|move|p1a: Azumarill|Play Rough|p2a: Sylveon
|-damage|p2a: Sylveon|0 fnt
|faint|p2a: Sylveon
|
|
|switch|p2a: Charizard|Charizard-Mega-Y, M|297\/297
|-weather|SunnyDay
|turn|17
|
|switch|p1a: Landorus-Therian|Landorus-Therian, M|325\/325
|-damage|p1a: Landorus-Therian|285\/325|[from] Stealth Rock
|-ability|p1a: Landorus-Therian|Intimidate|[of] p2a: Charizard
|-unboost|p2a: Charizard|atk|1
|move|p2a: Charizard|Solar Beam|p1a: Landorus-Therian|[still]
|-prepare|p2a: Charizard|Solar Beam|p1a: Landorus-Therian
|-anim|p2a: Charizard|Solar Beam|p1a: Landorus-Therian
|-damage|p1a: Landorus-Therian|76\/325
|
|-weather|SunnyDay|[upkeep]
|turn|18
|
|switch|p2a: Mew|Mew|58\/404 brn
|move|p1a: Landorus-Therian|U-turn|p2a: Mew
|-supereffective|p2a: Mew
|-damage|p2a: Mew|0 fnt
|faint|p2a: Mew
|
|switch|p1a: Sceptile|Sceptile, F|281\/281
|-damage|p1a: Sceptile|246\/281|[from] Stealth Rock
|
|-weather|SunnyDay|[upkeep]
|
|switch|p2a: Weavile|Weavile, F, shiny|282\/282
|-ability|p2a: Weavile|Pressure
|turn|19
|
|switch|p1a: Conkeldurr|Conkeldurr, F|351\/351
|-damage|p1a: Conkeldurr|330\/351|[from] Stealth Rock
|move|p2a: Weavile|Knock Off|p1a: Conkeldurr
|-resisted|p1a: Conkeldurr
|-damage|p1a: Conkeldurr|217\/351
|-enditem|p1a: Conkeldurr|Assault Vest|[from] move: Knock Off|[of] p2a: Weavile
|-damage|p2a: Weavile|254\/282|[from] item: Life Orb
|
|-weather|SunnyDay|[upkeep]
|turn|20
|
|switch|p2a: Charizard|Charizard-Mega-Y, M|297\/297
|move|p1a: Conkeldurr|Knock Off|p2a: Charizard
|-damage|p2a: Charizard|169\/297
|
|-weather|SunnyDay|[upkeep]
|turn|21
|
|switch|p1a: Heatran|Heatran, F|380\/385 par
|-damage|p1a: Heatran|332\/385 par|[from] Stealth Rock
|move|p2a: Charizard|Earthquake|p1a: Heatran
|-supereffective|p1a: Heatran
|-damage|p1a: Heatran|40\/385 par
|
|-weather|none
|-heal|p1a: Heatran|64\/385 par|[from] item: Leftovers
|turn|22
|
|switch|p2a: Reuniclus|Reuniclus, F|424\/424
|move|p1a: Heatran|Lava Plume|p2a: Reuniclus
|-damage|p2a: Reuniclus|300\/424
|-status|p2a: Reuniclus|brn
|
|-heal|p2a: Reuniclus|326\/424 brn|[from] item: Leftovers
|-heal|p1a: Heatran|88\/385 par|[from] item: Leftovers
|turn|23
|
|move|p2a: Reuniclus|Calm Mind|p2a: Reuniclus
|-boost|p2a: Reuniclus|spa|1
|-boost|p2a: Reuniclus|spd|1
|move|p1a: Heatran|Stealth Rock|p2a: Reuniclus
|-sidestart|p2: yuna28|move: Stealth Rock
|
|-heal|p2a: Reuniclus|352\/424 brn|[from] item: Leftovers
|-heal|p1a: Heatran|112\/385 par|[from] item: Leftovers
|turn|24
|
|move|p2a: Reuniclus|Focus Blast|p1a: Heatran
|-supereffective|p1a: Heatran
|-damage|p1a: Heatran|0 fnt
|faint|p1a: Heatran
|
|-heal|p2a: Reuniclus|378\/424 brn|[from] item: Leftovers
|
|switch|p1a: Azumarill|Azumarill, M|381\/381 par
|-damage|p1a: Azumarill|334\/381 par|[from] Stealth Rock
|turn|25
|
|cant|p1a: Azumarill|par
|move|p2a: Reuniclus|Psyshock|p1a: Azumarill
|-damage|p1a: Azumarill|120\/381 par
|
|-heal|p2a: Reuniclus|404\/424 brn|[from] item: Leftovers
|turn|26
|
|cant|p1a: Azumarill|par
|move|p2a: Reuniclus|Calm Mind|p2a: Reuniclus
|-boost|p2a: Reuniclus|spa|1
|-boost|p2a: Reuniclus|spd|1
|
|-heal|p2a: Reuniclus|424\/424 brn|[from] item: Leftovers
|turn|27
|
|move|p1a: Azumarill|Aqua Jet|p2a: Reuniclus
|-damage|p2a: Reuniclus|315\/424 brn
|move|p2a: Reuniclus|Recover|p2a: Reuniclus
|-heal|p2a: Reuniclus|424\/424 brn
|
|turn|28
|
|move|p1a: Azumarill|Aqua Jet|p2a: Reuniclus
|-damage|p2a: Reuniclus|316\/424 brn
|move|p2a: Reuniclus|Calm Mind|p2a: Reuniclus
|-boost|p2a: Reuniclus|spa|1
|-boost|p2a: Reuniclus|spd|1
|
|-heal|p2a: Reuniclus|342\/424 brn|[from] item: Leftovers
|turn|29
|
|switch|p1a: Zapdos|Zapdos|383\/383
|-damage|p1a: Zapdos|288\/383|[from] Stealth Rock
|-ability|p1a: Zapdos|Pressure
|move|p2a: Reuniclus|Calm Mind|p2a: Reuniclus
|-boost|p2a: Reuniclus|spa|1
|-boost|p2a: Reuniclus|spd|1
|
|-heal|p1a: Zapdos|311\/383|[from] item: Leftovers
|-heal|p2a: Reuniclus|368\/424 brn|[from] item: Leftovers
|turn|30
|
|move|p1a: Zapdos|Thunderbolt|p2a: Reuniclus
|-damage|p2a: Reuniclus|311\/424 brn
|move|p2a: Reuniclus|Psyshock|p1a: Zapdos
|-damage|p1a: Zapdos|23\/383
|
|-heal|p1a: Zapdos|46\/383|[from] item: Leftovers
|-heal|p2a: Reuniclus|337\/424 brn|[from] item: Leftovers
|turn|31
|
|move|p1a: Zapdos|Thunderbolt|p2a: Reuniclus
|-damage|p2a: Reuniclus|282\/424 brn
|move|p2a: Reuniclus|Recover|p2a: Reuniclus
|-heal|p2a: Reuniclus|424\/424 brn
|
|-heal|p1a: Zapdos|69\/383|[from] item: Leftovers
|turn|32
|
|move|p1a: Zapdos|Thunderbolt|p2a: Reuniclus
|-crit|p2a: Reuniclus
|-damage|p2a: Reuniclus|184\/424 brn
|move|p2a: Reuniclus|Psyshock|p1a: Zapdos
|-damage|p1a: Zapdos|0 fnt
|faint|p1a: Zapdos
|
|-heal|p2a: Reuniclus|210\/424 brn|[from] item: Leftovers
|
|switch|p1a: Landorus-Therian|Landorus-Therian, M|76\/325
|-damage|p1a: Landorus-Therian|36\/325|[from] Stealth Rock
|-ability|p1a: Landorus-Therian|Intimidate|[of] p2a: Reuniclus
|-unboost|p2a: Reuniclus|atk|1
|turn|33
|
|move|p1a: Landorus-Therian|Knock Off|p2a: Reuniclus
|-supereffective|p2a: Reuniclus
|-damage|p2a: Reuniclus|0 fnt
|-enditem|p2a: Reuniclus|Leftovers|[from] move: Knock Off|[of] p1a: Landorus-Therian
|faint|p2a: Reuniclus
|
|
|switch|p2a: Weavile|Weavile, F, shiny|254\/282
|-damage|p2a: Weavile|184\/282|[from] Stealth Rock
|-ability|p2a: Weavile|Pressure
|turn|34
|
|move|p1a: Landorus-Therian|Knock Off|p2a: Weavile
|-resisted|p2a: Weavile
|-damage|p2a: Weavile|95\/282
|-enditem|p2a: Weavile|Life Orb|[from] move: Knock Off|[of] p1a: Landorus-Therian
|move|p2a: Weavile|Swords Dance|p2a: Weavile
|-boost|p2a: Weavile|atk|2
|
|turn|35
|
|move|p1a: Landorus-Therian|Knock Off|p2a: Weavile
|-resisted|p2a: Weavile
|-damage|p2a: Weavile|34\/282
|move|p2a: Weavile|Swords Dance|p2a: Weavile
|-boost|p2a: Weavile|atk|2
|
|turn|36
|
|move|p2a: Weavile|Ice Shard|p1a: Landorus-Therian
|-supereffective|p1a: Landorus-Therian
|-damage|p1a: Landorus-Therian|0 fnt
|faint|p1a: Landorus-Therian
|
|
|switch|p1a: Conkeldurr|Conkeldurr, F|217\/351
|-damage|p1a: Conkeldurr|196\/351|[from] Stealth Rock
|turn|37
|
|move|p2a: Weavile|Ice Shard|p1a: Conkeldurr
|-damage|p1a: Conkeldurr|0 fnt
|faint|p1a: Conkeldurr
|
|
|switch|p1a: Azumarill|Azumarill, M|120\/381 par
|-damage|p1a: Azumarill|73\/381 par|[from] Stealth Rock
|turn|38
|
|move|p2a: Weavile|Ice Shard|p1a: Azumarill
|-resisted|p1a: Azumarill
|-damage|p1a: Azumarill|0 fnt
|faint|p1a: Azumarill
|
|c|âyuna28|gg
|
|switch|p1a: Sceptile|Sceptile, F|246\/281
|-damage|p1a: Sceptile|211\/281|[from] Stealth Rock
|turn|39
|
|move|p2a: Weavile|Ice Shard|p1a: Sceptile
|-supereffective|p1a: Sceptile
|-damage|p1a: Sceptile|0 fnt
|faint|p1a: Sceptile
|
|win|yuna28
|raw|Ladder updating...
|raw|MemedYourMom's rating: 1289 &rarr; <strong>1260<\/strong><br \/>(-29 for losing)
|raw|yuna28's rating: 1242 &rarr; <strong>1270<\/strong><br \/>(+28 for winning)
|c|âMemedYourMom|gg
|leave|xVFRoSTeDVx