|join|Sem Or Chessus
|join|caterpie53817
|player|p1|Sem Or Chessus|101
|player|p2|caterpie53817|238
|gametype|singles
|gen|6
|tier|UU
|rated
|rule|Sleep Clause Mod: Limit one foe put to sleep
|rule|Species Clause: Limit one of each PokÃ©mon
|rule|OHKO Clause: OHKO moves are banned
|rule|Moody Clause: Moody is banned
|rule|Evasion Moves Clause: Evasion moves are banned
|rule|Endless Battle Clause: Forcing endless battles is banned
|rule|HP Percentage Mod: HP is shown in percentages
|clearpoke
|poke|p1|Medicham, F
|poke|p1|Azelf
|poke|p1|Donphan, F
|poke|p1|Celebi
|poke|p1|Whimsicott, M
|poke|p1|Jirachi
|poke|p2|Togetic, M
|poke|p2|Dugtrio, M
|poke|p2|Alakazam, M
|poke|p2|Blastoise, M
|poke|p2|Forretress, M
|poke|p2|Flygon, M
|rule|Swagger Clause: Swagger is banned
|rule|Baton Pass Clause: Limit one PokÃ©mon knowing Baton Pass
|teampreview
|
|start
|switch|p1a: Azelf|Azelf|291\/291
|switch|p2a: Flygon|Flygon, M|322\/322
|turn|1
|
|switch|p2a: Forretress|Forretress, M|354\/354
|move|p1a: Azelf|Dazzling Gleam|p2a: Forretress
|-resisted|p2a: Forretress
|-damage|p2a: Forretress|288\/354
|-damage|p1a: Azelf|262\/291|[from] item: Life Orb
|
|-heal|p2a: Forretress|310\/354|[from] item: Leftovers
|turn|2
|
|switch|p2a: Flygon|Flygon, M|322\/322
|move|p1a: Azelf|Flamethrower|p2a: Flygon
|-resisted|p2a: Flygon
|-damage|p2a: Flygon|252\/322
|-damage|p1a: Azelf|233\/291|[from] item: Life Orb
|
|turn|3
|
|switch|p1a: Donphan|Donphan, F|370\/370
|move|p2a: Flygon|U-turn|p1a: Donphan
|-damage|p1a: Donphan|329\/370
|
|switch|p2a: Blastoise|Blastoise, M|362\/362
|
|-heal|p1a: Donphan|352\/370|[from] item: Leftovers
|turn|4
|
|detailschange|p2a: Blastoise|Blastoise-Mega, M
|-mega|p2a: Blastoise|Blastoise|Blastoisinite
|move|p2a: Blastoise|Ice Beam|p1a: Donphan
|-supereffective|p1a: Donphan
|-damage|p1a: Donphan|0 fnt
|faint|p1a: Donphan
|
|
|switch|p1a: Medicham|Medicham, F|261\/261
|turn|5
|
|switch|p2a: Forretress|Forretress, M|310\/354
|detailschange|p1a: Medicham|Medicham-Mega, F
|-mega|p1a: Medicham|Medicham|Medichamite
|move|p1a: Medicham|High Jump Kick|p2a: Forretress
|-damage|p2a: Forretress|67\/354
|
|-heal|p2a: Forretress|89\/354|[from] item: Leftovers
|turn|6
|
|move|p1a: Medicham|Fire Punch|p2a: Forretress
|-supereffective|p2a: Forretress
|-damage|p2a: Forretress|0 fnt
|faint|p2a: Forretress
|
|
|switch|p2a: Dugtrio|Dugtrio, M|211\/211
|turn|7
|
|move|p2a: Dugtrio|Earthquake|p1a: Medicham
|-damage|p1a: Medicham|86\/261
|move|p1a: Medicham|High Jump Kick|p2a: Dugtrio
|-enditem|p2a: Dugtrio|Focus Sash
|-damage|p2a: Dugtrio|1\/211
|
|turn|8
|
|move|p2a: Dugtrio|Sucker Punch|p1a: Medicham
|-damage|p1a: Medicham|0 fnt
|faint|p1a: Medicham
|
|
|switch|p1a: Whimsicott|Whimsicott, M|323\/323
|turn|9
|
|switch|p2a: Togetic|Togetic, M|314\/314
|move|p1a: Whimsicott|Leech Seed|p2a: Togetic
|-start|p2a: Togetic|move: Leech Seed
|
|-damage|p2a: Togetic|275\/314|[from] Leech Seed|[of] p1a: Whimsicott
|turn|10
|
|switch|p2a: Flygon|Flygon, M|252\/322
|move|p1a: Whimsicott|Substitute|p1a: Whimsicott
|-start|p1a: Whimsicott|Substitute
|-damage|p1a: Whimsicott|243\/323
|
|turn|11
|
|move|p1a: Whimsicott|Toxic|p2a: Flygon
|-status|p2a: Flygon|tox
|move|p2a: Flygon|U-turn|p1a: Whimsicott
|-activate|p1a: Whimsicott|Substitute|[damage]
|
|switch|p2a: Togetic|Togetic, M|275\/314
|
|turn|12
|
|switch|p2a: Flygon|Flygon, M|252\/322 tox
|move|p1a: Whimsicott|Leech Seed|p2a: Flygon
|-start|p2a: Flygon|move: Leech Seed
|
|-damage|p2a: Flygon|212\/322 tox|[from] Leech Seed|[of] p1a: Whimsicott
|-heal|p1a: Whimsicott|283\/323|[silent]
|-damage|p2a: Flygon|192\/322 tox|[from] psn
|turn|13
|
|switch|p1a: Jirachi|Jirachi|397\/397
|move|p2a: Flygon|U-turn|p1a: Jirachi
|-damage|p1a: Jirachi|338\/397
|
|switch|p2a: Blastoise|Blastoise-Mega, M|362\/362
|
|turn|14
|
|switch|p1a: Celebi|Celebi|404\/404
|move|p2a: Blastoise|Dark Pulse|p1a: Celebi
|-supereffective|p1a: Celebi
|-damage|p1a: Celebi|168\/404
|
|-heal|p1a: Celebi|193\/404|[from] item: Leftovers
|turn|15
|
|switch|p2a: Togetic|Togetic, M|275\/314
|move|p1a: Celebi|Recover|p1a: Celebi
|-heal|p1a: Celebi|395\/404
|
|-heal|p1a: Celebi|404\/404|[from] item: Leftovers
|turn|16
|
|switch|p1a: Jirachi|Jirachi|338\/397
|move|p2a: Togetic|Nasty Plot|p2a: Togetic
|-boost|p2a: Togetic|spa|2
|
|turn|17
|
|switch|p2a: Blastoise|Blastoise-Mega, M|362\/362
|move|p1a: Jirachi|Iron Head|p2a: Blastoise
|-crit|p2a: Blastoise
|-resisted|p2a: Blastoise
|-damage|p2a: Blastoise|280\/362
|
|turn|18
|
|move|p1a: Jirachi|Drain Punch|p2a: Blastoise
|-damage|p2a: Blastoise|204\/362
|-heal|p1a: Jirachi|376\/397|[from] drain|[of] p2a: Blastoise
|move|p2a: Blastoise|Ice Beam|p1a: Jirachi
|-resisted|p1a: Jirachi
|-damage|p1a: Jirachi|323\/397
|
|turn|19
|
|move|p1a: Jirachi|Zen Headbutt|p2a: Blastoise
|-damage|p2a: Blastoise|90\/362
|move|p2a: Blastoise|Scald|p1a: Jirachi
|-damage|p1a: Jirachi|167\/397
|
|turn|20
|
|move|p1a: Jirachi|Zen Headbutt|p2a: Blastoise
|-damage|p2a: Blastoise|0 fnt
|faint|p2a: Blastoise
|
|
|switch|p2a: Dugtrio|Dugtrio, M|1\/211
|turn|21
|
|move|p2a: Dugtrio|Earthquake|p1a: Jirachi
|-supereffective|p1a: Jirachi
|-damage|p1a: Jirachi|0 fnt
|faint|p1a: Jirachi
|
|
|switch|p1a: Whimsicott|Whimsicott, M|283\/323
|turn|22
|
|switch|p2a: Flygon|Flygon, M|192\/322 tox
|move|p1a: Whimsicott|Leech Seed|p2a: Flygon
|-start|p2a: Flygon|move: Leech Seed
|
|-damage|p2a: Flygon|152\/322 tox|[from] Leech Seed|[of] p1a: Whimsicott
|-heal|p1a: Whimsicott|323\/323|[silent]
|-damage|p2a: Flygon|132\/322 tox|[from] psn
|turn|23
|
|move|p1a: Whimsicott|Substitute|p1a: Whimsicott
|-start|p1a: Whimsicott|Substitute
|-damage|p1a: Whimsicott|243\/323
|move|p2a: Flygon|U-turn|p1a: Whimsicott
|-activate|p1a: Whimsicott|Substitute|[damage]
|
|switch|p2a: Togetic|Togetic, M|275\/314
|
|turn|24
|
|switch|p2a: Flygon|Flygon, M|132\/322 tox
|move|p1a: Whimsicott|Leech Seed|p2a: Flygon
|-start|p2a: Flygon|move: Leech Seed
|
|-damage|p2a: Flygon|92\/322 tox|[from] Leech Seed|[of] p1a: Whimsicott
|-heal|p1a: Whimsicott|283\/323|[silent]
|-damage|p2a: Flygon|72\/322 tox|[from] psn
|turn|25
|
|move|p1a: Whimsicott|Leech Seed|p2a: Flygon
|-fail|p2a: Flygon
|move|p2a: Flygon|U-turn|p1a: Whimsicott
|-end|p1a: Whimsicott|Substitute
|
|switch|p2a: Togetic|Togetic, M|275\/314
|
|turn|26
|
|switch|p2a: Flygon|Flygon, M|72\/322 tox
|move|p1a: Whimsicott|Substitute|p1a: Whimsicott
|-start|p1a: Whimsicott|Substitute
|-damage|p1a: Whimsicott|203\/323
|
|-damage|p2a: Flygon|52\/322 tox|[from] psn
|turn|27
|
|move|p1a: Whimsicott|Worry Seed|p2a: Flygon
|-ability|p2a: Flygon|Insomnia|[from] move: Worry Seed
|move|p2a: Flygon|Earthquake|p1a: Whimsicott
|-resisted|p1a: Whimsicott
|-activate|p1a: Whimsicott|Substitute|[damage]
|
|-damage|p2a: Flygon|12\/322 tox|[from] psn
|turn|28
|
|move|p1a: Whimsicott|Worry Seed|p2a: Flygon
|-fail|p2a: Flygon
|move|p2a: Flygon|Earthquake|p1a: Whimsicott
|-resisted|p1a: Whimsicott
|-end|p1a: Whimsicott|Substitute
|
|-damage|p2a: Flygon|0 fnt|[from] psn
|faint|p2a: Flygon
|
|switch|p2a: Togetic|Togetic, M|275\/314
|turn|29
|
|move|p1a: Whimsicott|Substitute|p1a: Whimsicott
|-start|p1a: Whimsicott|Substitute
|-damage|p1a: Whimsicott|123\/323
|move|p2a: Togetic|Nasty Plot|p2a: Togetic
|-boost|p2a: Togetic|spa|2
|
|turn|30
|
|move|p1a: Whimsicott|Leech Seed|p2a: Togetic
|-start|p2a: Togetic|move: Leech Seed
|move|p2a: Togetic|Nasty Plot|p2a: Togetic
|-boost|p2a: Togetic|spa|2
|
|-damage|p2a: Togetic|236\/314|[from] Leech Seed|[of] p1a: Whimsicott
|-heal|p1a: Whimsicott|162\/323|[silent]
|turn|31
|
|move|p1a: Whimsicott|Toxic|p2a: Togetic
|-status|p2a: Togetic|tox
|move|p2a: Togetic|Dazzling Gleam|p1a: Whimsicott
|-end|p1a: Whimsicott|Substitute
|
|-damage|p2a: Togetic|197\/314 tox|[from] Leech Seed|[of] p1a: Whimsicott
|-heal|p1a: Whimsicott|201\/323|[silent]
|-damage|p2a: Togetic|178\/314 tox|[from] psn
|turn|32
|
|switch|p2a: Alakazam|Alakazam, M|252\/252
|move|p1a: Whimsicott|Substitute|p1a: Whimsicott
|-start|p1a: Whimsicott|Substitute
|-damage|p1a: Whimsicott|121\/323
|
|turn|33
|
|move|p1a: Whimsicott|Worry Seed|p2a: Alakazam
|-ability|p2a: Alakazam|Insomnia|[from] move: Worry Seed
|move|p2a: Alakazam|Psyshock|p1a: Whimsicott
|-end|p1a: Whimsicott|Substitute
|
|turn|34
|
|switch|p1a: Celebi|Celebi|404\/404
|move|p2a: Alakazam|Psyshock|p1a: Celebi
|-resisted|p1a: Celebi
|-damage|p1a: Celebi|335\/404
|
|-heal|p1a: Celebi|360\/404|[from] item: Leftovers
|turn|35
|
|switch|p2a: Dugtrio|Dugtrio, M|1\/211
|move|p1a: Celebi|Thunder Wave|p2a: Dugtrio
|-immune|p2a: Dugtrio|[msg]
|
|-heal|p1a: Celebi|385\/404|[from] item: Leftovers
|turn|36
|
|move|p2a: Dugtrio|Memento|p1a: Celebi
|-unboost|p1a: Celebi|atk|2
|-unboost|p1a: Celebi|spa|2
|faint|p2a: Dugtrio
|move|p1a: Celebi|Dazzling Gleam|p2: Dugtrio|[notarget]
|-notarget
|
|-heal|p1a: Celebi|404\/404|[from] item: Leftovers
|
|switch|p2a: Togetic|Togetic, M|178\/314 tox
|turn|37
|
|switch|p1a: Whimsicott|Whimsicott, M|121\/323
|move|p2a: Togetic|Nasty Plot|p2a: Togetic
|-boost|p2a: Togetic|spa|2
|
|-damage|p2a: Togetic|159\/314 tox|[from] psn
|turn|38
|
|move|p1a: Whimsicott|Substitute|p1a: Whimsicott
|-start|p1a: Whimsicott|Substitute
|-damage|p1a: Whimsicott|41\/323
|move|p2a: Togetic|Dazzling Gleam|p1a: Whimsicott
|-end|p1a: Whimsicott|Substitute
|
|-damage|p2a: Togetic|121\/314 tox|[from] psn
|turn|39
|
|move|p1a: Whimsicott|Leech Seed|p2a: Togetic
|-start|p2a: Togetic|move: Leech Seed
|move|p2a: Togetic|Baton Pass|p2a: Togetic
|
|switch|p2a: Alakazam|Alakazam, M|252\/252
|
|turn|40
|
|move|p1a: Whimsicott|Worry Seed|p2a: Alakazam
|-ability|p2a: Alakazam|Insomnia|[from] move: Worry Seed
|move|p2a: Alakazam|Shadow Ball|p1a: Whimsicott
|-damage|p1a: Whimsicott|0 fnt
|faint|p1a: Whimsicott
|
|
|switch|p1a: Celebi|Celebi|404\/404
|turn|41
|
|move|p2a: Alakazam|Shadow Ball|p1a: Celebi
|-supereffective|p1a: Celebi
|-damage|p1a: Celebi|140\/404
|move|p1a: Celebi|Thunder Wave|p2a: Alakazam
|-status|p2a: Alakazam|par
|
|-heal|p1a: Celebi|165\/404|[from] item: Leftovers
|-damage|p2a: Alakazam|221\/252 par|[from] Leech Seed|[of] p1a: Celebi
|-heal|p1a: Celebi|196\/404|[silent]
|turn|42
|
|switch|p2a: Togetic|Togetic, M|121\/314 tox
|move|p1a: Celebi|Recover|p1a: Celebi
|-heal|p1a: Celebi|398\/404
|
|-heal|p1a: Celebi|404\/404|[from] item: Leftovers
|-damage|p2a: Togetic|102\/314 tox|[from] psn
|turn|43
|
|move|p1a: Celebi|Dazzling Gleam|p2a: Togetic
|-damage|p2a: Togetic|71\/314 tox
|move|p2a: Togetic|Roost|p2a: Togetic
|-heal|p2a: Togetic|228\/314 tox
|
|-damage|p2a: Togetic|190\/314 tox|[from] psn
|turn|44
|
|move|p1a: Celebi|Dazzling Gleam|p2a: Togetic
|-damage|p2a: Togetic|161\/314 tox
|move|p2a: Togetic|Roost|p2a: Togetic
|-heal|p2a: Togetic|314\/314 tox
|
|-damage|p2a: Togetic|257\/314 tox|[from] psn
|turn|45
|
|move|p1a: Celebi|Dazzling Gleam|p2a: Togetic
|-damage|p2a: Togetic|229\/314 tox
|move|p2a: Togetic|Nasty Plot|p2a: Togetic
|-boost|p2a: Togetic|spa|2
|
|-damage|p2a: Togetic|153\/314 tox|[from] psn
|turn|46
|
|move|p1a: Celebi|Dazzling Gleam|p2a: Togetic
|-damage|p2a: Togetic|123\/314 tox
|move|p2a: Togetic|Nasty Plot|p2a: Togetic
|-boost|p2a: Togetic|spa|2
|
|-damage|p2a: Togetic|28\/314 tox|[from] psn
|turn|47
|
|move|p1a: Celebi|Dazzling Gleam|p2a: Togetic
|-damage|p2a: Togetic|0 fnt
|faint|p2a: Togetic
|
|
|switch|p2a: Alakazam|Alakazam, M|221\/252 par
|turn|48
|
|move|p1a: Celebi|Dazzling Gleam|p2a: Alakazam
|-crit|p2a: Alakazam
|-damage|p2a: Alakazam|124\/252 par
|move|p2a: Alakazam|Shadow Ball|p1a: Celebi
|-supereffective|p1a: Celebi
|-damage|p1a: Celebi|268\/404
|
|-heal|p1a: Celebi|293\/404|[from] item: Leftovers
|turn|49
|
|move|p1a: Celebi|Dazzling Gleam|p2a: Alakazam
|-damage|p2a: Alakazam|56\/252 par
|move|p2a: Alakazam|Shadow Ball|p1a: Celebi
|-supereffective|p1a: Celebi
|-damage|p1a: Celebi|151\/404
|
|-heal|p1a: Celebi|176\/404|[from] item: Leftovers
|turn|50
|
|move|p1a: Celebi|Dazzling Gleam|p2a: Alakazam
|-damage|p2a: Alakazam|0 fnt
|faint|p2a: Alakazam
|
|win|Sem Or Chessus
|raw|Ladder updating...
|leave|caterpie53817
|c|âSem Or Chessus|gg
|raw|Sem Or Chessus's rating: 1119 &rarr; <strong>1140<\/strong><br \/>(+21 for winning)
|raw|caterpie53817's rating: 1061 &rarr; <strong>1045<\/strong><br \/>(-16 for losing)
|player|p2