|join|Amoongbro
|join|VarunR
|player|p1|Amoongbro|2
|player|p2|VarunR|56
|gametype|singles
|gen|6
|tier|OU
|rated
|clearpoke
|poke|p1|Chansey, F, shiny
|poke|p1|Skarmory, M, shiny
|poke|p1|Alomomola, M, shiny
|poke|p1|Amoonguss, M, shiny
|poke|p1|Quagsire, M, shiny
|poke|p1|Sableye, M, shiny
|poke|p2|Gardevoir, M
|poke|p2|Heatran, M
|poke|p2|Rotom-Wash
|poke|p2|Conkeldurr, F
|poke|p2|Excadrill, M
|poke|p2|Dragonite, M
|rule|Swagger Clause: Swagger is banned
|rule|Baton Pass Clause: Limit one PokÃ©mon knowing Baton Pass
|rule|Sleep Clause Mod: Limit one foe put to sleep
|rule|Species Clause: Limit one of each PokÃ©mon
|rule|OHKO Clause: OHKO moves are banned
|rule|Moody Clause: Moody is banned
|rule|Evasion Moves Clause: Evasion moves are banned
|rule|Endless Battle Clause: Forcing endless battles is banned
|rule|HP Percentage Mod: HP is shown in percentages
|teampreview
|
|start
|switch|p1a: Not Mega|Sableye, M, shiny|304\/304
|switch|p2a: Heatran|Heatran, M|324\/324
|-item|p2a: Heatran|Air Balloon
|turn|1
|
|detailschange|p1a: Not Mega|Sableye-Mega, M, shiny
|-mega|p1a: Not Mega|Sableye|Sablenite
|move|p2a: Heatran|Fire Blast|p1a: Not Mega
|-damage|p1a: Not Mega|144\/304
|move|p1a: Not Mega|Knock Off|p2a: Heatran
|-damage|p2a: Heatran|228\/324
|-enditem|p2a: Heatran|Air Balloon
|
|turn|2
|
|switch|p1a: Uncle Blobby|Quagsire, M, shiny|394\/394
|move|p2a: Heatran|Fire Blast|p1a: Uncle Blobby
|-resisted|p1a: Uncle Blobby
|-damage|p1a: Uncle Blobby|247\/394
|
|-heal|p1a: Uncle Blobby|271\/394|[from] item: Leftovers
|turn|3
|
|move|p2a: Heatran|Stealth Rock|p1a: Uncle Blobby
|-sidestart|p1: Amoongbro|move: Stealth Rock
|move|p1a: Uncle Blobby|Earthquake|p2a: Heatran
|-supereffective|p2a: Heatran
|-damage|p2a: Heatran|0 fnt
|faint|p2a: Heatran
|
|-heal|p1a: Uncle Blobby|295\/394|[from] item: Leftovers
|
|switch|p2a: Gardevoir|Gardevoir, M|277\/277
|-ability|p2a: Gardevoir|Unaware|[from] ability: Trace|[of] p1a: Uncle Blobby
|turn|4
|
|detailschange|p2a: Gardevoir|Gardevoir-Mega, M
|-mega|p2a: Gardevoir|Gardevoir|Gardevoirite
|move|p2a: Gardevoir|Hyper Voice|p1a: Uncle Blobby
|-damage|p1a: Uncle Blobby|0 fnt
|faint|p1a: Uncle Blobby
|
|
|switch|p1a: Baby Blobby|Chansey, F, shiny|704\/704
|-damage|p1a: Baby Blobby|616\/704|[from] Stealth Rock
|turn|5
|
|move|p2a: Gardevoir|Psyshock|p1a: Baby Blobby
|-damage|p1a: Baby Blobby|360\/704
|move|p1a: Baby Blobby|Toxic|p2a: Gardevoir
|-status|p2a: Gardevoir|tox
|
|-damage|p2a: Gardevoir|260\/277 tox|[from] psn
|turn|6
|
|move|p2a: Gardevoir|Calm Mind|p2a: Gardevoir
|-boost|p2a: Gardevoir|spa|1
|-boost|p2a: Gardevoir|spd|1
|move|p1a: Baby Blobby|Soft-Boiled|p1a: Baby Blobby
|-heal|p1a: Baby Blobby|704\/704
|
|-damage|p2a: Gardevoir|226\/277 tox|[from] psn
|turn|7
|
|move|p2a: Gardevoir|Focus Blast|p1a: Baby Blobby
|-supereffective|p1a: Baby Blobby
|-damage|p1a: Baby Blobby|374\/704
|move|p1a: Baby Blobby|Soft-Boiled|p1a: Baby Blobby
|-heal|p1a: Baby Blobby|704\/704
|
|-damage|p2a: Gardevoir|175\/277 tox|[from] psn
|turn|8
|
|move|p2a: Gardevoir|Psyshock|p1a: Baby Blobby
|-damage|p1a: Baby Blobby|367\/704
|move|p1a: Baby Blobby|Soft-Boiled|p1a: Baby Blobby
|-heal|p1a: Baby Blobby|704\/704
|
|-damage|p2a: Gardevoir|107\/277 tox|[from] psn
|turn|9
|
|switch|p2a: Conkeldurr|Conkeldurr, F|351\/351
|move|p1a: Baby Blobby|Soft-Boiled|p1a: Baby Blobby
|-fail|p1a: Baby Blobby
|
|turn|10
|
|switch|p1a: Fuck Magnezone|Skarmory, M, shiny|334\/334
|-damage|p1a: Fuck Magnezone|293\/334|[from] Stealth Rock
|move|p2a: Conkeldurr|Knock Off|p1a: Fuck Magnezone
|-damage|p1a: Fuck Magnezone|217\/334
|-enditem|p1a: Fuck Magnezone|Shed Shell|[from] move: Knock Off|[of] p2a: Conkeldurr
|
|turn|11
|
|switch|p2a: Rotom-Wash|Rotom-Wash|303\/303
|move|p1a: Fuck Magnezone|Defog|p2a: Rotom-Wash
|-unboost|p2a: Rotom-Wash|evasion|1
|-sideend|p1: Amoongbro|Stealth Rock|[from] move: Defog|[of] p1a: Fuck Magnezone
|
|turn|12
|
|switch|p1a: Mr Blobby|Amoonguss, M, shiny|432\/432
|move|p2a: Rotom-Wash|Will-O-Wisp|p1a: Mr Blobby
|-status|p1a: Mr Blobby|brn
|
|-damage|p1a: Mr Blobby|378\/432 brn|[from] brn
|turn|13
|
|move|p2a: Rotom-Wash|Volt Switch|p1a: Mr Blobby
|-resisted|p1a: Mr Blobby
|-damage|p1a: Mr Blobby|343\/432 brn
|
|switch|p2a: Dragonite|Dragonite, M|323\/323
|move|p1a: Mr Blobby|Foul Play|p2a: Dragonite
|-damage|p2a: Dragonite|290\/323
|
|-damage|p1a: Mr Blobby|289\/432 brn|[from] brn
|turn|14
|
|switch|p1a: Mrs Blobby|Alomomola, M, shiny|529\/529
|move|p2a: Dragonite|Dragon Dance|p2a: Dragonite
|-boost|p2a: Dragonite|atk|1
|-boost|p2a: Dragonite|spe|1
|
|turn|15
|
|move|p2a: Dragonite|Outrage|p1a: Mrs Blobby
|-damage|p1a: Mrs Blobby|235\/529
|move|p1a: Mrs Blobby|Toxic|p2a: Dragonite
|-status|p2a: Dragonite|tox
|-enditem|p2a: Dragonite|Lum Berry|[eat]
|-curestatus|p2a: Dragonite|tox
|
|-heal|p1a: Mrs Blobby|268\/529|[from] item: Leftovers
|turn|16
|
|switch|p1a: Fuck Magnezone|Skarmory, M, shiny|217\/334
|move|p2a: Dragonite|Outrage|p1a: Fuck Magnezone
|-resisted|p1a: Fuck Magnezone
|-damage|p1a: Fuck Magnezone|117\/334
|
|turn|17
|
|move|p2a: Dragonite|Outrage|p1a: Fuck Magnezone
|-resisted|p1a: Fuck Magnezone
|-damage|p1a: Fuck Magnezone|9\/334
|move|p1a: Fuck Magnezone|Stealth Rock|p2a: Dragonite
|-sidestart|p2: VarunR|move: Stealth Rock
|
|-end|p2a: Dragonite|rampage
|-start|p2a: Dragonite|confusion
|turn|18
|
|switch|p1a: Not Mega|Sableye-Mega, M, shiny|144\/304
|-activate|p2a: Dragonite|confusion
|move|p2a: Dragonite|Fire Punch|p1a: Not Mega
|-crit|p1a: Not Mega
|-damage|p1a: Not Mega|7\/304
|-status|p1a: Not Mega|brn
|
|-damage|p1a: Not Mega|0 fnt|[from] brn
|faint|p1a: Not Mega
|
|switch|p1a: Mrs Blobby|Alomomola, M, shiny|444\/529
|turn|19
|
|-activate|p2a: Dragonite|confusion
|move|p2a: Dragonite|Outrage|p1a: Mrs Blobby
|-damage|p1a: Mrs Blobby|131\/529
|move|p1a: Mrs Blobby|Toxic|p2a: Dragonite
|-status|p2a: Dragonite|tox
|
|-heal|p1a: Mrs Blobby|164\/529|[from] item: Leftovers
|-damage|p2a: Dragonite|270\/323 tox|[from] psn
|turn|20
|
|move|p1a: Mrs Blobby|Protect|p1a: Mrs Blobby
|-singleturn|p1a: Mrs Blobby|Protect
|-activate|p2a: Dragonite|confusion
|-damage|p2a: Dragonite|188\/323 tox|[from] confusion
|
|-end|p2a: Dragonite|rampage
|-heal|p1a: Mrs Blobby|197\/529|[from] item: Leftovers
|-damage|p2a: Dragonite|148\/323 tox|[from] psn
|turn|21
|
|switch|p1a: Fuck Magnezone|Skarmory, M, shiny|9\/334
|-activate|p2a: Dragonite|confusion
|-damage|p2a: Dragonite|65\/323 tox|[from] confusion
|
|-damage|p2a: Dragonite|5\/323 tox|[from] psn
|turn|22
|
|-end|p2a: Dragonite|confusion
|move|p2a: Dragonite|Outrage|p1a: Fuck Magnezone
|-resisted|p1a: Fuck Magnezone
|-damage|p1a: Fuck Magnezone|0 fnt
|faint|p1a: Fuck Magnezone
|
|-damage|p2a: Dragonite|0 fnt|[from] psn
|faint|p2a: Dragonite
|
|switch|p2a: Gardevoir|Gardevoir-Mega, M|107\/277 tox
|switch|p1a: Mrs Blobby|Alomomola, M, shiny|373\/529
|-damage|p2a: Gardevoir|73\/277 tox|[from] Stealth Rock
|turn|23
|
|move|p1a: Mrs Blobby|Protect|p1a: Mrs Blobby
|-singleturn|p1a: Mrs Blobby|Protect
|move|p2a: Gardevoir|Focus Blast|p1a: Mrs Blobby
|-activate|p1a: Mrs Blobby|Protect
|
|-heal|p1a: Mrs Blobby|406\/529|[from] item: Leftovers
|-damage|p2a: Gardevoir|56\/277 tox|[from] psn
|turn|24
|
|switch|p1a: Baby Blobby|Chansey, F, shiny|704\/704
|move|p2a: Gardevoir|Focus Blast|p1a: Baby Blobby
|-supereffective|p1a: Baby Blobby
|-damage|p1a: Baby Blobby|456\/704
|-unboost|p1a: Baby Blobby|spd|1
|
|-damage|p2a: Gardevoir|22\/277 tox|[from] psn
|turn|25
|
|move|p2a: Gardevoir|Hyper Voice|p1a: Baby Blobby
|-damage|p1a: Baby Blobby|215\/704
|move|p1a: Baby Blobby|Soft-Boiled|p1a: Baby Blobby
|-heal|p1a: Baby Blobby|567\/704
|
|-damage|p2a: Gardevoir|0 fnt|[from] psn
|faint|p2a: Gardevoir
|
|switch|p2a: Excadrill|Excadrill, M|361\/361
|-damage|p2a: Excadrill|350\/361|[from] Stealth Rock
|-ability|p2a: Excadrill|Mold Breaker
|turn|26
|
|switch|p1a: Mrs Blobby|Alomomola, M, shiny|529\/529
|move|p2a: Excadrill|Earthquake|p1a: Mrs Blobby
|-damage|p1a: Mrs Blobby|384\/529
|
|-heal|p1a: Mrs Blobby|417\/529|[from] item: Leftovers
|turn|27
|
|switch|p2a: Conkeldurr|Conkeldurr, F|351\/351
|-damage|p2a: Conkeldurr|330\/351|[from] Stealth Rock
|move|p1a: Mrs Blobby|Scald|p2a: Conkeldurr
|-damage|p2a: Conkeldurr|297\/351
|
|-heal|p1a: Mrs Blobby|450\/529|[from] item: Leftovers
|turn|28
|
|move|p1a: Mrs Blobby|Wish|p1a: Mrs Blobby
|move|p2a: Conkeldurr|Knock Off|p1a: Mrs Blobby
|-damage|p1a: Mrs Blobby|342\/529
|-enditem|p1a: Mrs Blobby|Leftovers|[from] move: Knock Off|[of] p2a: Conkeldurr
|
|turn|29
|
|switch|p2a: Rotom-Wash|Rotom-Wash|303\/303
|-damage|p2a: Rotom-Wash|266\/303|[from] Stealth Rock
|move|p1a: Mrs Blobby|Protect|p1a: Mrs Blobby
|-fail|p1a: Mrs Blobby
|
|-heal|p1a: Mrs Blobby|529\/529|[from] move: Wish|[wisher] Mrs Blobby
|-heal|p2a: Rotom-Wash|284\/303|[from] item: Leftovers
|turn|30
|
|switch|p1a: Mr Blobby|Amoonguss, M, shiny|432\/432 brn
|move|p2a: Rotom-Wash|Will-O-Wisp|p1a: Mr Blobby
|-fail|p1a: Mr Blobby|brn
|
|-heal|p2a: Rotom-Wash|302\/303|[from] item: Leftovers
|-damage|p1a: Mr Blobby|378\/432 brn|[from] brn
|turn|31
|
|move|p2a: Rotom-Wash|Volt Switch|p1a: Mr Blobby
|-resisted|p1a: Mr Blobby
|-damage|p1a: Mr Blobby|343\/432 brn
|
|switch|p2a: Conkeldurr|Conkeldurr, F|297\/351
|-damage|p2a: Conkeldurr|276\/351|[from] Stealth Rock
|move|p1a: Mr Blobby|Foul Play|p2a: Conkeldurr
|-resisted|p2a: Conkeldurr
|-damage|p2a: Conkeldurr|243\/351
|
|-damage|p1a: Mr Blobby|289\/432 brn|[from] brn
|turn|32
|
|switch|p1a: Mrs Blobby|Alomomola, M, shiny|529\/529
|move|p2a: Conkeldurr|Ice Punch|p1a: Mrs Blobby
|-resisted|p1a: Mrs Blobby
|-damage|p1a: Mrs Blobby|490\/529
|
|turn|33
|
|move|p1a: Mrs Blobby|Wish|p1a: Mrs Blobby
|move|p2a: Conkeldurr|Drain Punch|p1a: Mrs Blobby
|-damage|p1a: Mrs Blobby|367\/529
|-heal|p2a: Conkeldurr|305\/351|[from] drain|[of] p1a: Mrs Blobby
|
|turn|34
|
|switch|p2a: Excadrill|Excadrill, M|350\/361
|-damage|p2a: Excadrill|339\/361|[from] Stealth Rock
|-ability|p2a: Excadrill|Mold Breaker
|move|p1a: Mrs Blobby|Protect|p1a: Mrs Blobby
|-fail|p1a: Mrs Blobby
|
|-heal|p1a: Mrs Blobby|529\/529|[from] move: Wish|[wisher] Mrs Blobby
|turn|35
|
|move|p2a: Excadrill|Rapid Spin|p1a: Mrs Blobby
|-damage|p1a: Mrs Blobby|509\/529
|-sideend|p2: VarunR|Stealth Rock|[from] move: Rapid Spin|[of] p2a: Excadrill
|move|p1a: Mrs Blobby|Scald|p2a: Excadrill
|-supereffective|p2a: Excadrill
|-damage|p2a: Excadrill|211\/361
|
|turn|36
|
|switch|p2a: Conkeldurr|Conkeldurr, F|305\/351
|move|p1a: Mrs Blobby|Wish|p1a: Mrs Blobby
|
|turn|37
|
|move|p1a: Mrs Blobby|Protect|p1a: Mrs Blobby
|-singleturn|p1a: Mrs Blobby|Protect
|move|p2a: Conkeldurr|Mach Punch|p1a: Mrs Blobby
|-activate|p1a: Mrs Blobby|Protect
|
|-heal|p1a: Mrs Blobby|529\/529|[from] move: Wish|[wisher] Mrs Blobby
|turn|38
|
|move|p1a: Mrs Blobby|Wish|p1a: Mrs Blobby
|move|p2a: Conkeldurr|Ice Punch|p1a: Mrs Blobby
|-crit|p1a: Mrs Blobby
|-resisted|p1a: Mrs Blobby
|-damage|p1a: Mrs Blobby|460\/529
|
|turn|39
|
|move|p1a: Mrs Blobby|Toxic|p2a: Conkeldurr
|-status|p2a: Conkeldurr|tox
|move|p2a: Conkeldurr|Ice Punch|p1a: Mrs Blobby
|-resisted|p1a: Mrs Blobby
|-damage|p1a: Mrs Blobby|400\/529
|
|-heal|p1a: Mrs Blobby|529\/529|[from] move: Wish|[wisher] Mrs Blobby
|-damage|p2a: Conkeldurr|284\/351 tox|[from] psn
|turn|40
|
|move|p1a: Mrs Blobby|Wish|p1a: Mrs Blobby
|move|p2a: Conkeldurr|Drain Punch|p1a: Mrs Blobby
|-damage|p1a: Mrs Blobby|324\/529
|-heal|p2a: Conkeldurr|351\/351 tox|[from] drain|[of] p1a: Mrs Blobby
|
|-damage|p2a: Conkeldurr|309\/351 tox|[from] psn
|turn|41
|
|switch|p2a: Rotom-Wash|Rotom-Wash|302\/303
|move|p1a: Mrs Blobby|Protect|p1a: Mrs Blobby
|-fail|p1a: Mrs Blobby
|
|-heal|p1a: Mrs Blobby|529\/529|[from] move: Wish|[wisher] Mrs Blobby
|-heal|p2a: Rotom-Wash|303\/303|[from] item: Leftovers
|turn|42
|
|switch|p1a: Mr Blobby|Amoonguss, M, shiny|432\/432 brn
|move|p2a: Rotom-Wash|Volt Switch|p1a: Mr Blobby
|-resisted|p1a: Mr Blobby
|-damage|p1a: Mr Blobby|398\/432 brn
|
|switch|p2a: Conkeldurr|Conkeldurr, F|309\/351 tox
|
|-damage|p2a: Conkeldurr|288\/351 tox|[from] psn
|-damage|p1a: Mr Blobby|344\/432 brn|[from] brn
|turn|43
|
|switch|p1a: Mrs Blobby|Alomomola, M, shiny|529\/529
|move|p2a: Conkeldurr|Drain Punch|p1a: Mrs Blobby
|-damage|p1a: Mrs Blobby|334\/529
|-heal|p2a: Conkeldurr|351\/351 tox|[from] drain|[of] p1a: Mrs Blobby
|
|-damage|p2a: Conkeldurr|309\/351 tox|[from] psn
|turn|44
|
|move|p1a: Mrs Blobby|Wish|p1a: Mrs Blobby
|move|p2a: Conkeldurr|Drain Punch|p1a: Mrs Blobby
|-damage|p1a: Mrs Blobby|135\/529
|-heal|p2a: Conkeldurr|351\/351 tox|[from] drain|[of] p1a: Mrs Blobby
|
|-damage|p2a: Conkeldurr|288\/351 tox|[from] psn
|turn|45
|
|switch|p2a: Rotom-Wash|Rotom-Wash|303\/303
|move|p1a: Mrs Blobby|Protect|p1a: Mrs Blobby
|-fail|p1a: Mrs Blobby
|
|-heal|p1a: Mrs Blobby|399\/529|[from] move: Wish|[wisher] Mrs Blobby
|turn|46
|
|switch|p1a: Mr Blobby|Amoonguss, M, shiny|432\/432 brn
|move|p2a: Rotom-Wash|Volt Switch|p1a: Mr Blobby
|-resisted|p1a: Mr Blobby
|-damage|p1a: Mr Blobby|395\/432 brn
|
|switch|p2a: Excadrill|Excadrill, M|211\/361
|-ability|p2a: Excadrill|Mold Breaker
|
|-damage|p1a: Mr Blobby|341\/432 brn|[from] brn
|turn|47
|
|switch|p1a: Mrs Blobby|Alomomola, M, shiny|529\/529
|move|p2a: Excadrill|Earthquake|p1a: Mrs Blobby
|-damage|p1a: Mrs Blobby|382\/529
|
|turn|48
|
|move|p2a: Excadrill|Earthquake|p1a: Mrs Blobby
|-damage|p1a: Mrs Blobby|219\/529
|move|p1a: Mrs Blobby|Scald|p2a: Excadrill
|-supereffective|p2a: Excadrill
|-damage|p2a: Excadrill|79\/361
|-status|p2a: Excadrill|brn
|
|-damage|p2a: Excadrill|34\/361 brn|[from] brn
|turn|49
|
|move|p2a: Excadrill|Earthquake|p1a: Mrs Blobby
|-crit|p1a: Mrs Blobby
|-damage|p1a: Mrs Blobby|99\/529
|move|p1a: Mrs Blobby|Wish|p1a: Mrs Blobby
|
|-damage|p2a: Excadrill|0 fnt|[from] brn
|faint|p2a: Excadrill
|
|switch|p2a: Conkeldurr|Conkeldurr, F|288\/351 tox
|turn|50
|
|move|p1a: Mrs Blobby|Protect|p1a: Mrs Blobby
|-singleturn|p1a: Mrs Blobby|Protect
|move|p2a: Conkeldurr|Drain Punch|p1a: Mrs Blobby
|-activate|p1a: Mrs Blobby|Protect
|
|-heal|p1a: Mrs Blobby|363\/529|[from] move: Wish|[wisher] Mrs Blobby
|-damage|p2a: Conkeldurr|267\/351 tox|[from] psn
|turn|51
|
|move|p1a: Mrs Blobby|Wish|p1a: Mrs Blobby
|move|p2a: Conkeldurr|Drain Punch|p1a: Mrs Blobby
|-damage|p1a: Mrs Blobby|185\/529
|-heal|p2a: Conkeldurr|351\/351 tox|[from] drain|[of] p1a: Mrs Blobby
|
|-damage|p2a: Conkeldurr|309\/351 tox|[from] psn
|turn|52
|
|move|p1a: Mrs Blobby|Protect|p1a: Mrs Blobby
|-singleturn|p1a: Mrs Blobby|Protect
|move|p2a: Conkeldurr|Ice Punch|p1a: Mrs Blobby
|-activate|p1a: Mrs Blobby|Protect
|
|-heal|p1a: Mrs Blobby|449\/529|[from] move: Wish|[wisher] Mrs Blobby
|-damage|p2a: Conkeldurr|246\/351 tox|[from] psn
|turn|53
|c|âVarunR|meh
|c|âVarunR|gtg
|c|âAmoongbro|and the crit burn you got on me earlier that killed two of my pokes never mattered? elo of 60, won21 - lost15. typical ou noob with rotom-w. volt switch noob
|c|âVarunR|gg
|
|move|p1a: Mrs Blobby|Wish|p1a: Mrs Blobby
|move|p2a: Conkeldurr|Ice Punch|p1a: Mrs Blobby
|-resisted|p1a: Mrs Blobby
|-damage|p1a: Mrs Blobby|386\/529
|
|-damage|p2a: Conkeldurr|162\/351 tox|[from] psn
|turn|54
|c|âAmoongbro|i knew youd post some fag comment
|c|âAmoongbro|had mine stored and ready to go
|c|âVarunR|relax, man.
|c|âVarunR|I really have to go.
|c|âAmoongbro|you "gtg" now?
|c|âVarunR|I'm not quitting.
|c|âVarunR|Someone needs the laptop.
|c|âAmoongbro|ok
|c|âVarunR|21-15 is my random battles record btw
|c|âVarunR|OU is a bit respectable.
|c|âVarunR|haha
|c|âVarunR|anyway.
|c|âVarunR|gg
|-message|VarunR forfeited.
|leave|VarunR
|
|win|Amoongbro
|raw|Ladder updating...
|player|p2
|raw|Amoongbro's rating: 1623 &rarr; <strong>1631<\/strong><br \/>(+8 for winning)
|raw|VarunR's rating: 1388 &rarr; <strong>1379<\/strong><br \/>(-9 for losing)