|join|ThisFireBurns
|join|Amoongbro
|player|p1|ThisFireBurns|265
|player|p2|Amoongbro|265
|gametype|singles
|gen|6
|tier|OU
|rated
|clearpoke
|poke|p1|Scizor, F
|poke|p1|Rotom-Wash
|poke|p1|Bisharp, F
|poke|p1|Gardevoir, M
|poke|p1|Landorus-Therian, M
|poke|p1|Talonflame, F
|poke|p2|Chansey, F
|poke|p2|Skarmory, M
|poke|p2|Alomomola, M
|poke|p2|Amoonguss, F
|poke|p2|Quagsire, M, shiny
|poke|p2|Sableye, M
|rule|Swagger Clause: Swagger is banned
|rule|Baton Pass Clause: Limit one PokÃ©mon knowing Baton Pass
|rule|Sleep Clause Mod: Limit one foe put to sleep
|rule|Species Clause: Limit one of each PokÃ©mon
|rule|OHKO Clause: OHKO moves are banned
|rule|Moody Clause: Moody is banned
|rule|Evasion Moves Clause: Evasion moves are banned
|rule|Endless Battle Clause: Forcing endless battles is banned
|rule|HP Percentage Mod: HP is shown in percentages
|teampreview
|join|muerteXXXX
|
|start
|switch|p1a: Rotom-Wash|Rotom-Wash|299\/299
|switch|p2a: Baby Blobby|Chansey, F|704\/704
|turn|1
|
|move|p1a: Rotom-Wash|Volt Switch|p2a: Baby Blobby
|-damage|p2a: Baby Blobby|638\/704
|
|switch|p1a: Scizor|Scizor, F|344\/344
|move|p2a: Baby Blobby|Toxic|p1a: Scizor
|-fail|p1a: Scizor
|
|turn|2
|
|switch|p2a: Mrs Blobby|Alomomola, M|529\/529
|detailschange|p1a: Scizor|Scizor-Mega, F
|-mega|p1a: Scizor|Scizor|Scizorite
|move|p1a: Scizor|U-turn|p2a: Mrs Blobby
|-crit|p2a: Mrs Blobby
|-damage|p2a: Mrs Blobby|382\/529
|c|âAmoongbro|sigh
|c|âAmoongbro|pathetic
|join|TheWreckingSloth
|c|âAmoongbro|one day i hope you learn how to play pokemon. the end
|
|switch|p1a: Rotom-Wash|Rotom-Wash|299\/299
|
|-heal|p2a: Mrs Blobby|415\/529|[from] item: Leftovers
|turn|3
|
|switch|p2a: Baby Blobby|Chansey, F|638\/704
|move|p1a: Rotom-Wash|Will-O-Wisp|p2a: Baby Blobby
|-status|p2a: Baby Blobby|brn
|
|-damage|p2a: Baby Blobby|550\/704 brn|[from] brn
|turn|4
|
|switch|p2a: Mr Blobby|Amoonguss, F|432\/432
|move|p1a: Rotom-Wash|Volt Switch|p2a: Mr Blobby
|-resisted|p2a: Mr Blobby
|-damage|p2a: Mr Blobby|390\/432
|
|switch|p1a: Talonflame|Talonflame, F|297\/297
|
|turn|5
|
|switch|p2a: Mrs Blobby|Alomomola, M|529\/529
|move|p1a: Talonflame|U-turn|p2a: Mrs Blobby
|-damage|p2a: Mrs Blobby|452\/529
|c|âAmoongbro|wow
|
|switch|p1a: Rotom-Wash|Rotom-Wash|299\/299
|
|-heal|p2a: Mrs Blobby|485\/529|[from] item: Leftovers
|turn|6
|
|switch|p2a: Baby Blobby|Chansey, F|550\/704
|move|p1a: Rotom-Wash|Will-O-Wisp|p2a: Baby Blobby
|-status|p2a: Baby Blobby|brn
|
|-damage|p2a: Baby Blobby|462\/704 brn|[from] brn
|turn|7
|
|move|p1a: Rotom-Wash|Volt Switch|p2a: Baby Blobby
|-damage|p2a: Baby Blobby|395\/704 brn
|
|switch|p1a: Bisharp|Bisharp, F|271\/271
|move|p2a: Baby Blobby|Soft-Boiled|p2a: Baby Blobby
|-heal|p2a: Baby Blobby|704\/704 brn
|
|-damage|p2a: Baby Blobby|616\/704 brn|[from] brn
|turn|8
|
|switch|p2a: Not Mega|Sableye, M|304\/304
|move|p1a: Bisharp|Knock Off|p2a: Not Mega
|-damage|p2a: Not Mega|168\/304
|-damage|p1a: Bisharp|244\/271|[from] item: Life Orb
|
|turn|9
|
|switch|p1a: Talonflame|Talonflame, F|297\/297
|detailschange|p2a: Not Mega|Sableye-Mega, M
|-mega|p2a: Not Mega|Sableye|Sablenite
|move|p2a: Not Mega|Recover|p2a: Not Mega
|-heal|p2a: Not Mega|304\/304
|
|turn|10
|
|move|p1a: Talonflame|U-turn|p2a: Not Mega
|-crit|p2a: Not Mega
|-damage|p2a: Not Mega|206\/304
|
|switch|p1a: Gardevoir|Gardevoir, M|277\/277
|-ability|p1a: Gardevoir|Magic Bounce|[from] ability: Trace|[of] p2a: Not Mega
|move|p2a: Not Mega|Knock Off|p1a: Gardevoir
|-damage|p1a: Gardevoir|147\/277
|-enditem|p1a: Gardevoir|Choice Scarf|[from] move: Knock Off|[of] p2a: Not Mega
|
|turn|11
|
|switch|p2a: Baby Blobby|Chansey, F|616\/704
|move|p1a: Gardevoir|Moonblast|p2a: Baby Blobby
|-damage|p2a: Baby Blobby|507\/704
|
|turn|12
|
|move|p1a: Gardevoir|Psyshock|p2a: Baby Blobby
|-crit|p2a: Baby Blobby
|-damage|p2a: Baby Blobby|189\/704
|move|p2a: Baby Blobby|Seismic Toss|p1a: Gardevoir
|-damage|p1a: Gardevoir|47\/277
|
|turn|13
|c|âAmoongbro|noob
|
|move|p1a: Gardevoir|Psyshock|p2a: Baby Blobby
|-damage|p2a: Baby Blobby|2\/704
|move|p2a: Baby Blobby|Soft-Boiled|p2a: Baby Blobby
|-heal|p2a: Baby Blobby|354\/704
|
|turn|14
|
|switch|p1a: Bisharp|Bisharp, F|244\/271
|move|p2a: Baby Blobby|Soft-Boiled|p2a: Baby Blobby
|-heal|p2a: Baby Blobby|704\/704
|
|turn|15
|
|switch|p2a: Uncle Blobby|Quagsire, M, shiny|394\/394
|move|p1a: Bisharp|Knock Off|p2a: Uncle Blobby
|-damage|p2a: Uncle Blobby|211\/394
|-enditem|p2a: Uncle Blobby|Leftovers|[from] move: Knock Off|[of] p1a: Bisharp
|-damage|p1a: Bisharp|217\/271|[from] item: Life Orb
|
|turn|16
|
|switch|p1a: Rotom-Wash|Rotom-Wash|299\/299
|move|p2a: Uncle Blobby|Recover|p2a: Uncle Blobby
|-heal|p2a: Uncle Blobby|394\/394
|
|turn|17
|c|âAmoongbro|sigh
|
|switch|p2a: Baby Blobby|Chansey, F|704\/704
|move|p1a: Rotom-Wash|Hydro Pump|p2a: Baby Blobby
|-damage|p2a: Baby Blobby|611\/704
|
|turn|18
|
|move|p1a: Rotom-Wash|Volt Switch|p2a: Baby Blobby
|-damage|p2a: Baby Blobby|548\/704
|
|switch|p1a: Scizor|Scizor-Mega, F|344\/344
|move|p2a: Baby Blobby|Toxic|p1a: Scizor
|-fail|p1a: Scizor
|
|turn|19
|
|switch|p2a: Mrs Blobby|Alomomola, M|529\/529
|move|p1a: Scizor|U-turn|p2a: Mrs Blobby
|-damage|p2a: Mrs Blobby|423\/529
|leave|muerteXXXX
|c|âAmoongbro|noob
|c|âAmoongbro|no wonder people leaving having to watch you spam volt switch and u turn
|c|âThisFireBurns|silence bro plis
|c|âThisFireBurns|play pokemon
|c|âThisFireBurns|= )
|c|âAmoongbro|its the truth. deal with it
|
|switch|p1a: Rotom-Wash|Rotom-Wash|299\/299
|
|-heal|p2a: Mrs Blobby|456\/529|[from] item: Leftovers
|turn|20
|
|switch|p2a: Baby Blobby|Chansey, F|548\/704
|move|p1a: Rotom-Wash|Will-O-Wisp|p2a: Baby Blobby
|-status|p2a: Baby Blobby|brn
|
|-damage|p2a: Baby Blobby|460\/704 brn|[from] brn
|turn|21
|c|âAmoongbro|"i have 24 moves at my disposal across 6 pokemon, but im just gonna use two of them and spam the same two moves".
|
|move|p1a: Rotom-Wash|Volt Switch|p2a: Baby Blobby
|-damage|p2a: Baby Blobby|391\/704 brn
|
|switch|p1a: Bisharp|Bisharp, F|217\/271
|move|p2a: Baby Blobby|Soft-Boiled|p2a: Baby Blobby
|-heal|p2a: Baby Blobby|704\/704 brn
|
|-damage|p2a: Baby Blobby|616\/704 brn|[from] brn
|turn|22
|c|âAmoongbro|"i like to go for 15hkos" - thats actually worse than the 5 turns toxic takes to kill something btw
|
|switch|p1a: Rotom-Wash|Rotom-Wash|299\/299
|switch|p2a: Mrs Blobby|Alomomola, M|529\/529
|
|turn|23
|
|switch|p2a: Baby Blobby|Chansey, F|616\/704
|move|p1a: Rotom-Wash|Volt Switch|p2a: Baby Blobby
|-damage|p2a: Baby Blobby|556\/704
|
|switch|p1a: Landorus-Therian|Landorus-Therian, M|329\/329
|-ability|p1a: Landorus-Therian|Intimidate|[of] p2a: Baby Blobby
|-unboost|p2a: Baby Blobby|atk|1
|
|turn|24
|
|switch|p2a: Not Mega|Sableye-Mega, M|206\/304
|move|p1a: Landorus-Therian|U-turn|p2a: Not Mega
|-damage|p2a: Not Mega|144\/304
|c|âAmoongbro|god youre a noob
|
|switch|p1a: Talonflame|Talonflame, F|297\/297
|
|turn|25
|c|âAmoongbro|look at the log
|c|âAmoongbro|all it is, is volt switch and u turn
|c|âAmoongbro|u turn on 3 pokemon - awesome teambuilding
|
|move|p1a: Talonflame|Flare Blitz|p2a: Not Mega
|-damage|p2a: Not Mega|0 fnt
|-damage|p1a: Talonflame|249\/297|[from] recoil|[of] p2a: Not Mega
|faint|p2a: Not Mega
|
|
|switch|p2a: Mrs Blobby|Alomomola, M|529\/529
|turn|26
|
|switch|p1a: Rotom-Wash|Rotom-Wash|299\/299
|move|p2a: Mrs Blobby|Scald|p1a: Rotom-Wash
|-resisted|p1a: Rotom-Wash
|-damage|p1a: Rotom-Wash|278\/299
|
|turn|27
|
|switch|p2a: Baby Blobby|Chansey, F|556\/704
|move|p1a: Rotom-Wash|Volt Switch|p2a: Baby Blobby
|-damage|p2a: Baby Blobby|496\/704
|c|âAmoongbro|sigh i cant be bothered with this 200 turn pp stall bullshit again and watching you fucking volt turn until i want to cut my eyes out
|
|switch|p1a: Bisharp|Bisharp, F|217\/271
|
|turn|28
|c|âAmoongbro|you seriously need to get your head examined you have issues
|c|âAmoongbro|bye
|c|âAmoongbro|volt turn noob
|
|switch|p1a: Rotom-Wash|Rotom-Wash|278\/299
|switch|p2a: Fuck Magnezone|Skarmory, M|334\/334
|
|turn|29
|
|move|p1a: Rotom-Wash|Volt Switch|p2a: Fuck Magnezone
|-supereffective|p2a: Fuck Magnezone
|-damage|p2a: Fuck Magnezone|80\/334
|
|switch|p1a: Bisharp|Bisharp, F|217\/271
|move|p2a: Fuck Magnezone|Stealth Rock|p1a: Bisharp
|-sidestart|p1: ThisFireBurns|move: Stealth Rock
|
|turn|30
|
|switch|p1a: Rotom-Wash|Rotom-Wash|278\/299
|-damage|p1a: Rotom-Wash|241\/299|[from] Stealth Rock
|switch|p2a: Mrs Blobby|Alomomola, M|529\/529
|
|turn|31
|
|move|p1a: Rotom-Wash|Will-O-Wisp|p2a: Mrs Blobby|[miss]
|-miss|p1a: Rotom-Wash|p2a: Mrs Blobby
|move|p2a: Mrs Blobby|Wish|p2a: Mrs Blobby
|
|turn|32
|
|switch|p2a: Baby Blobby|Chansey, F|496\/704
|move|p1a: Rotom-Wash|Will-O-Wisp|p2a: Baby Blobby
|-status|p2a: Baby Blobby|brn
|
|-heal|p2a: Baby Blobby|704\/704 brn|[from] move: Wish|[wisher] Mrs Blobby
|-damage|p2a: Baby Blobby|616\/704 brn|[from] brn
|turn|33
|
|move|p1a: Rotom-Wash|Volt Switch|p2a: Baby Blobby
|-damage|p2a: Baby Blobby|552\/704 brn
|
|switch|p1a: Scizor|Scizor-Mega, F|344\/344
|-damage|p1a: Scizor|301\/344|[from] Stealth Rock
|move|p2a: Baby Blobby|Seismic Toss|p1a: Scizor
|-damage|p1a: Scizor|201\/344
|
|-damage|p2a: Baby Blobby|464\/704 brn|[from] brn
|turn|34
|
|switch|p2a: Mrs Blobby|Alomomola, M|529\/529
|move|p1a: Scizor|Defog|p2a: Mrs Blobby
|-unboost|p2a: Mrs Blobby|evasion|1
|-sideend|p1: ThisFireBurns|Stealth Rock|[from] move: Defog|[of] p1a: Scizor
|
|turn|35
|
|move|p1a: Scizor|U-turn|p2a: Mrs Blobby
|-damage|p2a: Mrs Blobby|439\/529
|
|switch|p1a: Rotom-Wash|Rotom-Wash|241\/299
|move|p2a: Mrs Blobby|Toxic|p1a: Rotom-Wash
|-status|p1a: Rotom-Wash|tox
|
|-heal|p2a: Mrs Blobby|472\/529|[from] item: Leftovers
|-damage|p1a: Rotom-Wash|223\/299 tox|[from] psn
|turn|36
|c|âAmoongbro|noob
|
|move|p2a: Mrs Blobby|Protect|p2a: Mrs Blobby
|-singleturn|p2a: Mrs Blobby|Protect
|move|p1a: Rotom-Wash|Will-O-Wisp|p2a: Mrs Blobby
|-activate|p2a: Mrs Blobby|Protect
|
|-heal|p2a: Mrs Blobby|505\/529|[from] item: Leftovers
|-damage|p1a: Rotom-Wash|187\/299 tox|[from] psn
|turn|37
|
|switch|p2a: Baby Blobby|Chansey, F|464\/704
|move|p1a: Rotom-Wash|Will-O-Wisp|p2a: Baby Blobby
|-status|p2a: Baby Blobby|brn
|
|-damage|p1a: Rotom-Wash|133\/299 tox|[from] psn
|-damage|p2a: Baby Blobby|376\/704 brn|[from] brn
|turn|38
|
|move|p1a: Rotom-Wash|Volt Switch|p2a: Baby Blobby
|-damage|p2a: Baby Blobby|312\/704 brn
|
|switch|p1a: Talonflame|Talonflame, F|249\/297
|move|p2a: Baby Blobby|Soft-Boiled|p2a: Baby Blobby
|-heal|p2a: Baby Blobby|664\/704 brn
|
|-damage|p2a: Baby Blobby|576\/704 brn|[from] brn
|turn|39
|c|âAmoongbro|fucking zombie
|
|switch|p1a: Bisharp|Bisharp, F|217\/271
|switch|p2a: Mrs Blobby|Alomomola, M|529\/529
|
|turn|40
|
|move|p1a: Bisharp|Knock Off|p2a: Mrs Blobby
|-damage|p2a: Mrs Blobby|329\/529
|-enditem|p2a: Mrs Blobby|Leftovers|[from] move: Knock Off|[of] p1a: Bisharp
|-damage|p1a: Bisharp|190\/271|[from] item: Life Orb
|move|p2a: Mrs Blobby|Scald|p1a: Bisharp
|-damage|p1a: Bisharp|127\/271
|
|turn|41
|
|switch|p1a: Rotom-Wash|Rotom-Wash|133\/299 tox
|switch|p2a: Uncle Blobby|Quagsire, M, shiny|394\/394
|
|-damage|p1a: Rotom-Wash|115\/299 tox|[from] psn
|turn|42
|
|move|p1a: Rotom-Wash|Will-O-Wisp|p2a: Uncle Blobby
|-status|p2a: Uncle Blobby|brn
|move|p2a: Uncle Blobby|Scald|p1a: Rotom-Wash
|-resisted|p1a: Rotom-Wash
|-damage|p1a: Rotom-Wash|82\/299 tox
|
|-damage|p1a: Rotom-Wash|46\/299 tox|[from] psn
|-damage|p2a: Uncle Blobby|345\/394 brn|[from] brn
|turn|43
|
|switch|p2a: Fuck Magnezone|Skarmory, M|80\/334
|move|p1a: Rotom-Wash|Rest|p1a: Rotom-Wash
|-status|p1a: Rotom-Wash|slp
|-heal|p1a: Rotom-Wash|299\/299 slp|[silent]
|-status|p1a: Rotom-Wash|slp|[from] move: Rest
|-enditem|p1a: Rotom-Wash|Chesto Berry|[eat]
|-curestatus|p1a: Rotom-Wash|slp
|
|turn|44
|
|switch|p2a: Baby Blobby|Chansey, F|576\/704
|move|p1a: Rotom-Wash|Volt Switch|p2a: Baby Blobby
|-damage|p2a: Baby Blobby|506\/704
|c|âAmoongbro|sigh what a noob
|
|switch|p1a: Bisharp|Bisharp, F|127\/271
|
|turn|45
|c|âAmoongbro|who has told you that enlessly volt turning for 5% damage is skillful?
|c| TheWreckingSloth|amoongbro so toxic
|
|switch|p2a: Mrs Blobby|Alomomola, M|505\/529
|move|p1a: Bisharp|Knock Off|p2a: Mrs Blobby
|-damage|p2a: Mrs Blobby|365\/529
|-damage|p1a: Bisharp|100\/271|[from] item: Life Orb
|
|turn|46
|c| TheWreckingSloth|can't even play his own team so sad
|c|âAmoongbro|sigh
|c|âAmoongbro|he isnt even a team all he does is spam volt turn with scarfers going for 50hkos
|c|âThisFireBurns|he is saying something bro?
|c|âThisFireBurns|i just \/ignore him
|c|âThisFireBurns|haha
|
|switch|p1a: Rotom-Wash|Rotom-Wash|299\/299
|move|p2a: Mrs Blobby|Scald|p1a: Rotom-Wash
|-resisted|p1a: Rotom-Wash
|-damage|p1a: Rotom-Wash|278\/299
|
|turn|47
|c|âAmoongbro|the fact you sit there and just press the same two buttons over and over and have some sense of achievement is fucking pathetic
|c|âAmoongbro|"water pokemon go to volt switch" - fire burns mantra
|c|âAmoongbro|"chansey go to banded u turn" - fire burns mantra
|c|âAmoongbro|noob
|
|switch|p2a: Baby Blobby|Chansey, F|506\/704
|move|p1a: Rotom-Wash|Volt Switch|p2a: Baby Blobby
|-damage|p2a: Baby Blobby|445\/704
|c| TheWreckingSloth|amoongbro is still spamming insults just because he's losing xD
|c|âAmoongbro|i spammed the isult on turn 1 when it was 6-6
|c|âThisFireBurns|hqhq
|c|âThisFireBurns|haha
|c|âAmoongbro|i spam insults to all volt turners on turn 1
|c|âThisFireBurns|even listening
|c|âThisFireBurns|hahahahaha
|c|âAmoongbro|as soon as i see rotom scizor tflame lando-t i know its gonna be some cock volt turn spam
|c|âAmoongbro|devoid of brain cells its so noob
|
|switch|p1a: Bisharp|Bisharp, F|100\/271
|
|turn|48
|c|âAmoongbro|no wonder he has played 217 matches and lost 90 of them. terrible
|
|switch|p2a: Mrs Blobby|Alomomola, M|529\/529
|move|p1a: Bisharp|Knock Off|p2a: Mrs Blobby
|-damage|p2a: Mrs Blobby|403\/529
|-damage|p1a: Bisharp|73\/271|[from] item: Life Orb
|
|turn|49
|leave|TheWreckingSloth
|
|switch|p1a: Rotom-Wash|Rotom-Wash|278\/299
|move|p2a: Mrs Blobby|Toxic|p1a: Rotom-Wash
|-status|p1a: Rotom-Wash|tox
|
|-damage|p1a: Rotom-Wash|260\/299 tox|[from] psn
|turn|50
|
|switch|p2a: Mr Blobby|Amoonguss, F|432\/432
|move|p1a: Rotom-Wash|Volt Switch|p2a: Mr Blobby
|-resisted|p2a: Mr Blobby
|-damage|p2a: Mr Blobby|390\/432
|c|âAmoongbro|even sloth left
|
|switch|p1a: Talonflame|Talonflame, F|249\/297
|
|turn|51
|c|âAmoongbro|even he got fucking bored of trying to troll
|c|âAmoongbro|even he got bored of watching you fucking volt turn endlessly
|c|âAmoongbro|every fucker gets bored of it
|c|âAmoongbro|every fucker wants to stab themselves in the eyes repeatedly at this cancer 200 turn strat
|
|switch|p2a: Mrs Blobby|Alomomola, M|529\/529
|move|p1a: Talonflame|Brave Bird|p2a: Mrs Blobby
|-damage|p2a: Mrs Blobby|301\/529
|-damage|p1a: Talonflame|174\/297|[from] recoil|[of] p2a: Mrs Blobby
|
|turn|52
|
|switch|p1a: Rotom-Wash|Rotom-Wash|260\/299 tox
|move|p2a: Mrs Blobby|Wish|p2a: Mrs Blobby
|
|-damage|p1a: Rotom-Wash|242\/299 tox|[from] psn
|turn|53
|
|switch|p2a: Baby Blobby|Chansey, F|445\/704
|move|p1a: Rotom-Wash|Volt Switch|p2a: Baby Blobby
|-damage|p2a: Baby Blobby|382\/704
|
|switch|p1a: Landorus-Therian|Landorus-Therian, M|329\/329
|-ability|p1a: Landorus-Therian|Intimidate|[of] p2a: Baby Blobby
|-unboost|p2a: Baby Blobby|atk|1
|
|-heal|p2a: Baby Blobby|646\/704|[from] move: Wish|[wisher] Mrs Blobby
|turn|54
|c|âAmoongbro|like it was obvious i was gonna switch to chansey then you noob fuck
|
|switch|p2a: Fuck Magnezone|Skarmory, M|80\/334
|move|p1a: Landorus-Therian|Stealth Rock|p2a: Fuck Magnezone
|-sidestart|p2: Amoongbro|move: Stealth Rock
|
|turn|55
|c|âAmoongbro|hazard noob fuck
|
|switch|p1a: Rotom-Wash|Rotom-Wash|242\/299 tox
|move|p2a: Fuck Magnezone|Roost|p2a: Fuck Magnezone
|-heal|p2a: Fuck Magnezone|247\/334
|
|-damage|p1a: Rotom-Wash|224\/299 tox|[from] psn
|turn|56
|c|âAmoongbro|absolutely no skill whatsoever
|
|switch|p2a: Mr Blobby|Amoonguss, F|432\/432
|-damage|p2a: Mr Blobby|378\/432|[from] Stealth Rock
|move|p1a: Rotom-Wash|Volt Switch|p2a: Mr Blobby
|-resisted|p2a: Mr Blobby
|-damage|p2a: Mr Blobby|339\/432
|
|switch|p1a: Talonflame|Talonflame, F|174\/297
|
|turn|57
|
|switch|p2a: Mrs Blobby|Alomomola, M|477\/529
|-damage|p2a: Mrs Blobby|411\/529|[from] Stealth Rock
|move|p1a: Talonflame|U-turn|p2a: Mrs Blobby
|-damage|p2a: Mrs Blobby|325\/529
|
|switch|p1a: Gardevoir|Gardevoir, M|47\/277
|-ability|p1a: Gardevoir|Regenerator|[from] ability: Trace|[of] p2a: Mrs Blobby
|
|turn|58
|c|âAmoongbro|ctrl+f 25 volt switches
|c|âAmoongbro|youre fucking pathetic
|
|switch|p1a: Rotom-Wash|Rotom-Wash|224\/299 tox
|switch|p2a: Baby Blobby|Chansey, F|646\/704
|-damage|p2a: Baby Blobby|558\/704|[from] Stealth Rock
|
|-damage|p1a: Rotom-Wash|206\/299 tox|[from] psn
|turn|59
|
|move|p1a: Rotom-Wash|Volt Switch|p2a: Baby Blobby
|-damage|p2a: Baby Blobby|494\/704
|
|switch|p1a: Scizor|Scizor-Mega, F|201\/344
|move|p2a: Baby Blobby|Seismic Toss|p1a: Scizor
|-damage|p1a: Scizor|101\/344
|
|turn|60
|
|switch|p2a: Mrs Blobby|Alomomola, M|501\/529
|-damage|p2a: Mrs Blobby|435\/529|[from] Stealth Rock
|move|p1a: Scizor|U-turn|p2a: Mrs Blobby
|-damage|p2a: Mrs Blobby|335\/529
|c|âAmoongbro|absolute cancer
|
|switch|p1a: Gardevoir|Gardevoir, M|139\/277
|-ability|p1a: Gardevoir|Regenerator|[from] ability: Trace|[of] p2a: Mrs Blobby
|
|turn|61
|c|âAmoongbro|aids
|
|switch|p1a: Rotom-Wash|Rotom-Wash|206\/299 tox
|move|p2a: Mrs Blobby|Protect|p2a: Mrs Blobby
|-fail|p2a: Mrs Blobby
|
|-damage|p1a: Rotom-Wash|188\/299 tox|[from] psn
|turn|62
|
|switch|p2a: Baby Blobby|Chansey, F|494\/704
|-damage|p2a: Baby Blobby|406\/704|[from] Stealth Rock
|move|p1a: Rotom-Wash|Will-O-Wisp|p2a: Baby Blobby
|-status|p2a: Baby Blobby|brn
|
|-damage|p1a: Rotom-Wash|152\/299 tox|[from] psn
|-damage|p2a: Baby Blobby|318\/704 brn|[from] brn
|turn|63
|
|move|p1a: Rotom-Wash|Volt Switch|p2a: Baby Blobby
|-damage|p2a: Baby Blobby|257\/704 brn
|c|âAmoongbro|seriously i hope when you get off here you get fucking run over by a car
|
|switch|p1a: Scizor|Scizor-Mega, F|101\/344
|move|p2a: Baby Blobby|Soft-Boiled|p2a: Baby Blobby
|-heal|p2a: Baby Blobby|609\/704 brn
|
|-damage|p2a: Baby Blobby|521\/704 brn|[from] brn
|turn|64
|c|âAmoongbro|for fucking making everyones life on here a fucking misery
|
|switch|p2a: Mrs Blobby|Alomomola, M|511\/529
|-damage|p2a: Mrs Blobby|445\/529|[from] Stealth Rock
|move|p1a: Scizor|Roost|p1a: Scizor
|-heal|p1a: Scizor|273\/344
|
|turn|65
|c|âAmoongbro|only time any of my matches last this long is when cocks like you spam volt turn and take all the fun out of battling with a cancer 200 pp stall
|c|âAmoongbro|like literally the whole chat is volt switch or u turn
|c|âAmoongbro|ficking fag
|c|âAmoongbro|fucking fag
|
|move|p1a: Scizor|U-turn|p2a: Mrs Blobby
|-damage|p2a: Mrs Blobby|346\/529
|
|switch|p1a: Rotom-Wash|Rotom-Wash|152\/299 tox
|move|p2a: Mrs Blobby|Wish|p2a: Mrs Blobby
|
|-damage|p1a: Rotom-Wash|134\/299 tox|[from] psn
|turn|66
|
|switch|p2a: Baby Blobby|Chansey, F|521\/704
|-damage|p2a: Baby Blobby|433\/704|[from] Stealth Rock
|move|p1a: Rotom-Wash|Rest|p1a: Rotom-Wash
|-status|p1a: Rotom-Wash|slp
|-heal|p1a: Rotom-Wash|299\/299 slp|[silent]
|-status|p1a: Rotom-Wash|slp|[from] move: Rest
|
|-heal|p2a: Baby Blobby|697\/704|[from] move: Wish|[wisher] Mrs Blobby
|turn|67
|
|cant|p1a: Rotom-Wash|slp
|move|p2a: Baby Blobby|Heal Bell|p2a: Baby Blobby
|-cureteam|p2a: Baby Blobby|[from] move: HealBell
|
|turn|68
|
|cant|p1a: Rotom-Wash|slp
|move|p2a: Baby Blobby|Seismic Toss|p1a: Rotom-Wash
|-damage|p1a: Rotom-Wash|199\/299 slp
|
|turn|69
|
|-curestatus|p1a: Rotom-Wash|slp
|move|p1a: Rotom-Wash|Volt Switch|p2a: Baby Blobby
|-damage|p2a: Baby Blobby|627\/704
|c|âAmoongbro|whats wrong with your fucking brain
|
|switch|p1a: Scizor|Scizor-Mega, F|273\/344
|move|p2a: Baby Blobby|Seismic Toss|p1a: Scizor
|-damage|p1a: Scizor|173\/344
|
|turn|70
|c|âAmoongbro|how the fuck can you sit there and just do volt switch and u turn for 200 turns
|
|switch|p2a: Mrs Blobby|Alomomola, M|522\/529
|-damage|p2a: Mrs Blobby|456\/529|[from] Stealth Rock
|move|p1a: Scizor|U-turn|p2a: Mrs Blobby
|-damage|p2a: Mrs Blobby|357\/529
|c|âAmoongbro|so noob
|c|âAmoongbro|cant make one fucking play
|c|âAmoongbro|needs a fucking free switch from said moves
|c|âAmoongbro|70 turns in and hasnt made one fucking play
|
|switch|p1a: Gardevoir|Gardevoir, M|231\/277
|-ability|p1a: Gardevoir|Regenerator|[from] ability: Trace|[of] p2a: Mrs Blobby
|
|turn|71
|c|âAmoongbro|only kill came from a u turn on switch
|
|switch|p2a: Baby Blobby|Chansey, F|627\/704
|-damage|p2a: Baby Blobby|539\/704|[from] Stealth Rock
|move|p1a: Gardevoir|Moonblast|p2a: Baby Blobby
|-damage|p2a: Baby Blobby|430\/704
|
|turn|72
|join|TheWreckingSloth
|
|move|p1a: Gardevoir|Psyshock|p2a: Baby Blobby
|-damage|p2a: Baby Blobby|229\/704
|move|p2a: Baby Blobby|Soft-Boiled|p2a: Baby Blobby
|-heal|p2a: Baby Blobby|581\/704
|
|turn|73
|
|move|p1a: Gardevoir|Psyshock|p2a: Baby Blobby
|-damage|p2a: Baby Blobby|395\/704
|move|p2a: Baby Blobby|Seismic Toss|p1a: Gardevoir
|-damage|p1a: Gardevoir|131\/277
|
|turn|74
|c|âAmoongbro|why the fuck would you return to this cancer
|
|switch|p1a: Scizor|Scizor-Mega, F|173\/344
|move|p2a: Baby Blobby|Soft-Boiled|p2a: Baby Blobby
|-heal|p2a: Baby Blobby|704\/704
|
|turn|75
|
|switch|p2a: Fuck Magnezone|Skarmory, M|247\/334
|-damage|p2a: Fuck Magnezone|206\/334|[from] Stealth Rock
|move|p1a: Scizor|Roost|p1a: Scizor
|-heal|p1a: Scizor|344\/344
|
|turn|76
|
|move|p1a: Scizor|U-turn|p2a: Fuck Magnezone
|-resisted|p2a: Fuck Magnezone
|-damage|p2a: Fuck Magnezone|191\/334
|c|âAmoongbro|the log is just u turn and volt switch for 77 turns....why the fuck would anyone return to watch this match
|
|switch|p1a: Bisharp|Bisharp, F|73\/271
|move|p2a: Fuck Magnezone|Defog|p1a: Bisharp
|-unboost|p1a: Bisharp|evasion|1
|-boost|p1a: Bisharp|atk|2|[from] ability: Defiant
|-sideend|p2: Amoongbro|Stealth Rock|[from] move: Defog|[of] p2a: Fuck Magnezone
|
|turn|77
|c| TheWreckingSloth|to get more info from your team tho
|
|switch|p2a: Uncle Blobby|Quagsire, M, shiny|345\/394
|move|p1a: Bisharp|Knock Off|p2a: Uncle Blobby
|-damage|p2a: Uncle Blobby|220\/394
|-damage|p1a: Bisharp|46\/271|[from] item: Life Orb
|
|turn|78
|c|âAmoongbro|well my team is shit according to you
|c| TheWreckingSloth|no you are shit
|c| TheWreckingSloth|the team is good
|c|âAmoongbro|im the one that made the team
|c|âThisFireBurns|he is talking?
|c|âAmoongbro|irony?
|c|âAmoongbro|i made the team you idiot lol
|c| TheWreckingSloth|he is talking
|c| TheWreckingSloth|but it ok
|
|switch|p1a: Rotom-Wash|Rotom-Wash|199\/299
|move|p2a: Uncle Blobby|Recover|p2a: Uncle Blobby
|-heal|p2a: Uncle Blobby|394\/394
|
|turn|79
|c|âAmoongbro|you're just a team stealer sloth
|c|âAmoongbro|you begged me to give you the team yesterday in pms
|c| TheWreckingSloth|what?
|c|âAmoongbro|i made the team yet you think im shit lol
|c| TheWreckingSloth|you are good in making team
|c| TheWreckingSloth|but you play them so bad
|c| TheWreckingSloth|it's sad
|c|âThisFireBurns|TheWreckingSloth just \/ignore him
|c|âAmoongbro|why dont you just go and look up standard sets for all these pokmeon
|c|âThisFireBurns|;)
|c| TheWreckingSloth|no i like anoying htis guy xD
|c|âAmoongbro|the fact you need to come here and watch is testament to how good you think i am lol
|c|âThisFireBurns|jaja
|c|âThisFireBurns|he needs to learn the game
|
|switch|p2a: Baby Blobby|Chansey, F|704\/704
|move|p1a: Rotom-Wash|Will-O-Wisp|p2a: Baby Blobby
|-status|p2a: Baby Blobby|brn
|
|-damage|p2a: Baby Blobby|616\/704 brn|[from] brn
|turn|80
|c|âAmoongbro|lol
|c| TheWreckingSloth|I just said it do i have to repeat amoong?
|c|âAmoongbro|my ranks are way better than all of you
|c| TheWreckingSloth|i just started
|
|switch|p1a: Scizor|Scizor-Mega, F|344\/344
|switch|p2a: Mr Blobby|Amoonguss, F|432\/432
|
|turn|81
|c| TheWreckingSloth|with this team
|c| TheWreckingSloth|but i won a lot since i know how to play
|c|âAmoongbro|dude i went 32-3 with this account. i usually go like that till around mid 1500s on any account i create
|
|switch|p2a: Mrs Blobby|Alomomola, M|529\/529
|move|p1a: Scizor|U-turn|p2a: Mrs Blobby
|-damage|p2a: Mrs Blobby|436\/529
|c| TheWreckingSloth|u suuuuuuck
|c|âAmoongbro|you have no idea how long ive had this team for
|
|switch|p1a: Gardevoir|Gardevoir, M|223\/277
|-ability|p1a: Gardevoir|Regenerator|[from] ability: Trace|[of] p2a: Mrs Blobby
|
|turn|82
|c|âAmoongbro|um so in your eyes being good is staying in with skarmory on volt turns
|c| TheWreckingSloth|if you had it for that long then why don't you know how to predict properly
|c|âAmoongbro|^awesome
|c|âThisFireBurns|they dont know how to play
|c|âThisFireBurns|and this team he doenst create
|c|âAmoongbro|dude what is mola against a scizor using toxic...and rotom comes in
|c|âAmoongbro|dmb fuck
|c|âThisFireBurns|the copy from somewhere
|
|switch|p2a: Baby Blobby|Chansey, F|616\/704
|move|p1a: Gardevoir|Moonblast|p2a: Baby Blobby
|-damage|p2a: Baby Blobby|501\/704
|
|turn|83
|c|âThisFireBurns|from a really good player
|c| TheWreckingSloth|i know fire but i did kinda the same thing xD
|c|âAmoongbro|youre so stupid
|c| TheWreckingSloth|tired of playing sweeper teams
|c|âThisFireBurns|but i bet you are a good player
|c|âAmoongbro|you can try and find this "really good" players team all you want
|c|âThisFireBurns|he isint
|
|switch|p1a: Scizor|Scizor-Mega, F|344\/344
|move|p2a: Baby Blobby|Seismic Toss|p1a: Scizor
|-damage|p1a: Scizor|244\/344
|
|turn|84
|c|âAmoongbro|but its my team that ive had since start of gen 5. original sableye became mega
|c| TheWreckingSloth|well good not really
|c| TheWreckingSloth|but not this bad
|
|switch|p2a: Mrs Blobby|Alomomola, M|529\/529
|move|p1a: Scizor|U-turn|p2a: Mrs Blobby
|-damage|p2a: Mrs Blobby|432\/529
|c|âThisFireBurns|better tham him
|c|âThisFireBurns|offcourse
|c|âThisFireBurns|jaja
|c|âAmoongbro|i find it hilarious you are talking with someone about what is good and that person has used volt switch 60 times
|
|switch|p1a: Gardevoir|Gardevoir, M|277\/277
|-ability|p1a: Gardevoir|Regenerator|[from] ability: Trace|[of] p2a: Mrs Blobby
|
|turn|85
|
|switch|p2a: Baby Blobby|Chansey, F|501\/704
|move|p1a: Gardevoir|Psyshock|p2a: Baby Blobby
|-damage|p2a: Baby Blobby|290\/704
|
|turn|86
|
|move|p1a: Gardevoir|Psyshock|p2a: Baby Blobby
|-damage|p2a: Baby Blobby|83\/704
|move|p2a: Baby Blobby|Soft-Boiled|p2a: Baby Blobby
|-heal|p2a: Baby Blobby|435\/704
|
|turn|87
|
|switch|p1a: Scizor|Scizor-Mega, F|244\/344
|move|p2a: Baby Blobby|Toxic|p1a: Scizor
|-fail|p1a: Scizor
|
|turn|88
|leave|TheWreckingSloth
|c|âAmoongbro|skamory in against rotom...every single time he used volt switch and i switched to predict it...there was one alternative...stay in and die....thats your prdiction method sloth? pathetic
|
|switch|p2a: Mrs Blobby|Alomomola, M|529\/529
|move|p1a: Scizor|U-turn|p2a: Mrs Blobby
|-damage|p2a: Mrs Blobby|427\/529
|
|switch|p1a: Gardevoir|Gardevoir, M|277\/277
|-ability|p1a: Gardevoir|Regenerator|[from] ability: Trace|[of] p2a: Mrs Blobby
|
|turn|89
|c|âAmoongbro|the funny thing is he doesnt realise that every single u turn and volt switch he does is tanked by something that it does like 5% damage to....so he has lost 89 predictions
|
|switch|p2a: Baby Blobby|Chansey, F|435\/704
|move|p1a: Gardevoir|Moonblast|p2a: Baby Blobby
|-damage|p2a: Baby Blobby|311\/704
|-unboost|p2a: Baby Blobby|spa|1
|
|turn|90
|
|move|p1a: Gardevoir|Psyshock|p2a: Baby Blobby
|-damage|p2a: Baby Blobby|125\/704
|move|p2a: Baby Blobby|Soft-Boiled|p2a: Baby Blobby
|-heal|p2a: Baby Blobby|477\/704
|
|turn|91
|c|âAmoongbro|all he is doing is just pp stall over 200 turns, which i said on turn 1
|c|âAmoongbro|thats why i booted off
|
|switch|p1a: Scizor|Scizor-Mega, F|244\/344
|move|p2a: Baby Blobby|Soft-Boiled|p2a: Baby Blobby
|-heal|p2a: Baby Blobby|704\/704
|
|turn|92
|c|âAmoongbro|ive got enough experience to know what this noob cock does
|
|switch|p2a: Mrs Blobby|Alomomola, M|529\/529
|move|p1a: Scizor|U-turn|p2a: Mrs Blobby
|-damage|p2a: Mrs Blobby|436\/529
|
|switch|p1a: Gardevoir|Gardevoir, M|277\/277
|-ability|p1a: Gardevoir|Regenerator|[from] ability: Trace|[of] p2a: Mrs Blobby
|
|turn|93
|c|âAmoongbro|oh wait lets stay in on a banded u turn from scizor....awesome predict
|
|switch|p2a: Baby Blobby|Chansey, F|704\/704
|move|p1a: Gardevoir|Moonblast|p2a: Baby Blobby
|-damage|p2a: Baby Blobby|590\/704
|
|turn|94
|c|âAmoongbro|this match...is just70 volt switches and 40 u turns and me just switching
|c|âAmoongbro|cancer
|c|âAmoongbro|i predict you dumb fuck
|
|switch|p1a: Scizor|Scizor-Mega, F|244\/344
|move|p2a: Baby Blobby|Seismic Toss|p1a: Scizor
|-damage|p1a: Scizor|144\/344
|
|turn|95
|
|switch|p2a: Fuck Magnezone|Skarmory, M|191\/334
|move|p1a: Scizor|U-turn|p2a: Fuck Magnezone
|-resisted|p2a: Fuck Magnezone
|-damage|p2a: Fuck Magnezone|174\/334
|
|switch|p1a: Rotom-Wash|Rotom-Wash|199\/299
|
|turn|96
|
|switch|p2a: Baby Blobby|Chansey, F|590\/704
|move|p1a: Rotom-Wash|Volt Switch|p2a: Baby Blobby
|-damage|p2a: Baby Blobby|524\/704
|c|âAmoongbro|both moves have 32 pp. pp stalling noob poopyhead
|
|switch|p1a: Scizor|Scizor-Mega, F|144\/344
|
|turn|97
|c|âAmoongbro|ive won these matches before but it takes like 200 turns
|
|switch|p2a: Mrs Blobby|Alomomola, M|529\/529
|move|p1a: Scizor|U-turn|p2a: Mrs Blobby
|-damage|p2a: Mrs Blobby|439\/529
|c|âAmoongbro|thats why i called you a fucking fag on turn 1 cause you are
|
|switch|p1a: Gardevoir|Gardevoir, M|277\/277
|-ability|p1a: Gardevoir|Regenerator|[from] ability: Trace|[of] p2a: Mrs Blobby
|
|turn|98
|
|switch|p2a: Baby Blobby|Chansey, F|524\/704
|move|p1a: Gardevoir|Moonblast|p2a: Baby Blobby
|-damage|p2a: Baby Blobby|418\/704
|-unboost|p2a: Baby Blobby|spa|1
|
|turn|99
|
|move|p1a: Gardevoir|Psyshock|p2a: Baby Blobby
|-damage|p2a: Baby Blobby|226\/704
|move|p2a: Baby Blobby|Soft-Boiled|p2a: Baby Blobby
|-heal|p2a: Baby Blobby|578\/704
|
|turn|100
|
|move|p1a: Gardevoir|Psyshock|p2a: Baby Blobby
|-damage|p2a: Baby Blobby|367\/704
|move|p2a: Baby Blobby|Toxic|p1a: Gardevoir|[miss]
|-miss|p2a: Baby Blobby|p1a: Gardevoir
|
|turn|101
|c|âAmoongbro|sigh
|c|âAmoongbro|noob fuck
|
|move|p1a: Gardevoir|Psyshock|p2a: Baby Blobby
|-damage|p2a: Baby Blobby|162\/704
|move|p2a: Baby Blobby|Soft-Boiled|p2a: Baby Blobby
|-heal|p2a: Baby Blobby|514\/704
|
|turn|102
|
|switch|p1a: Scizor|Scizor-Mega, F|144\/344
|move|p2a: Baby Blobby|Toxic|p1a: Scizor
|-fail|p1a: Scizor
|
|turn|103
|
|switch|p2a: Fuck Magnezone|Skarmory, M|174\/334
|move|p1a: Scizor|U-turn|p2a: Fuck Magnezone
|-resisted|p2a: Fuck Magnezone
|-damage|p2a: Fuck Magnezone|157\/334
|c|âAmoongbro|5.1%
|c|âAmoongbro|20hko
|c|âAmoongbro|turn 103
|c|âAmoongbro|just kill yourself
|c|âAmoongbro|you're a waste of oxygen
|
|switch|p1a: Rotom-Wash|Rotom-Wash|199\/299
|
|turn|104
|
|switch|p2a: Baby Blobby|Chansey, F|514\/704
|move|p1a: Rotom-Wash|Volt Switch|p2a: Baby Blobby
|-damage|p2a: Baby Blobby|448\/704
|
|switch|p1a: Scizor|Scizor-Mega, F|144\/344
|
|turn|105
|
|switch|p2a: Mrs Blobby|Alomomola, M|529\/529
|move|p1a: Scizor|U-turn|p2a: Mrs Blobby
|-damage|p2a: Mrs Blobby|438\/529
|
|switch|p1a: Gardevoir|Gardevoir, M|277\/277
|-ability|p1a: Gardevoir|Regenerator|[from] ability: Trace|[of] p2a: Mrs Blobby
|
|turn|106
|
|switch|p2a: Baby Blobby|Chansey, F|448\/704
|move|p1a: Gardevoir|Psyshock|p2a: Baby Blobby
|-damage|p2a: Baby Blobby|255\/704
|
|turn|107
|
|move|p1a: Gardevoir|Psyshock|p2a: Baby Blobby
|-damage|p2a: Baby Blobby|62\/704
|move|p2a: Baby Blobby|Soft-Boiled|p2a: Baby Blobby
|-heal|p2a: Baby Blobby|414\/704
|
|turn|108
|
|move|p1a: Gardevoir|Psyshock|p2a: Baby Blobby
|-damage|p2a: Baby Blobby|224\/704
|move|p2a: Baby Blobby|Soft-Boiled|p2a: Baby Blobby
|-heal|p2a: Baby Blobby|576\/704
|
|turn|109
|
|switch|p1a: Scizor|Scizor-Mega, F|144\/344
|move|p2a: Baby Blobby|Toxic|p1a: Scizor
|-fail|p1a: Scizor
|
|turn|110
|
|switch|p2a: Mrs Blobby|Alomomola, M|529\/529
|move|p1a: Scizor|U-turn|p2a: Mrs Blobby
|-damage|p2a: Mrs Blobby|438\/529
|
|switch|p1a: Gardevoir|Gardevoir, M|277\/277
|-ability|p1a: Gardevoir|Regenerator|[from] ability: Trace|[of] p2a: Mrs Blobby
|
|turn|111
|c|âAmoongbro|WANNA KNOW HOW NOOB YOU ARE?
|c|âAmoongbro|THE ONLY THING YOU KNOW WHAT TO DO AGAINST A STALL TEAM IS PP STALL FOR 200 TURNS WITH VOLT TURN
|
|move|p2a: Mrs Blobby|Protect|p2a: Mrs Blobby
|-singleturn|p2a: Mrs Blobby|Protect
|move|p1a: Gardevoir|Moonblast|p2a: Mrs Blobby
|-activate|p2a: Mrs Blobby|Protect
|
|turn|112
|
|switch|p2a: Uncle Blobby|Quagsire, M, shiny|394\/394
|move|p1a: Gardevoir|Moonblast|p2a: Uncle Blobby
|-damage|p2a: Uncle Blobby|154\/394
|
|turn|113
|
|move|p1a: Gardevoir|Moonblast|p2a: Uncle Blobby
|-damage|p2a: Uncle Blobby|0 fnt
|faint|p2a: Uncle Blobby
|
|
|switch|p2a: Mrs Blobby|Alomomola, M|529\/529
|turn|114
|
|move|p2a: Mrs Blobby|Protect|p2a: Mrs Blobby
|-singleturn|p2a: Mrs Blobby|Protect
|move|p1a: Gardevoir|Moonblast|p2a: Mrs Blobby
|-activate|p2a: Mrs Blobby|Protect
|
|turn|115
|
|switch|p2a: Baby Blobby|Chansey, F|576\/704
|move|p1a: Gardevoir|Moonblast|p2a: Baby Blobby
|-damage|p2a: Baby Blobby|450\/704
|-unboost|p2a: Baby Blobby|spa|1
|
|turn|116
|
|switch|p1a: Scizor|Scizor-Mega, F|144\/344
|move|p2a: Baby Blobby|Toxic|p1a: Scizor|[miss]
|-miss|p2a: Baby Blobby|p1a: Scizor
|
|turn|117
|
|switch|p2a: Mrs Blobby|Alomomola, M|529\/529
|move|p1a: Scizor|U-turn|p2a: Mrs Blobby
|-damage|p2a: Mrs Blobby|438\/529
|c|âAmoongbro|FUCKING AIDS NOOB
|c|âAmoongbro|FUCKING AIDS NOOB
|c|âAmoongbro|FUCKING AIDS NOOB
|c|âAmoongbro|FUCKING AIDS NOOB
|c|âAmoongbro|FUCKING AIDS NOOB
|c|âAmoongbro|FUCKING AIDS NOOB
|
|switch|p1a: Gardevoir|Gardevoir, M|277\/277
|-ability|p1a: Gardevoir|Regenerator|[from] ability: Trace|[of] p2a: Mrs Blobby
|
|turn|118
|c|âAmoongbro|200 TURN AIDS NOOB
|c|âAmoongbro|200 TURN AIDS NOOB
|c|âAmoongbro|200 TURN AIDS NOOB
|c|âAmoongbro|200 TURN AIDS NOOB
|c|âAmoongbro|200 TURN AIDS NOOB
|
|move|p2a: Mrs Blobby|Protect|p2a: Mrs Blobby
|-singleturn|p2a: Mrs Blobby|Protect
|move|p1a: Gardevoir|Moonblast|p2a: Mrs Blobby
|-activate|p2a: Mrs Blobby|Protect
|
|turn|119
|
|switch|p2a: Mr Blobby|Amoonguss, F|432\/432
|move|p1a: Gardevoir|Moonblast|p2a: Mr Blobby
|-resisted|p2a: Mr Blobby
|-damage|p2a: Mr Blobby|359\/432
|-unboost|p2a: Mr Blobby|spa|1
|
|turn|120
|
|switch|p2a: Mrs Blobby|Alomomola, M|529\/529
|move|p1a: Gardevoir|Psyshock|p2a: Mrs Blobby
|-damage|p2a: Mrs Blobby|397\/529
|
|turn|121
|c|âAmoongbro|THATS HOW FUCKING NOOB YOU ARE
|c|âAmoongbro|LAST TWO TURNS OUTPREDICTED OUTSIDE OF THE 115 VOLT TURNS YOU HAVE BEEN PREDICTED ON
|c|âAmoongbro|FUCKING NOOB
|c|âAmoongbro|LEARN HOW TO PREDICT
|c|âAmoongbro|LEARN HOW TO PREDICT
|
|move|p2a: Mrs Blobby|Protect|p2a: Mrs Blobby
|-singleturn|p2a: Mrs Blobby|Protect
|move|p1a: Gardevoir|Moonblast|p2a: Mrs Blobby
|-activate|p2a: Mrs Blobby|Protect
|
|turn|122
|
|switch|p2a: Baby Blobby|Chansey, F|450\/704
|move|p1a: Gardevoir|Moonblast|p2a: Baby Blobby
|-damage|p2a: Baby Blobby|342\/704
|-unboost|p2a: Baby Blobby|spa|1
|
|turn|123
|
|switch|p1a: Scizor|Scizor-Mega, F|144\/344
|move|p2a: Baby Blobby|Soft-Boiled|p2a: Baby Blobby
|-heal|p2a: Baby Blobby|694\/704
|
|turn|124
|
|switch|p2a: Mrs Blobby|Alomomola, M|529\/529
|move|p1a: Scizor|U-turn|p2a: Mrs Blobby
|-damage|p2a: Mrs Blobby|427\/529
|
|switch|p1a: Rotom-Wash|Rotom-Wash|199\/299
|
|turn|125
|c|âAmoongbro|HOW FUCKING SAD IS YOUR LIFE THAT YOU HAVE TO SIT ON A POKEMON SIM SPAMMING VOLT TURN FOR OVER AN HOUR FOR A WIN
|c|âAmoongbro|HOW FUCKING SAD IS YOUR LIFE THAT YOU HAVE TO SIT ON A POKEMON SIM SPAMMING VOLT TURN FOR OVER AN HOUR FOR A WIN
|c|âAmoongbro|HOW FUCKING SAD IS YOUR LIFE THAT YOU HAVE TO SIT ON A POKEMON SIM SPAMMING VOLT TURN FOR OVER AN HOUR FOR A WIN
|c|âAmoongbro|CANCERS LIKE YOU COMPLETELY REMOVE ALL THE FUN OUT OF THIS GAME. NONE OF MY MATCHES LAST MORE THAN 30-40 TURNS AND IM FULL STALL. VOLT TURN SPAM NOOB CANCER
|
|switch|p2a: Baby Blobby|Chansey, F|694\/704
|move|p1a: Rotom-Wash|Volt Switch|p2a: Baby Blobby
|-damage|p2a: Baby Blobby|627\/704
|
|switch|p1a: Scizor|Scizor-Mega, F|144\/344
|
|turn|126
|c|âAmoongbro|THE ONLY TIME ANY OF MY MATCHES GO THIS LONG IS WHEN ITS A NOOB FUCK LIKE YOU WHO DOES ONLY VOLT SWITCH AND U TURN. PATHETIC AIDS
|
|switch|p2a: Mrs Blobby|Alomomola, M|529\/529
|move|p1a: Scizor|U-turn|p2a: Mrs Blobby
|-damage|p2a: Mrs Blobby|429\/529
|
|switch|p1a: Rotom-Wash|Rotom-Wash|199\/299
|
|turn|127
|
|switch|p2a: Baby Blobby|Chansey, F|627\/704
|move|p1a: Rotom-Wash|Volt Switch|p2a: Baby Blobby
|-damage|p2a: Baby Blobby|561\/704
|
|switch|p1a: Landorus-Therian|Landorus-Therian, M|329\/329
|-ability|p1a: Landorus-Therian|Intimidate|[of] p2a: Baby Blobby
|-unboost|p2a: Baby Blobby|atk|1
|
|turn|128
|
|switch|p2a: Fuck Magnezone|Skarmory, M|157\/334
|move|p1a: Landorus-Therian|U-turn|p2a: Fuck Magnezone
|-resisted|p2a: Fuck Magnezone
|-damage|p2a: Fuck Magnezone|143\/334
|c|âAmoongbro|NOOB FUCK
|c|âAmoongbro|NOOB FUCK
|c|âAmoongbro|NOOB FUCK
|
|switch|p1a: Gardevoir|Gardevoir, M|277\/277
|-ability|p1a: Gardevoir|Sturdy|[from] ability: Trace|[of] p2a: Fuck Magnezone
|
|turn|129
|c|âAmoongbro|75 of the moes in this match have been you volt turning. out of 129 thats fucking pathetic
|
|switch|p2a: Baby Blobby|Chansey, F|561\/704
|move|p1a: Gardevoir|Focus Blast|p2a: Baby Blobby
|-supereffective|p2a: Baby Blobby
|-damage|p2a: Baby Blobby|349\/704
|
|turn|130
|
|move|p1a: Gardevoir|Focus Blast|p2a: Baby Blobby
|-supereffective|p2a: Baby Blobby
|-damage|p2a: Baby Blobby|159\/704
|move|p2a: Baby Blobby|Toxic|p1a: Gardevoir
|-status|p1a: Gardevoir|tox
|
|-damage|p1a: Gardevoir|260\/277 tox|[from] psn
|turn|131
|
|switch|p2a: Mr Blobby|Amoonguss, F|432\/432
|move|p1a: Gardevoir|Psyshock|p2a: Mr Blobby
|-crit|p2a: Mr Blobby
|-supereffective|p2a: Mr Blobby
|-damage|p2a: Mr Blobby|0 fnt
|faint|p2a: Mr Blobby
|
|-damage|p1a: Gardevoir|226\/277 tox|[from] psn
|c|âAmoongbro|absolte noob fuck
|c|âThisFireBurns|take that bro!
|c|âAmoongbro|CRIT NOOB
|c|âAmoongbro|CRIT NOOB
|c|âAmoongbro|CRIT NOOB
|c|âAmoongbro|CRIT NOOB
|c|âAmoongbro|CRIT NOOB
|c|âThisFireBurns|jajajajajajaja
|c|âAmoongbro|CRIT NOOB
|c|âAmoongbro|CRIT NOOB
|c|âAmoongbro|CRIT NOOB
|c|âAmoongbro|CRIT NOOB
|c|âAmoongbro|FUCKING NOOB
|c|âAmoongbro|FUCKING NOOB
|c|âAmoongbro|FUCKING NOOB
|c|âAmoongbro|FUCKING NOOB
|c|âAmoongbro|FUCKING NOOB
|c|âAmoongbro|FUCKING NOOB
|c|âAmoongbro|VCANCER FUCKING NOOB
|c|âAmoongbro|VCANCER FUCKING NOOB
|c|âAmoongbro|VCANCER FUCKING NOOB
|c|âAmoongbro|VCANCER FUCKING NOOB
|c|âAmoongbro|VCANCER FUCKING NOOB
|c|âAmoongbro|VCANCER FUCKING NOOB
|c|âAmoongbro|VCANCER FUCKING NOOB
|
|switch|p2a: Baby Blobby|Chansey, F|159\/704
|turn|132
|c|âAmoongbro|YOU HAVE NO FUCKING LIFE
|
|switch|p2a: Fuck Magnezone|Skarmory, M|143\/334
|move|p1a: Gardevoir|Psyshock|p2a: Fuck Magnezone
|-resisted|p2a: Fuck Magnezone
|-damage|p2a: Fuck Magnezone|103\/334
|
|-damage|p1a: Gardevoir|175\/277 tox|[from] psn
|turn|133
|c|âAmoongbro|YOURE A FUCKING NOOB AT THIS GAME YOU STAYED ON A SIM FOR 2 HOURS SPAMMING TWO MOVES
|c|âAmoongbro|YOU FUCKING SUCK
|
|move|p1a: Gardevoir|Focus Blast|p2a: Fuck Magnezone
|-damage|p2a: Fuck Magnezone|0 fnt
|faint|p2a: Fuck Magnezone
|
|-damage|p1a: Gardevoir|107\/277 tox|[from] psn
|c|âAmoongbro|GG YOU FUCKING SLUG
|c|âAmoongbro|CRETIN
|c|âAmoongbro|FUCKING NOOB
|c|âAmoongbro|NO SKILL
|c|âAmoongbro|NO LIFE
|
|switch|p2a: Mrs Blobby|Alomomola, M|529\/529
|turn|134
|c|âThisFireBurns|gg easy
|c|âThisFireBurns|gg bro
|c|âThisFireBurns|easy
|c|âAmoongbro|TOLD YOU ON TURN ONE THAT YOU WOULD BE A FUCKING 150 TURN CANCER
|c|âAmoongbro|EASY?
|
|switch|p1a: Rotom-Wash|Rotom-Wash|199\/299
|move|p2a: Mrs Blobby|Protect|p2a: Mrs Blobby
|-fail|p2a: Mrs Blobby
|
|turn|135
|c|âAmoongbro|YOU FUCKING SPAMMED TWO MOVES AND WON CAUSE OF PP
|c|âThisFireBurns|gg easy
|c|âAmoongbro|EASY?
|c|âThisFireBurns|good game
|c|âAmoongbro|DUMB ASS
|c|âAmoongbro|EASY
|c|âAmoongbro|EASY
|c|âAmoongbro|EASY
|c|âAmoongbro|EASY
|c|âAmoongbro|EASY
|c|âAmoongbro|EASY
|c|âAmoongbro|YOU WON BY VIRTUE OF A PP STALL OVER 150 TURNS
|c|âAmoongbro|YOU WON BY VIRTUE OF A PP STALL OVER 150 TURNS
|c|âAmoongbro|YOU WON BY VIRTUE OF A PP STALL OVER 150 TURNS
|c|âAmoongbro|YOU WON BY VIRTUE OF A PP STALL OVER 150 TURNS
|c|âAmoongbro|YOU WON BY VIRTUE OF A PP STALL OVER 150 TURNS
|c|âThisFireBurns|go learn how to play and come back
|c|âAmoongbro|CANCER
|c|âThisFireBurns|see yah bro
|c|âThisFireBurns|gg easy
|c|âThisFireBurns|gg easy
|
|move|p1a: Rotom-Wash|Volt Switch|p2a: Mrs Blobby
|-supereffective|p2a: Mrs Blobby
|-damage|p2a: Mrs Blobby|191\/529
|c|âThisFireBurns|skill >>>> stall
|c|âAmoongbro|NOTHING YOU DID WAS SKILLFUL
|c|âThisFireBurns|skill >>> copy a team
|c|âAmoongbro|YOU SPAMMED TWO MOVES OVER AND OVER AND HAD MORE PP
|c|âThisFireBurns|GG bro
|
|switch|p1a: Gardevoir|Gardevoir, M|107\/277 tox
|-ability|p1a: Gardevoir|Regenerator|[from] ability: Trace|[of] p2a: Mrs Blobby
|move|p2a: Mrs Blobby|Toxic|p1a: Gardevoir|[miss]
|-miss|p2a: Mrs Blobby|p1a: Gardevoir
|
|-damage|p1a: Gardevoir|90\/277 tox|[from] psn
|turn|136
|c|âThisFireBurns|GG good game
|c|âThisFireBurns|gg
|c|âThisFireBurns|good game
|
|switch|p1a: Rotom-Wash|Rotom-Wash|199\/299
|move|p2a: Mrs Blobby|Protect|p2a: Mrs Blobby
|-fail|p2a: Mrs Blobby
|
|turn|137
|
|switch|p2a: Baby Blobby|Chansey, F|159\/704
|move|p1a: Rotom-Wash|Volt Switch|p2a: Baby Blobby
|-damage|p2a: Baby Blobby|89\/704
|c|âAmoongbro|SO BAD
|c|âAmoongbro|ONE OF THE WORST PLAYERS ON THIS SIM
|c|âThisFireBurns|gg easy
|c|âThisFireBurns|good game
|
|switch|p1a: Talonflame|Talonflame, F|174\/297
|
|turn|138
|c|âAmoongbro|YOURE RANK SAYS IT ALL
|c|âThisFireBurns|predict
|c|âThisFireBurns|predict
|c|âThisFireBurns|good game
|c|âThisFireBurns|gg
|
|switch|p2a: Mrs Blobby|Alomomola, M|367\/529
|move|p1a: Talonflame|Brave Bird|p2a: Mrs Blobby
|-damage|p2a: Mrs Blobby|157\/529
|-damage|p1a: Talonflame|105\/297|[from] recoil|[of] p2a: Mrs Blobby
|
|turn|139
|c|âThisFireBurns|see yah
|c|âThisFireBurns|gg
|-message|Amoongbro forfeited.
|leave|Amoongbro
|
|win|ThisFireBurns
|raw|Ladder updating...
|player|p2
|raw|ThisFireBurns's rating: 1624 &rarr; <strong>1643<\/strong><br \/>(+19 for winning)
|raw|Amoongbro's rating: 1597 &rarr; <strong>1579<\/strong><br \/>(-18 for losing)