|join|Amoongbro
|join|PandemoniumHeart
|player|p1|Amoongbro|1
|player|p2|PandemoniumHeart|52
|gametype|singles
|gen|6
|tier|OU
|rated
|clearpoke
|poke|p1|Chansey, F, shiny
|poke|p1|Skarmory, M, shiny
|poke|p1|Alomomola, M, shiny
|poke|p1|Amoonguss, F, shiny
|poke|p1|Quagsire, M, shiny
|poke|p1|Sableye, M, shiny
|poke|p2|Politoed, M
|poke|p2|Swampert, M
|poke|p2|Kingdra, F
|poke|p2|Togekiss, M
|poke|p2|Dragonite, M
|poke|p2|Ferrothorn, F
|rule|Swagger Clause: Swagger is banned
|rule|Baton Pass Clause: Limit one PokÃ©mon knowing Baton Pass
|rule|Sleep Clause Mod: Limit one foe put to sleep
|rule|Species Clause: Limit one of each PokÃ©mon
|rule|OHKO Clause: OHKO moves are banned
|rule|Moody Clause: Moody is banned
|rule|Evasion Moves Clause: Evasion moves are banned
|rule|Endless Battle Clause: Forcing endless battles is banned
|rule|HP Percentage Mod: HP is shown in percentages
|teampreview
|
|start
|switch|p1a: Not Mega|Sableye, M, shiny|304\/304
|switch|p2a: Togekiss|Togekiss, M|373\/373
|turn|1
|
|switch|p1a: Baby Blobby|Chansey, F, shiny|704\/704
|move|p2a: Togekiss|Air Slash|p1a: Baby Blobby
|-damage|p1a: Baby Blobby|632\/704
|
|turn|2
|
|switch|p2a: Ferrothorn|Ferrothorn, F|352\/352
|switch|p1a: Fuck Magnezone|Skarmory, M, shiny|334\/334
|
|turn|3
|
|move|p1a: Fuck Magnezone|Stealth Rock|p2a: Ferrothorn
|-sidestart|p2: PandemoniumHeart|move: Stealth Rock
|move|p2a: Ferrothorn|Stealth Rock|p1a: Fuck Magnezone
|-sidestart|p1: Amoongbro|move: Stealth Rock
|
|turn|4
|
|switch|p1a: Not Mega|Sableye, M, shiny|304\/304
|-damage|p1a: Not Mega|266\/304|[from] Stealth Rock
|move|p2a: Ferrothorn|Leech Seed|p1a: Not Mega
|-start|p1a: Not Mega|move: Leech Seed
|
|-damage|p1a: Not Mega|228\/304|[from] Leech Seed|[of] p2a: Ferrothorn
|turn|5
|
|switch|p2a: Togekiss|Togekiss, M|373\/373
|-damage|p2a: Togekiss|280\/373|[from] Stealth Rock
|detailschange|p1a: Not Mega|Sableye-Mega, M, shiny
|-mega|p1a: Not Mega|Sableye|Sablenite
|move|p1a: Not Mega|Recover|p1a: Not Mega
|-heal|p1a: Not Mega|304\/304
|
|-heal|p2a: Togekiss|303\/373|[from] item: Leftovers
|-damage|p1a: Not Mega|266\/304|[from] Leech Seed|[of] p2a: Togekiss
|-heal|p2a: Togekiss|341\/373|[silent]
|turn|6
|
|switch|p2a: Politoed|Politoed, M|384\/384
|-damage|p2a: Politoed|336\/384|[from] Stealth Rock
|-weather|RainDance
|switch|p1a: Baby Blobby|Chansey, F, shiny|632\/704
|-damage|p1a: Baby Blobby|544\/704|[from] Stealth Rock
|
|-weather|RainDance|[upkeep]
|turn|7
|
|switch|p2a: Dragonite|Dragonite, M|323\/323
|-damage|p2a: Dragonite|243\/323|[from] Stealth Rock
|move|p1a: Baby Blobby|Soft-Boiled|p1a: Baby Blobby
|-heal|p1a: Baby Blobby|704\/704
|
|-weather|RainDance|[upkeep]
|turn|8
|
|move|p2a: Dragonite|Hurricane|p1a: Baby Blobby
|-damage|p1a: Baby Blobby|560\/704
|-damage|p2a: Dragonite|211\/323|[from] item: Life Orb
|move|p1a: Baby Blobby|Toxic|p2a: Dragonite
|-status|p2a: Dragonite|tox
|
|-weather|RainDance|[upkeep]
|-damage|p2a: Dragonite|191\/323 tox|[from] psn
|turn|9
|
|move|p2a: Dragonite|Superpower|p1a: Baby Blobby
|-supereffective|p1a: Baby Blobby
|-damage|p1a: Baby Blobby|149\/704
|-unboost|p2a: Dragonite|atk|1
|-unboost|p2a: Dragonite|def|1
|-damage|p2a: Dragonite|159\/323 tox|[from] item: Life Orb
|move|p1a: Baby Blobby|Soft-Boiled|p1a: Baby Blobby
|-heal|p1a: Baby Blobby|501\/704
|
|-weather|RainDance|[upkeep]
|-damage|p2a: Dragonite|119\/323 tox|[from] psn
|turn|10
|
|move|p2a: Dragonite|Roost|p2a: Dragonite
|-heal|p2a: Dragonite|281\/323 tox
|move|p1a: Baby Blobby|Soft-Boiled|p1a: Baby Blobby
|-heal|p1a: Baby Blobby|704\/704
|
|-weather|RainDance|[upkeep]
|-damage|p2a: Dragonite|221\/323 tox|[from] psn
|turn|11
|
|switch|p2a: Ferrothorn|Ferrothorn, F|352\/352
|-damage|p2a: Ferrothorn|330\/352|[from] Stealth Rock
|switch|p1a: Mr Blobby|Amoonguss, F, shiny|432\/432
|-damage|p1a: Mr Blobby|378\/432|[from] Stealth Rock
|
|-weather|RainDance|[upkeep]
|-heal|p2a: Ferrothorn|352\/352|[from] item: Leftovers
|turn|12
|
|move|p1a: Mr Blobby|Giga Drain|p2a: Ferrothorn
|-resisted|p2a: Ferrothorn
|-damage|p2a: Ferrothorn|339\/352
|-heal|p1a: Mr Blobby|385\/432|[from] drain|[of] p2a: Ferrothorn
|move|p2a: Ferrothorn|Gyro Ball|p1a: Mr Blobby
|-damage|p1a: Mr Blobby|324\/432
|
|-weather|RainDance|[upkeep]
|-heal|p2a: Ferrothorn|352\/352|[from] item: Leftovers
|turn|13
|
|move|p1a: Mr Blobby|Giga Drain|p2a: Ferrothorn
|-crit|p2a: Ferrothorn
|-resisted|p2a: Ferrothorn
|-damage|p2a: Ferrothorn|333\/352
|-heal|p1a: Mr Blobby|334\/432|[from] drain|[of] p2a: Ferrothorn
|move|p2a: Ferrothorn|Power Whip|p1a: Mr Blobby
|-crit|p1a: Mr Blobby
|-resisted|p1a: Mr Blobby
|-damage|p1a: Mr Blobby|291\/432
|
|-weather|none
|-heal|p2a: Ferrothorn|352\/352|[from] item: Leftovers
|turn|14
|
|switch|p2a: Togekiss|Togekiss, M|341\/373
|-damage|p2a: Togekiss|248\/373|[from] Stealth Rock
|move|p1a: Mr Blobby|Hidden Power|p2a: Togekiss
|-damage|p2a: Togekiss|214\/373
|
|-heal|p2a: Togekiss|237\/373|[from] item: Leftovers
|turn|15
|
|switch|p1a: Baby Blobby|Chansey, F, shiny|704\/704
|-damage|p1a: Baby Blobby|616\/704|[from] Stealth Rock
|move|p2a: Togekiss|Defog|p1a: Baby Blobby
|-unboost|p1a: Baby Blobby|evasion|1
|-sideend|p1: Amoongbro|Stealth Rock|[from] move: Defog|[of] p1a: Baby Blobby
|-sideend|p2: PandemoniumHeart|Stealth Rock|[from] move: Defog|[of] p2a: Togekiss
|
|-heal|p2a: Togekiss|260\/373|[from] item: Leftovers
|turn|16
|
|switch|p2a: Dragonite|Dragonite, M|221\/323 tox
|move|p1a: Baby Blobby|Toxic|p2a: Dragonite
|-fail|p2a: Dragonite|tox
|
|-damage|p2a: Dragonite|201\/323 tox|[from] psn
|turn|17
|
|switch|p1a: Mrs Blobby|Alomomola, M, shiny|529\/529
|move|p2a: Dragonite|Superpower|p1a: Mrs Blobby
|-damage|p1a: Mrs Blobby|385\/529
|-unboost|p2a: Dragonite|atk|1
|-unboost|p2a: Dragonite|def|1
|-damage|p2a: Dragonite|169\/323 tox|[from] item: Life Orb
|
|-heal|p1a: Mrs Blobby|418\/529|[from] item: Leftovers
|-damage|p2a: Dragonite|129\/323 tox|[from] psn
|turn|18
|
|move|p1a: Mrs Blobby|Protect|p1a: Mrs Blobby
|-singleturn|p1a: Mrs Blobby|Protect
|move|p2a: Dragonite|Roost|p2a: Dragonite
|-heal|p2a: Dragonite|291\/323 tox
|
|-heal|p1a: Mrs Blobby|451\/529|[from] item: Leftovers
|-damage|p2a: Dragonite|231\/323 tox|[from] psn
|turn|19
|
|switch|p2a: Politoed|Politoed, M|336\/384
|-weather|RainDance
|move|p1a: Mrs Blobby|Toxic|p2a: Politoed
|-status|p2a: Politoed|tox
|
|-weather|RainDance|[upkeep]
|-heal|p1a: Mrs Blobby|484\/529|[from] item: Leftovers
|-damage|p2a: Politoed|312\/384 tox|[from] psn
|turn|20
|
|switch|p2a: Ferrothorn|Ferrothorn, F|352\/352
|switch|p1a: Baby Blobby|Chansey, F, shiny|616\/704
|
|-weather|RainDance|[upkeep]
|turn|21
|
|switch|p1a: Not Mega|Sableye-Mega, M, shiny|266\/304
|move|p2a: Ferrothorn|Power Whip|p1a: Not Mega
|-damage|p1a: Not Mega|190\/304
|
|-weather|RainDance|[upkeep]
|turn|22
|
|switch|p2a: Togekiss|Togekiss, M|260\/373
|move|p1a: Not Mega|Recover|p1a: Not Mega
|-heal|p1a: Not Mega|304\/304
|
|-weather|RainDance|[upkeep]
|-heal|p2a: Togekiss|283\/373|[from] item: Leftovers
|turn|23
|
|switch|p1a: Baby Blobby|Chansey, F, shiny|616\/704
|move|p2a: Togekiss|Dazzling Gleam|p1a: Baby Blobby
|-damage|p1a: Baby Blobby|538\/704
|
|-weather|RainDance|[upkeep]
|-heal|p2a: Togekiss|306\/373|[from] item: Leftovers
|turn|24
|
|move|p2a: Togekiss|Air Slash|p1a: Baby Blobby
|-damage|p1a: Baby Blobby|466\/704
|move|p1a: Baby Blobby|Soft-Boiled|p1a: Baby Blobby
|-heal|p1a: Baby Blobby|704\/704
|
|-weather|RainDance|[upkeep]
|-heal|p2a: Togekiss|329\/373|[from] item: Leftovers
|turn|25
|
|switch|p2a: Ferrothorn|Ferrothorn, F|352\/352
|move|p1a: Baby Blobby|Toxic|p2a: Ferrothorn
|-fail|p2a: Ferrothorn
|
|-weather|RainDance|[upkeep]
|turn|26
|
|switch|p1a: Not Mega|Sableye-Mega, M, shiny|304\/304
|move|p2a: Ferrothorn|Power Whip|p1a: Not Mega|[miss]
|-miss|p2a: Ferrothorn|p1a: Not Mega
|
|-weather|none
|turn|27
|
|switch|p2a: Politoed|Politoed, M|312\/384 tox
|-weather|RainDance
|move|p1a: Not Mega|Knock Off|p2a: Politoed
|-damage|p2a: Politoed|185\/384 tox
|-enditem|p2a: Politoed|Damp Rock|[from] move: Knock Off|[of] p1a: Not Mega
|
|-weather|RainDance|[upkeep]
|-damage|p2a: Politoed|161\/384 tox|[from] psn
|turn|28
|c|âAmoongbro|rofl
|c|âPandemoniumHeart|unlike you I don't enjoy 120 minute battles that move at a slow crawl. And I don't take pleasure in making people quit out early to not deal with that
|-message|PandemoniumHeart forfeited.
|
|win|Amoongbro
|raw|Ladder updating...
|leave|PandemoniumHeart
|player|p2
|raw|Amoongbro's rating: 1737 &rarr; <strong>1750<\/strong><br \/>(+13 for winning)
|raw|PandemoniumHeart's rating: 1615 &rarr; <strong>1602<\/strong><br \/>(-13 for losing)
|c|âAmoongbro|dude shut up you just got wrecked
|c|âAmoongbro|you couldnt win. if you could you wouldnt have forfeited and you would have stayed as long as necessary dumb tard