|join|Amoongbro
|join|2015Gamer
|player|p1|Amoongbro|169
|player|p2|2015Gamer|164
|gametype|singles
|gen|6
|tier|OU
|rated
|clearpoke
|poke|p1|Chansey, F, shiny
|poke|p1|Skarmory, F, shiny
|poke|p1|Alomomola, M, shiny
|poke|p1|Amoonguss, M, shiny
|poke|p1|Quagsire, M, shiny
|poke|p1|Sableye, M, shiny
|poke|p2|Serperior, F
|poke|p2|Rotom-Wash, shiny
|poke|p2|Metagross
|poke|p2|Landorus-Therian, M
|poke|p2|Primeape, F
|poke|p2|Gengar, F
|rule|Swagger Clause: Swagger is banned
|rule|Baton Pass Clause: Limit one PokÃ©mon knowing Baton Pass
|rule|Sleep Clause Mod: Limit one foe put to sleep
|rule|Species Clause: Limit one of each PokÃ©mon
|rule|OHKO Clause: OHKO moves are banned
|rule|Moody Clause: Moody is banned
|rule|Evasion Moves Clause: Evasion moves are banned
|rule|Endless Battle Clause: Forcing endless battles is banned
|rule|HP Percentage Mod: HP is shown in percentages
|teampreview
|
|start
|switch|p1a: Not Mega|Sableye, M, shiny|304\/304
|switch|p2a: hacks|Serperior, F|291\/291
|turn|1
|
|switch|p1a: Mr Blobby|Amoonguss, M, shiny|432\/432
|move|p2a: hacks|Leaf Storm|p1a: Mr Blobby
|-resisted|p1a: Mr Blobby
|-damage|p1a: Mr Blobby|402\/432
|-boost|p2a: hacks|spa|2
|
|turn|2
|
|move|p2a: hacks|Taunt|p1a: Mr Blobby
|-start|p1a: Mr Blobby|move: Taunt
|move|p1a: Mr Blobby|Clear Smog|p2a: hacks
|-supereffective|p2a: hacks
|-damage|p2a: hacks|193\/291
|-clearboost|p2a: hacks
|
|-heal|p2a: hacks|211\/291|[from] item: Leftovers
|turn|3
|
|switch|p2a: Landorus-Therian|Landorus-Therian, M|382\/382
|-ability|p2a: Landorus-Therian|Intimidate|[of] p1a: Mr Blobby
|-unboost|p1a: Mr Blobby|atk|1
|move|p1a: Mr Blobby|Foul Play|p2a: Landorus-Therian
|-damage|p2a: Landorus-Therian|238\/382
|
|-heal|p2a: Landorus-Therian|261\/382|[from] item: Leftovers
|turn|4
|
|switch|p1a: Fuck Magnezone|Skarmory, F, shiny|334\/334
|move|p2a: Landorus-Therian|Stealth Rock|p1a: Fuck Magnezone
|-sidestart|p1: Amoongbro|move: Stealth Rock
|
|-heal|p2a: Landorus-Therian|284\/382|[from] item: Leftovers
|turn|5
|
|move|p2a: Landorus-Therian|Smack Down|p1a: Fuck Magnezone
|-damage|p1a: Fuck Magnezone|294\/334
|-start|p1a: Fuck Magnezone|Smack Down
|move|p1a: Fuck Magnezone|Defog|p2a: Landorus-Therian
|-unboost|p2a: Landorus-Therian|evasion|1
|-sideend|p1: Amoongbro|Stealth Rock|[from] move: Defog|[of] p1a: Fuck Magnezone
|
|-heal|p2a: Landorus-Therian|307\/382|[from] item: Leftovers
|turn|6
|
|switch|p1a: Uncle Blobby|Quagsire, M, shiny|394\/394
|move|p2a: Landorus-Therian|Earthquake|p1a: Uncle Blobby
|-damage|p1a: Uncle Blobby|225\/394
|
|-heal|p2a: Landorus-Therian|330\/382|[from] item: Leftovers
|-heal|p1a: Uncle Blobby|249\/394|[from] item: Leftovers
|turn|7
|
|switch|p1a: Fuck Magnezone|Skarmory, F, shiny|294\/334
|move|p2a: Landorus-Therian|Stealth Rock|p1a: Fuck Magnezone
|-sidestart|p1: Amoongbro|move: Stealth Rock
|
|-heal|p2a: Landorus-Therian|353\/382|[from] item: Leftovers
|turn|8
|
|move|p2a: Landorus-Therian|Smack Down|p1a: Fuck Magnezone
|-damage|p1a: Fuck Magnezone|251\/334
|-start|p1a: Fuck Magnezone|Smack Down
|move|p1a: Fuck Magnezone|Stealth Rock|p2a: Landorus-Therian
|-sidestart|p2: 2015Gamer|move: Stealth Rock
|
|-heal|p2a: Landorus-Therian|376\/382|[from] item: Leftovers
|turn|9
|
|switch|p1a: Mrs Blobby|Alomomola, M, shiny|529\/529
|-damage|p1a: Mrs Blobby|463\/529|[from] Stealth Rock
|move|p2a: Landorus-Therian|Earthquake|p1a: Mrs Blobby
|-damage|p1a: Mrs Blobby|277\/529
|
|-heal|p2a: Landorus-Therian|382\/382|[from] item: Leftovers
|-heal|p1a: Mrs Blobby|310\/529|[from] item: Leftovers
|turn|10
|
|move|p2a: Landorus-Therian|U-turn|p1a: Mrs Blobby
|-damage|p1a: Mrs Blobby|230\/529
|
|switch|p2a: hacks|Serperior, F|211\/291
|-damage|p2a: hacks|175\/291|[from] Stealth Rock
|move|p1a: Mrs Blobby|Wish|p1a: Mrs Blobby
|
|-heal|p2a: hacks|193\/291|[from] item: Leftovers
|-heal|p1a: Mrs Blobby|263\/529|[from] item: Leftovers
|turn|11
|c|âAmoongbro|do you really think people on this sim are that stupid
|c|âAmoongbro|that they dont know that move makes EQ supereffective on things like skarmory
|
|switch|p1a: Mr Blobby|Amoonguss, M, shiny|432\/432
|-damage|p1a: Mr Blobby|378\/432|[from] Stealth Rock
|move|p2a: hacks|Taunt|p1a: Mr Blobby
|-start|p1a: Mr Blobby|move: Taunt
|
|-heal|p1a: Mr Blobby|432\/432|[from] move: Wish|[wisher] Mrs Blobby
|-heal|p2a: hacks|211\/291|[from] item: Leftovers
|turn|12
|c|â2015Gamer|I know they aren't that stupid but it forces the switch & gives me free damage
|
|switch|p2a: Landorus-Therian|Landorus-Therian, M|382\/382
|-damage|p2a: Landorus-Therian|335\/382|[from] Stealth Rock
|-ability|p2a: Landorus-Therian|Intimidate|[of] p1a: Mr Blobby
|-unboost|p1a: Mr Blobby|atk|1
|move|p1a: Mr Blobby|Foul Play|p2a: Landorus-Therian
|-damage|p2a: Landorus-Therian|191\/382
|
|-heal|p2a: Landorus-Therian|214\/382|[from] item: Leftovers
|turn|13
|
|move|p2a: Landorus-Therian|Earthquake|p1a: Mr Blobby
|-damage|p1a: Mr Blobby|245\/432
|move|p1a: Mr Blobby|Foul Play|p2a: Landorus-Therian
|-damage|p2a: Landorus-Therian|76\/382
|
|-heal|p2a: Landorus-Therian|99\/382|[from] item: Leftovers
|turn|14
|
|switch|p1a: Mrs Blobby|Alomomola, M, shiny|439\/529
|-damage|p1a: Mrs Blobby|373\/529|[from] Stealth Rock
|move|p2a: Landorus-Therian|U-turn|p1a: Mrs Blobby
|-damage|p1a: Mrs Blobby|290\/529
|
|switch|p2a: hacks|Serperior, F|211\/291
|-damage|p2a: hacks|175\/291|[from] Stealth Rock
|
|-heal|p2a: hacks|193\/291|[from] item: Leftovers
|-heal|p1a: Mrs Blobby|323\/529|[from] item: Leftovers
|turn|15
|c|âAmoongbro|why taunt on serprior
|
|switch|p1a: Mr Blobby|Amoonguss, M, shiny|389\/432
|-damage|p1a: Mr Blobby|335\/432|[from] Stealth Rock
|move|p2a: hacks|Leaf Storm|p1a: Mr Blobby
|-resisted|p1a: Mr Blobby
|-damage|p1a: Mr Blobby|305\/432
|-boost|p2a: hacks|spa|2
|
|-heal|p2a: hacks|211\/291|[from] item: Leftovers
|turn|16
|c|â2015Gamer|because i fucking want to geez
|
|move|p2a: hacks|Hidden Power|p1a: Mr Blobby
|-supereffective|p1a: Mr Blobby
|-damage|p1a: Mr Blobby|141\/432
|move|p1a: Mr Blobby|Clear Smog|p2a: hacks
|-supereffective|p2a: hacks
|-damage|p2a: hacks|103\/291
|-clearboost|p2a: hacks
|
|-heal|p2a: hacks|121\/291|[from] item: Leftovers
|turn|17
|c|âAmoongbro|im asking you? why upset
|c|âAmoongbro|did i say "noob fuck using taunt why the fuck did you use taunt"
|c|âAmoongbro|no
|
|switch|p2a: Metagross|Metagross|301\/301
|-damage|p2a: Metagross|283\/301|[from] Stealth Rock
|switch|p1a: Baby Blobby|Chansey, F, shiny|704\/704
|-damage|p1a: Baby Blobby|616\/704|[from] Stealth Rock
|
|turn|18
|c|âAmoongbro|its sad if you have gotten to mid 1600s with smack down lando. i didnt think people fell for that
|c|â2015Gamer|i'm not upset but you keep judging all my plays, i have taunt because there are people like you who try to hax all day
|c|âAmoongbro|how do i hax
|c|âAmoongbro|thats ignorant as fuck
|
|switch|p2a: Rotom-Wash|Rotom-Wash, shiny|241\/241
|-damage|p2a: Rotom-Wash|211\/241|[from] Stealth Rock
|switch|p1a: Mrs Blobby|Alomomola, M, shiny|499\/529
|-damage|p1a: Mrs Blobby|433\/529|[from] Stealth Rock
|
|-heal|p2a: Rotom-Wash|226\/241|[from] item: Leftovers
|-heal|p1a: Mrs Blobby|466\/529|[from] item: Leftovers
|turn|19
|c|âAmoongbro|what i do isnt hax
|
|switch|p1a: Mr Blobby|Amoonguss, M, shiny|285\/432
|-damage|p1a: Mr Blobby|231\/432|[from] Stealth Rock
|move|p2a: Rotom-Wash|Will-O-Wisp|p1a: Mr Blobby
|-status|p1a: Mr Blobby|brn
|
|-heal|p2a: Rotom-Wash|241\/241|[from] item: Leftovers
|-damage|p1a: Mr Blobby|177\/432 brn|[from] brn
|turn|20
|
|move|p2a: Rotom-Wash|Volt Switch|p1a: Mr Blobby
|-crit|p1a: Mr Blobby
|-resisted|p1a: Mr Blobby
|-damage|p1a: Mr Blobby|125\/432 brn
|
|switch|p2a: hacks|Serperior, F|121\/291
|-damage|p2a: hacks|85\/291|[from] Stealth Rock
|move|p1a: Mr Blobby|Giga Drain|p2a: hacks
|-resisted|p2a: hacks
|-damage|p2a: hacks|44\/291
|-heal|p1a: Mr Blobby|146\/432 brn|[from] drain|[of] p2a: hacks
|
|-heal|p2a: hacks|62\/291|[from] item: Leftovers
|-damage|p1a: Mr Blobby|92\/432 brn|[from] brn
|turn|21
|c|âAmoongbro|thats hax
|
|switch|p2a: Metagross|Metagross|283\/301
|-damage|p2a: Metagross|265\/301|[from] Stealth Rock
|switch|p1a: Baby Blobby|Chansey, F, shiny|616\/704
|-damage|p1a: Baby Blobby|528\/704|[from] Stealth Rock
|
|turn|22
|
|switch|p1a: Mrs Blobby|Alomomola, M, shiny|529\/529
|-damage|p1a: Mrs Blobby|463\/529|[from] Stealth Rock
|detailschange|p2a: Metagross|Metagross-Mega
|-mega|p2a: Metagross|Metagross|Metagrossite
|move|p2a: Metagross|Zen Headbutt|p1a: Mrs Blobby
|-damage|p1a: Mrs Blobby|300\/529
|
|-heal|p1a: Mrs Blobby|333\/529|[from] item: Leftovers
|turn|23
|
|switch|p2a: Rotom-Wash|Rotom-Wash, shiny|241\/241
|-damage|p2a: Rotom-Wash|211\/241|[from] Stealth Rock
|move|p1a: Mrs Blobby|Wish|p1a: Mrs Blobby
|
|-heal|p2a: Rotom-Wash|226\/241|[from] item: Leftovers
|-heal|p1a: Mrs Blobby|366\/529|[from] item: Leftovers
|turn|24
|
|switch|p1a: Mr Blobby|Amoonguss, M, shiny|236\/432 brn
|-damage|p1a: Mr Blobby|182\/432 brn|[from] Stealth Rock
|move|p2a: Rotom-Wash|Volt Switch|p1a: Mr Blobby
|-resisted|p1a: Mr Blobby
|-damage|p1a: Mr Blobby|147\/432 brn
|
|switch|p2a: Gengar|Gengar, F|261\/261
|-damage|p2a: Gengar|229\/261|[from] Stealth Rock
|
|-heal|p1a: Mr Blobby|411\/432 brn|[from] move: Wish|[wisher] Mrs Blobby
|-damage|p1a: Mr Blobby|357\/432 brn|[from] brn
|turn|25
|
|move|p2a: Gengar|Skill Swap|p1a: Mr Blobby
|-activate|p2a: Gengar|move: Skill Swap|Regenerator|Levitate|[of] p1a: Mr Blobby
|move|p1a: Mr Blobby|Foul Play|p2a: Gengar
|-supereffective|p2a: Gengar
|-damage|p2a: Gengar|173\/261
|
|-damage|p1a: Mr Blobby|303\/432 brn|[from] brn
|turn|26
|c|âAmoongbro|sigh yiu are running some god awful sets no one uses
|c|âAmoongbro|when people who are good at teambuilding make teams they try and cover common threats
|
|switch|p2a: Rotom-Wash|Rotom-Wash, shiny|226\/241
|-damage|p2a: Rotom-Wash|196\/241|[from] Stealth Rock
|switch|p1a: Baby Blobby|Chansey, F, shiny|528\/704
|-damage|p1a: Baby Blobby|440\/704|[from] Stealth Rock
|
|-heal|p2a: Rotom-Wash|211\/241|[from] item: Leftovers
|turn|27
|c|â2015Gamer|skill swamp heatran
|c|âAmoongbro|not shit like this
|
|move|p2a: Rotom-Wash|Volt Switch|p1a: Baby Blobby
|-damage|p1a: Baby Blobby|386\/704
|
|switch|p2a: Metagross|Metagross-Mega|265\/301
|-damage|p2a: Metagross|247\/301|[from] Stealth Rock
|move|p1a: Baby Blobby|Soft-Boiled|p1a: Baby Blobby
|-heal|p1a: Baby Blobby|704\/704
|
|turn|28
|c|âAmoongbro|why would you want to give heatran levitate
|
|switch|p2a: hacks|Serperior, F|62\/291
|-damage|p2a: hacks|26\/291|[from] Stealth Rock
|switch|p1a: Mrs Blobby|Alomomola, M, shiny|529\/529
|-damage|p1a: Mrs Blobby|463\/529|[from] Stealth Rock
|
|-heal|p2a: hacks|44\/291|[from] item: Leftovers
|-heal|p1a: Mrs Blobby|496\/529|[from] item: Leftovers
|turn|29
|c|â2015Gamer|flash fire
|
|switch|p1a: Baby Blobby|Chansey, F, shiny|704\/704
|-damage|p1a: Baby Blobby|616\/704|[from] Stealth Rock
|move|p2a: hacks|Leaf Storm|p1a: Baby Blobby
|-crit|p1a: Baby Blobby
|-damage|p1a: Baby Blobby|472\/704
|-boost|p2a: hacks|spa|2
|
|-heal|p2a: hacks|62\/291|[from] item: Leftovers
|turn|30
|
|move|p2a: hacks|Leaf Storm|p1a: Baby Blobby
|-damage|p1a: Baby Blobby|277\/704
|-boost|p2a: hacks|spa|2
|move|p1a: Baby Blobby|Seismic Toss|p2a: hacks
|-damage|p2a: hacks|0 fnt
|faint|p2a: hacks
|
|
|switch|p2a: Landorus-Therian|Landorus-Therian, M|99\/382
|-damage|p2a: Landorus-Therian|52\/382|[from] Stealth Rock
|-ability|p2a: Landorus-Therian|Intimidate|[of] p1a: Baby Blobby
|-unboost|p1a: Baby Blobby|atk|1
|turn|31
|c|âAmoongbro|crit again
|c|âAmoongbro|which mattered
|
|switch|p1a: Mrs Blobby|Alomomola, M, shiny|529\/529
|-damage|p1a: Mrs Blobby|463\/529|[from] Stealth Rock
|move|p2a: Landorus-Therian|Smack Down|p1a: Mrs Blobby
|-damage|p1a: Mrs Blobby|405\/529
|
|-heal|p2a: Landorus-Therian|75\/382|[from] item: Leftovers
|-heal|p1a: Mrs Blobby|438\/529|[from] item: Leftovers
|turn|32
|
|move|p2a: Landorus-Therian|Earthquake|p1a: Mrs Blobby
|-damage|p1a: Mrs Blobby|258\/529
|move|p1a: Mrs Blobby|Wish|p1a: Mrs Blobby
|
|-heal|p2a: Landorus-Therian|98\/382|[from] item: Leftovers
|-heal|p1a: Mrs Blobby|291\/529|[from] item: Leftovers
|turn|33
|
|move|p2a: Landorus-Therian|U-turn|p1a: Mrs Blobby
|-damage|p1a: Mrs Blobby|210\/529
|
|switch|p2a: Rotom-Wash|Rotom-Wash, shiny|211\/241
|-damage|p2a: Rotom-Wash|181\/241|[from] Stealth Rock
|move|p1a: Mrs Blobby|Scald|p2a: Rotom-Wash
|-resisted|p2a: Rotom-Wash
|-damage|p2a: Rotom-Wash|162\/241
|
|-heal|p1a: Mrs Blobby|474\/529|[from] move: Wish|[wisher] Mrs Blobby
|-heal|p2a: Rotom-Wash|177\/241|[from] item: Leftovers
|-heal|p1a: Mrs Blobby|507\/529|[from] item: Leftovers
|turn|34
|
|switch|p1a: Mr Blobby|Amoonguss, M, shiny|303\/432 brn
|-damage|p1a: Mr Blobby|249\/432 brn|[from] Stealth Rock
|move|p2a: Rotom-Wash|Pain Split|p1a: Mr Blobby
|-sethp|p1a: Mr Blobby|213\/432 brn|p2a: Rotom-Wash|213\/241|[from] move: Pain Split
|
|-heal|p2a: Rotom-Wash|228\/241|[from] item: Leftovers
|-damage|p1a: Mr Blobby|159\/432 brn|[from] brn
|turn|35
|c|âAmoongbro|sigh
|c|âAmoongbro|youre all the same
|c|âAmoongbro|you volt turn rotom cancers
|
|move|p2a: Rotom-Wash|Volt Switch|p1a: Mr Blobby
|-resisted|p1a: Mr Blobby
|-damage|p1a: Mr Blobby|126\/432 brn
|c|â2015Gamer|there's not much you can do when you play teams like yours
|
|switch|p2a: Gengar|Gengar, F|260\/261
|-damage|p2a: Gengar|228\/261|[from] Stealth Rock
|move|p1a: Mr Blobby|Giga Drain|p2a: Gengar
|-resisted|p2a: Gengar
|-damage|p2a: Gengar|183\/261
|-heal|p1a: Mr Blobby|149\/432 brn|[from] drain|[of] p2a: Gengar
|
|-damage|p1a: Mr Blobby|95\/432 brn|[from] brn
|turn|36
|c|âAmoongbro|course there is
|c|âAmoongbro|play good and predict
|c|âAmoongbro|instead of going for 100 turn chip damage shite
|
|switch|p2a: Metagross|Metagross-Mega|247\/301
|-damage|p2a: Metagross|229\/301|[from] Stealth Rock
|switch|p1a: Baby Blobby|Chansey, F, shiny|277\/704
|-damage|p1a: Baby Blobby|189\/704|[from] Stealth Rock
|
|turn|37
|c|âAmoongbro|sigh
|c|âAmoongbro|youre a fucking tard
|
|switch|p1a: Mrs Blobby|Alomomola, M, shiny|529\/529
|-damage|p1a: Mrs Blobby|463\/529|[from] Stealth Rock
|move|p2a: Metagross|Zen Headbutt|p1a: Mrs Blobby|[miss]
|-miss|p2a: Metagross|p1a: Mrs Blobby
|
|-heal|p1a: Mrs Blobby|496\/529|[from] item: Leftovers
|turn|38
|c|âAmoongbro|i hate tards like you
|c|âAmoongbro|that have to win with rocks
|
|move|p2a: Metagross|Zen Headbutt|p1a: Mrs Blobby
|-damage|p1a: Mrs Blobby|336\/529
|move|p1a: Mrs Blobby|Wish|p1a: Mrs Blobby
|
|-heal|p1a: Mrs Blobby|369\/529|[from] item: Leftovers
|turn|39
|c|â2015Gamer|and everyone hates people like you who relay on defensive pokemon because they can do any shit with out it
|c|â2015Gamer|copy and paste other peoples teams
|
|switch|p1a: Fuck Magnezone|Skarmory, F, shiny|251\/334
|-damage|p1a: Fuck Magnezone|210\/334|[from] Stealth Rock
|move|p2a: Metagross|Zen Headbutt|p1a: Fuck Magnezone
|-resisted|p1a: Fuck Magnezone
|-damage|p1a: Fuck Magnezone|149\/334
|
|-heal|p1a: Fuck Magnezone|334\/334|[from] move: Wish|[wisher] Mrs Blobby
|turn|40
|c|âAmoongbro|dude when i teambuild i pick moves to hit things on the switch
|c|âAmoongbro|ive had this team since gen 5
|c|âAmoongbro|all that happened was sableye became mega
|
|switch|p2a: Rotom-Wash|Rotom-Wash, shiny|228\/241
|-damage|p2a: Rotom-Wash|198\/241|[from] Stealth Rock
|move|p1a: Fuck Magnezone|Defog|p2a: Rotom-Wash
|-unboost|p2a: Rotom-Wash|evasion|1
|-sideend|p2: 2015Gamer|Stealth Rock|[from] move: Defog|[of] p2a: Rotom-Wash
|-sideend|p1: Amoongbro|Stealth Rock|[from] move: Defog|[of] p1a: Fuck Magnezone
|
|-heal|p2a: Rotom-Wash|213\/241|[from] item: Leftovers
|turn|41
|
|switch|p1a: Mr Blobby|Amoonguss, M, shiny|239\/432 brn
|move|p2a: Rotom-Wash|Will-O-Wisp|p1a: Mr Blobby
|-fail|p1a: Mr Blobby|brn
|
|-heal|p2a: Rotom-Wash|228\/241|[from] item: Leftovers
|-damage|p1a: Mr Blobby|185\/432 brn|[from] brn
|turn|42
|
|move|p2a: Rotom-Wash|Volt Switch|p1a: Mr Blobby
|-crit|p1a: Mr Blobby
|-resisted|p1a: Mr Blobby
|-damage|p1a: Mr Blobby|137\/432 brn
|c|âAmoongbro|ugh really again
|
|switch|p2a: Primeape|Primeape, F|279\/279
|move|p1a: Mr Blobby|Foul Play|p2a: Primeape
|-resisted|p2a: Primeape
|-damage|p2a: Primeape|243\/279
|
|-damage|p1a: Mr Blobby|83\/432 brn|[from] brn
|turn|43
|c|âAmoongbro|sigh
|
|switch|p1a: Mrs Blobby|Alomomola, M, shiny|529\/529
|move|p2a: Primeape|U-turn|p1a: Mrs Blobby
|-damage|p1a: Mrs Blobby|464\/529
|c|âAmoongbro|really
|c|âAmoongbro|puh lease
|
|switch|p2a: Gengar|Gengar, F|183\/261
|
|-heal|p1a: Mrs Blobby|497\/529|[from] item: Leftovers
|turn|44
|c|âAmoongbro|im just sick of you volt turn chip damage tards that make matches 150 turn
|
|move|p2a: Gengar|Skill Swap|p1a: Mrs Blobby
|-activate|p2a: Gengar|move: Skill Swap|Regenerator|Levitate|[of] p1a: Mrs Blobby
|move|p1a: Mrs Blobby|Wish|p1a: Mrs Blobby
|
|-heal|p1a: Mrs Blobby|529\/529|[from] item: Leftovers
|turn|45
|
|switch|p2a: Primeape|Primeape, F|243\/279
|switch|p1a: Baby Blobby|Chansey, F, shiny|189\/704
|
|-heal|p1a: Baby Blobby|453\/704|[from] move: Wish|[wisher] Mrs Blobby
|turn|46
|
|switch|p1a: Mrs Blobby|Alomomola, M, shiny|529\/529
|move|p2a: Primeape|Close Combat|p1a: Mrs Blobby
|-damage|p1a: Mrs Blobby|387\/529
|-unboost|p2a: Primeape|def|1
|-unboost|p2a: Primeape|spd|1
|
|-heal|p1a: Mrs Blobby|420\/529|[from] item: Leftovers
|turn|47
|c|âAmoongbro|everyone is just gonna switch out at skill swap, and smack down
|c|â2015Gamer|you see what happens when you go for strong moves
|c|âAmoongbro|theyre string moves on the wrong pokemon
|c|âAmoongbro|youre attacking the wrong pokemon
|
|switch|p2a: Rotom-Wash|Rotom-Wash, shiny|228\/241
|move|p1a: Mrs Blobby|Wish|p1a: Mrs Blobby
|
|-heal|p2a: Rotom-Wash|241\/241|[from] item: Leftovers
|-heal|p1a: Mrs Blobby|453\/529|[from] item: Leftovers
|turn|48
|c|âAmoongbro|when you bring in rotom its obvious you are going to volt switch
|c|âAmoongbro|probably the most obvious play in all the meta
|
|switch|p1a: Baby Blobby|Chansey, F, shiny|453\/704
|move|p2a: Rotom-Wash|Volt Switch|p1a: Baby Blobby
|-damage|p1a: Baby Blobby|395\/704
|
|switch|p2a: Gengar|Gengar, F|261\/261
|
|-heal|p1a: Baby Blobby|659\/704|[from] move: Wish|[wisher] Mrs Blobby
|turn|49
|c|âAmoongbro|and what do you do?
|c|âAmoongbro|bring in something that it has to switch out of
|c|âAmoongbro|yay
|c|âAmoongbro|no predictions
|c|â2015Gamer|sub n.n
|
|switch|p1a: Mrs Blobby|Alomomola, M, shiny|529\/529
|move|p2a: Gengar|Skill Swap|p1a: Mrs Blobby
|-activate|p2a: Gengar|move: Skill Swap|Regenerator|Levitate|[of] p1a: Mrs Blobby
|
|turn|50
|
|move|p2a: Gengar|Sludge Wave|p1a: Mrs Blobby
|-damage|p1a: Mrs Blobby|123\/529
|-damage|p2a: Gengar|235\/261|[from] item: Life Orb
|move|p1a: Mrs Blobby|Wish|p1a: Mrs Blobby
|
|-heal|p1a: Mrs Blobby|156\/529|[from] item: Leftovers
|turn|51
|c|âAmoongbro|fucking annoying
|
|switch|p1a: Mr Blobby|Amoonguss, M, shiny|227\/432 brn
|move|p2a: Gengar|Sludge Wave|p1a: Mr Blobby
|-damage|p1a: Mr Blobby|62\/432 brn
|-damage|p2a: Gengar|209\/261|[from] item: Life Orb
|
|-heal|p1a: Mr Blobby|326\/432 brn|[from] move: Wish|[wisher] Mrs Blobby
|-damage|p1a: Mr Blobby|272\/432 brn|[from] brn
|turn|52
|c|âAmoongbro|aboslutely no body uses skill swap gengar
|c|âAmoongbro|im so better than you
|
|switch|p1a: Baby Blobby|Chansey, F, shiny|659\/704
|move|p2a: Gengar|Shadow Ball|p1a: Baby Blobby
|-immune|p1a: Baby Blobby|[msg]
|
|turn|53
|
|switch|p2a: Rotom-Wash|Rotom-Wash, shiny|241\/241
|move|p1a: Baby Blobby|Heal Bell|p1a: Baby Blobby
|-cureteam|p1a: Baby Blobby|[from] move: HealBell
|
|turn|54
|
|move|p2a: Rotom-Wash|Will-O-Wisp|p1a: Baby Blobby
|-status|p1a: Baby Blobby|brn
|move|p1a: Baby Blobby|Toxic|p2a: Rotom-Wash
|-status|p2a: Rotom-Wash|tox
|
|-damage|p2a: Rotom-Wash|226\/241 tox|[from] psn
|-damage|p1a: Baby Blobby|571\/704 brn|[from] brn
|turn|55
|
|switch|p1a: Mr Blobby|Amoonguss, M, shiny|416\/432
|move|p2a: Rotom-Wash|Volt Switch|p1a: Mr Blobby
|-resisted|p1a: Mr Blobby
|-damage|p1a: Mr Blobby|381\/432
|
|switch|p2a: Metagross|Metagross-Mega|229\/301
|
|turn|56
|
|switch|p2a: Gengar|Gengar, F|261\/261
|switch|p1a: Not Mega|Sableye, M, shiny|304\/304
|
|turn|57
|
|switch|p2a: Primeape|Primeape, F|243\/279
|detailschange|p1a: Not Mega|Sableye-Mega, M, shiny
|-mega|p1a: Not Mega|Sableye|Sablenite
|move|p1a: Not Mega|Knock Off|p2a: Primeape
|-resisted|p2a: Primeape
|-damage|p2a: Primeape|174\/279
|-enditem|p2a: Primeape|Choice Scarf|[from] move: Knock Off|[of] p1a: Not Mega
|
|turn|58
|
|move|p2a: Primeape|U-turn|p1a: Not Mega
|-damage|p1a: Not Mega|257\/304
|
|switch|p2a: Rotom-Wash|Rotom-Wash, shiny|226\/241 tox
|move|p1a: Not Mega|Will-O-Wisp|p2a: Rotom-Wash
|-fail|p2a: Rotom-Wash
|
|-heal|p2a: Rotom-Wash|241\/241 tox|[from] item: Leftovers
|-damage|p2a: Rotom-Wash|226\/241 tox|[from] psn
|turn|59
|c|âAmoongbro|disgusting
|c|âAmoongbro|u turn into volt switch into u turn into volt switch for 100 turns
|
|switch|p1a: Baby Blobby|Chansey, F, shiny|571\/704
|move|p2a: Rotom-Wash|Volt Switch|p1a: Baby Blobby
|-damage|p1a: Baby Blobby|520\/704
|
|switch|p2a: Primeape|Primeape, F|174\/279
|
|turn|60
|c|âAmoongbro|dude you suck
|c|âAmoongbro|chansey cant take a close combat
|c|âAmoongbro|skarmory cant take a volt switch
|c|âAmoongbro|thats not predicting
|c|âAmoongbro|I predict you using those moves not the other way around
|
|switch|p2a: Landorus-Therian|Landorus-Therian, M|98\/382
|-ability|p2a: Landorus-Therian|Intimidate|[of] p1a: Baby Blobby
|-unboost|p1a: Baby Blobby|atk|1
|switch|p1a: Fuck Magnezone|Skarmory, F, shiny|334\/334
|
|-heal|p2a: Landorus-Therian|121\/382|[from] item: Leftovers
|turn|61
|
|switch|p1a: Not Mega|Sableye-Mega, M, shiny|257\/304
|move|p2a: Landorus-Therian|Stealth Rock|p1a: Not Mega
|move|p1a: Not Mega|Stealth Rock|p2a: Landorus-Therian|[from]Magic Bounce
|-sidestart|p2: 2015Gamer|move: Stealth Rock
|
|-heal|p2a: Landorus-Therian|144\/382|[from] item: Leftovers
|turn|62
|c|âAmoongbro|sigh
|c|âAmoongbro|that confirms it
|
|move|p2a: Landorus-Therian|U-turn|p1a: Not Mega
|-damage|p1a: Not Mega|198\/304
|
|switch|p2a: Rotom-Wash|Rotom-Wash, shiny|226\/241 tox
|-damage|p2a: Rotom-Wash|196\/241 tox|[from] Stealth Rock
|move|p1a: Not Mega|Knock Off|p2a: Rotom-Wash
|-damage|p2a: Rotom-Wash|109\/241 tox
|-enditem|p2a: Rotom-Wash|Leftovers|[from] move: Knock Off|[of] p1a: Not Mega
|
|-damage|p2a: Rotom-Wash|94\/241 tox|[from] psn
|turn|63
|c|âAmoongbro|everything u turn and volt switch
|
|switch|p1a: Baby Blobby|Chansey, F, shiny|520\/704
|move|p2a: Rotom-Wash|Volt Switch|p1a: Baby Blobby
|-damage|p1a: Baby Blobby|468\/704
|c|âAmoongbro|next time you come in you just pain split. its cancer
|c|âAmoongbro|stall actuall kills stuff quicker than 150 turn chip damage nonsense
|c|âAmoongbro|you may think im rude but 99% of teams i play that only volt turn end up being 150+ turns which i always win but its like an hour+ on one match
|c|â2015Gamer|the reason I don't use counters for your pokemon is simple, & maybe you just don't understand it, players play pokemon for fun, not to be waiting like a retard because i'm not the one making this longer
|c|â2015Gamer|It's you
|
|switch|p2a: Metagross|Metagross-Mega|229\/301
|-damage|p2a: Metagross|211\/301|[from] Stealth Rock
|
|turn|64
|c|âAmoongbro|youre the one making it longer
|c|âAmoongbro|the alternative is stay in on close combat with chansey
|c|âAmoongbro|and who the fuck would do that
|c|âAmoongbro|so youre gonna get something that walls volt switch and u turn
|
|switch|p1a: Fuck Magnezone|Skarmory, F, shiny|334\/334
|move|p2a: Metagross|Zen Headbutt|p1a: Fuck Magnezone
|-resisted|p1a: Fuck Magnezone
|-damage|p1a: Fuck Magnezone|279\/334
|
|turn|65
|c|â2015Gamer|my battles usually take like 20-15 turns, I bet all your battles are like this
|c|âAmoongbro|thyre not actually
|
|switch|p2a: Landorus-Therian|Landorus-Therian, M|144\/382
|-damage|p2a: Landorus-Therian|97\/382|[from] Stealth Rock
|-ability|p2a: Landorus-Therian|Intimidate|[of] p1a: Fuck Magnezone
|-unboost|p1a: Fuck Magnezone|atk|1
|move|p1a: Fuck Magnezone|Brave Bird|p2a: Landorus-Therian
|-damage|p2a: Landorus-Therian|18\/382
|-damage|p1a: Fuck Magnezone|253\/334|[from] recoil|[of] p2a: Landorus-Therian
|
|-heal|p2a: Landorus-Therian|41\/382|[from] item: Leftovers
|turn|66
|c|âAmoongbro|my avergae turn time is around 40-50
|c|âAmoongbro|this will go over a 100 they all do
|c|â2015Gamer|That's ridiculous
|c|âAmoongbro|the only difference is you have so weird as fuck sets making it last longer
|c|â2015Gamer|40-50
|c|âAmoongbro|youre an idiot if you think all stall games last 200 turns
|c|âAmoongbro|a good stall player can win in 40-50 turns maybe 30
|
|switch|p1a: Not Mega|Sableye-Mega, M, shiny|198\/304
|move|p2a: Landorus-Therian|Earthquake|p1a: Not Mega
|-damage|p1a: Not Mega|63\/304
|
|-heal|p2a: Landorus-Therian|64\/382|[from] item: Leftovers
|turn|67
|c|â2015Gamer|stall players such
|
|switch|p1a: Fuck Magnezone|Skarmory, F, shiny|253\/334
|move|p2a: Landorus-Therian|Stealth Rock|p1a: Fuck Magnezone
|-sidestart|p1: Amoongbro|move: Stealth Rock
|
|-heal|p2a: Landorus-Therian|87\/382|[from] item: Leftovers
|turn|68
|
|switch|p2a: Primeape|Primeape, F|174\/279
|-damage|p2a: Primeape|157\/279|[from] Stealth Rock
|move|p1a: Fuck Magnezone|Defog|p2a: Primeape
|-unboost|p2a: Primeape|evasion|1
|-boost|p2a: Primeape|atk|2|[from] ability: Defiant
|-sideend|p2: 2015Gamer|Stealth Rock|[from] move: Defog|[of] p2a: Primeape
|-sideend|p1: Amoongbro|Stealth Rock|[from] move: Defog|[of] p1a: Fuck Magnezone
|
|turn|69
|
|switch|p1a: Uncle Blobby|Quagsire, M, shiny|249\/394
|move|p2a: Primeape|Close Combat|p1a: Uncle Blobby
|-damage|p1a: Uncle Blobby|92\/394
|-unboost|p2a: Primeape|def|1
|-unboost|p2a: Primeape|spd|1
|
|-heal|p1a: Uncle Blobby|116\/394|[from] item: Leftovers
|turn|70
|
|move|p2a: Primeape|Close Combat|p1a: Uncle Blobby
|-damage|p1a: Uncle Blobby|0 fnt
|-unboost|p2a: Primeape|def|1
|-unboost|p2a: Primeape|spd|1
|faint|p1a: Uncle Blobby
|
|c|âAmoongbro|retarded skill swap noob
|c|âAmoongbro|thats why you won
|c|âAmoongbro|absolutely nobody but you runs it
|
|switch|p1a: Mrs Blobby|Alomomola, M, shiny|156\/529
|turn|71
|
|switch|p1a: Mr Blobby|Amoonguss, M, shiny|432\/432
|move|p2a: Primeape|Close Combat|p1a: Mr Blobby
|-resisted|p1a: Mr Blobby
|-damage|p1a: Mr Blobby|266\/432
|-unboost|p2a: Primeape|def|1
|-unboost|p2a: Primeape|spd|1
|
|turn|72
|
|switch|p1a: Mrs Blobby|Alomomola, M, shiny|332\/529
|move|p2a: Primeape|Ice Punch|p1a: Mrs Blobby
|-resisted|p1a: Mrs Blobby
|-damage|p1a: Mrs Blobby|268\/529
|
|-heal|p1a: Mrs Blobby|301\/529|[from] item: Leftovers
|turn|73
|c|âAmoongbro|you see thats why youre bad
|
|move|p1a: Mrs Blobby|Protect|p1a: Mrs Blobby
|-singleturn|p1a: Mrs Blobby|Protect
|move|p2a: Primeape|Close Combat|p1a: Mrs Blobby
|-activate|p1a: Mrs Blobby|Protect
|
|-heal|p1a: Mrs Blobby|334\/529|[from] item: Leftovers
|turn|74
|
|switch|p1a: Mr Blobby|Amoonguss, M, shiny|410\/432
|move|p2a: Primeape|Close Combat|p1a: Mr Blobby
|-resisted|p1a: Mr Blobby
|-damage|p1a: Mr Blobby|233\/432
|-unboost|p2a: Primeape|def|1
|-unboost|p2a: Primeape|spd|1
|
|turn|75
|
|switch|p1a: Mrs Blobby|Alomomola, M, shiny|510\/529
|move|p2a: Primeape|Gunk Shot|p1a: Mrs Blobby
|-damage|p1a: Mrs Blobby|318\/529
|-status|p1a: Mrs Blobby|psn
|
|-heal|p1a: Mrs Blobby|351\/529 psn|[from] item: Leftovers
|-damage|p1a: Mrs Blobby|285\/529 psn|[from] psn
|turn|76
|c|âAmoongbro|sigh fuck off
|c|âAmoongbro|total fucking noob getting all the luck
|
|move|p2a: Primeape|Close Combat|p1a: Mrs Blobby
|-damage|p1a: Mrs Blobby|0 fnt
|-unboost|p2a: Primeape|def|1
|-unboost|p2a: Primeape|spd|1
|faint|p1a: Mrs Blobby
|
|c|âAmoongbro|piss off
|c|âAmoongbro|youre a fucking noob
|c|â2015Gamer|as you said
|c|âAmoongbro|kill yourself
|c|âAmoongbro|fuck off
|c|â2015Gamer|i need to predict :]
|c|âAmoongbro|gg
|c|âAmoongbro|you didnt fucking predict anything
|c|âAmoongbro|that poison ended it
|
|switch|p1a: Fuck Magnezone|Skarmory, F, shiny|253\/334
|turn|77
|c|â2015Gamer|it made the game faster
|c|âAmoongbro|abolsite fucking tard
|c|âAmoongbro|skill swap gengar
|
|switch|p2a: Rotom-Wash|Rotom-Wash, shiny|94\/241 tox
|move|p1a: Fuck Magnezone|Brave Bird|p2a: Rotom-Wash
|-resisted|p2a: Rotom-Wash
|-damage|p2a: Rotom-Wash|44\/241 tox
|-damage|p1a: Fuck Magnezone|236\/334|[from] recoil|[of] p2a: Rotom-Wash
|
|-damage|p2a: Rotom-Wash|29\/241 tox|[from] psn
|turn|78
|c|âAmoongbro|just about the only thing it works on are regenerator pokemon that switch out
|c|âAmoongbro|literally every other poksmon that switched out it has no effect on
|c|âAmoongbro|so you just happen to have a retarded rare as fuck move that is regenerators worst nightmare
|c|âAmoongbro|such shitty teambuilding
|
|switch|p1a: Mr Blobby|Amoonguss, M, shiny|377\/432
|move|p2a: Rotom-Wash|Pain Split|p1a: Mr Blobby
|-sethp|p1a: Mr Blobby|203\/432|p2a: Rotom-Wash|203\/241 tox|[from] move: Pain Split
|
|-damage|p2a: Rotom-Wash|173\/241 tox|[from] psn
|turn|79
|c|âAmoongbro|sigh
|
|switch|p1a: Baby Blobby|Chansey, F, shiny|468\/704
|move|p2a: Rotom-Wash|Will-O-Wisp|p1a: Baby Blobby
|-status|p1a: Baby Blobby|brn
|
|-damage|p2a: Rotom-Wash|128\/241 tox|[from] psn
|-damage|p1a: Baby Blobby|380\/704 brn|[from] brn
|turn|80
|c|âAmoongbro|fucking wis[
|c|âAmoongbro|obvious as fuck
|
|move|p2a: Rotom-Wash|Volt Switch|p1a: Baby Blobby
|-damage|p1a: Baby Blobby|326\/704 brn
|
|switch|p2a: Landorus-Therian|Landorus-Therian, M|87\/382
|-ability|p2a: Landorus-Therian|Intimidate|[of] p1a: Baby Blobby
|-unboost|p1a: Baby Blobby|atk|1
|move|p1a: Baby Blobby|Soft-Boiled|p1a: Baby Blobby
|-heal|p1a: Baby Blobby|678\/704 brn
|
|-heal|p2a: Landorus-Therian|110\/382|[from] item: Leftovers
|-damage|p1a: Baby Blobby|590\/704 brn|[from] brn
|turn|81
|c|âAmoongbro|you are fucking retarded in the head
|
|switch|p1a: Fuck Magnezone|Skarmory, F, shiny|236\/334
|move|p2a: Landorus-Therian|U-turn|p1a: Fuck Magnezone
|-resisted|p1a: Fuck Magnezone
|-damage|p1a: Fuck Magnezone|223\/334
|c|âAmoongbro|fucking one bit of hax wins it for you
|
|switch|p2a: Rotom-Wash|Rotom-Wash, shiny|128\/241 tox
|
|-damage|p2a: Rotom-Wash|113\/241 tox|[from] psn
|turn|82
|c|âAmoongbro|totally underserved win
|
|switch|p1a: Baby Blobby|Chansey, F, shiny|590\/704
|move|p2a: Rotom-Wash|Volt Switch|p1a: Baby Blobby
|-damage|p1a: Baby Blobby|536\/704
|c|âAmoongbro|fucking attack and kill me you pleb
|
|switch|p2a: Landorus-Therian|Landorus-Therian, M|110\/382
|-ability|p2a: Landorus-Therian|Intimidate|[of] p1a: Baby Blobby
|-unboost|p1a: Baby Blobby|atk|1
|
|-heal|p2a: Landorus-Therian|133\/382|[from] item: Leftovers
|turn|83
|c|âAmoongbro|stop being a fucking tard
|c|âAmoongbro|ive lost ,mola its over
|c|â2015Gamer|if you stopped complaining this would be faster bro :d
|c|âAmoongbro|just fucking spam gross or gengar attacking you tard fuck
|c|âAmoongbro|shadow ball = sablete and skarmory dead
|c|âAmoongbro|youre such a tard
|
|switch|p1a: Fuck Magnezone|Skarmory, F, shiny|223\/334
|move|p2a: Landorus-Therian|Stealth Rock|p1a: Fuck Magnezone
|-sidestart|p1: Amoongbro|move: Stealth Rock
|
|-heal|p2a: Landorus-Therian|156\/382|[from] item: Leftovers
|turn|84
|
|move|p2a: Landorus-Therian|Smack Down|p1a: Fuck Magnezone
|-damage|p1a: Fuck Magnezone|181\/334
|-start|p1a: Fuck Magnezone|Smack Down
|move|p1a: Fuck Magnezone|Stealth Rock|p2a: Landorus-Therian
|-sidestart|p2: 2015Gamer|move: Stealth Rock
|
|-heal|p2a: Landorus-Therian|179\/382|[from] item: Leftovers
|turn|85
|c|âAmoongbro|not a predict
|c|âAmoongbro|nothing to switch to
|c|âAmoongbro|tard fuck
|c|â2015Gamer|I can't spam attack gengar when chansey's around
|c|â2015Gamer|smack down is for losers c x
|c|âAmoongbro|<thinks they predicted a switch here
|c|â2015Gamer|anyone can predict it
|
|switch|p1a: Mr Blobby|Amoonguss, M, shiny|347\/432
|-damage|p1a: Mr Blobby|293\/432|[from] Stealth Rock
|move|p2a: Landorus-Therian|Earthquake|p1a: Mr Blobby
|-damage|p1a: Mr Blobby|94\/432
|
|-heal|p2a: Landorus-Therian|202\/382|[from] item: Leftovers
|turn|86
|c|âAmoongbro|gg
|c|âAmoongbro|totally bad player
|
|switch|p1a: Not Mega|Sableye-Mega, M, shiny|63\/304
|-damage|p1a: Not Mega|25\/304|[from] Stealth Rock
|move|p2a: Landorus-Therian|Earthquake|p1a: Not Mega
|-damage|p1a: Not Mega|0 fnt
|faint|p1a: Not Mega
|
|-heal|p2a: Landorus-Therian|225\/382|[from] item: Leftovers
|
|switch|p1a: Baby Blobby|Chansey, F, shiny|536\/704
|-damage|p1a: Baby Blobby|448\/704|[from] Stealth Rock
|turn|87
|
|move|p2a: Landorus-Therian|U-turn|p1a: Baby Blobby
|-damage|p1a: Baby Blobby|324\/704
|
|switch|p2a: Rotom-Wash|Rotom-Wash, shiny|113\/241 tox
|-damage|p2a: Rotom-Wash|83\/241 tox|[from] Stealth Rock
|move|p1a: Baby Blobby|Soft-Boiled|p1a: Baby Blobby
|-heal|p1a: Baby Blobby|676\/704
|
|-damage|p2a: Rotom-Wash|68\/241 tox|[from] psn
|turn|88
|
|switch|p1a: Fuck Magnezone|Skarmory, F, shiny|181\/334
|-damage|p1a: Fuck Magnezone|140\/334|[from] Stealth Rock
|move|p2a: Rotom-Wash|Volt Switch|p1a: Fuck Magnezone
|-supereffective|p1a: Fuck Magnezone
|-damage|p1a: Fuck Magnezone|0 fnt
|faint|p1a: Fuck Magnezone
|
|switch|p2a: Metagross|Metagross-Mega|211\/301
|-damage|p2a: Metagross|193\/301|[from] Stealth Rock
|
|c|â2015Gamer|5-0
|c|âAmoongbro|bye noob
|c|âAmoongbro|dude your running skill swap gengar
|c|â2015Gamer|this should go to the lobby :3
|c|âAmoongbro|the only ability that it has any effect on is regenerator
|c|â2015Gamer|no, i mean heatran can't touch you
|c|âAmoongbro|because regenrator is the only ability where people benefit from switching
|c|âAmoongbro|w\/e
|c|â2015Gamer|if it lava plumes you get a free flash fire
|c|âAmoongbro|look at my rank ill just win another 5
|c|âAmoongbro|before i lose
|c|âAmoongbro|youre bad
|c|âAmoongbro|im happy
|c|âAmoongbro|cause i know overall ill win more and lose les than you will
|c|âAmoongbro|youre a bad player. bad teambulding and got crucial hax
|c|â2015Gamer|I lose because my shitty internet, i work and go to school you retard
|c|âAmoongbro|mola only died cause of that gunk shot
|c|âAmoongbro|which you actually aimed at moongus
|c|âAmoongbro|cause all you do is attack what you see in front of you
|-message|Amoongbro lost due to inactivity.
|
|win|2015Gamer
|raw|Ladder updating...
|raw|Amoongbro's rating: 1640 &rarr; <strong>1620<\/strong><br \/>(-20 for losing)
|raw|2015Gamer's rating: 1631 &rarr; <strong>1652<\/strong><br \/>(+21 for winning)
|c|âAmoongbro|and thats why youre predictable as fuck
|c|âAmoongbro|you never actually predict a switch
|c|âAmoongbro|all you do is attack whats directly in front of you
|c|âAmoongbro|and you did that like 50 times in that match
|c|âAmoongbro|which i predicted with ease
|c|â2015Gamer|lol gunk shot actually hits both with neutral damage
|c|âAmoongbro|gunk shot is 80% acc
|c|âAmoongbro|and the poison is 30% not 100%
|c|âAmoongbro|you got it 1\/1
|c|âAmoongbro|im telling if you if that poison doesnt hit you lose
|c|â2015Gamer|so what i needed at least 1 close combat for chansey
|c|âAmoongbro|and im confident that absolutely NOBODY will have skill swap gengar
|c|âAmoongbro|so i dont need to asses my skill or my teambuilding unlike you
|c|âAmoongbro|everyone else except me will just switch out
|c|âAmoongbro|and retain their baility
|c|âAmoongbro|ability
|c|â2015Gamer|my bro joey gave me that set lol
|c|âAmoongbro|it only works on regenerator
|c|â2015Gamer|you piss me off
|c|âAmoongbro|tell me any other pokemon that would switch out and be disadvantaged
|c|âAmoongbro|none
|c|âAmoongbro|theyd just switch out and pp stall you
|c|â2015Gamer|tell me another way of winning?
|c|âAmoongbro|not telling you anything
|c|âAmoongbro|figure it out yourself
|c|âAmoongbro|i would have done
|c|â2015Gamer|I beat most of your pokemon with an NU pokemon
|c|âAmoongbro|but you can go fuck yourself
|c|âAmoongbro|cause of hax
|c|âAmoongbro|and most of my team is ru
|c|â2015Gamer|nu is lower Cx
|c|âAmoongbro|the spine of my team is ru
|c|âAmoongbro|yeah im aware
|c|âAmoongbro|i use an ru team in ou
|c|âAmoongbro|mainly ru
|c|â2015Gamer|chansey, skarmory, sableye :v
|c|âAmoongbro|you use 4 ou mons and retarded gimmick in ru that everyone knows about
|c|âAmoongbro|amoongus mola quag
|c|âAmoongbro|^all ru
|c|âAmoongbro|sableye was not ou for ages
|c|âAmoongbro|neither was chansey
|c|â2015Gamer|i have 2 Nu pokemon cx
|c|âAmoongbro|when i first started using this team only skarmory was ou
|c|âAmoongbro|and i was using it in ou
|c|â2015Gamer|chansey walls almost everything
|c|âAmoongbro|youre a bad player that just spams volt turn
|c|âAmoongbro|lando-t and rotom-w....coudl it get any more quintessential noob
|c|â2015Gamer|and then you back it up with sableye
|c|âAmoongbro|infamous volt turn core? more like infamous volt tard core
|c|âAmoongbro|you can volt turn all day against mola and amoongus you aint doing shit
|c|â2015Gamer|I started to use landorus just because lopunny can sweep my team pretty easily
|c|âAmoongbro|you won cause of an incredibly bad teambuilding move called skill swap, and a lucky poison
|c|â2015Gamer|See you when we both have higher ranks bro
|c|âAmoongbro|meh
|c|âAmoongbro|ive been 1789
|c|â2015Gamer|I appreciate the advice
|c|âAmoongbro|was on a tilt
|c|â2015Gamer|I've been top 10
|c|âAmoongbro|no you havent
|c|â2015Gamer|skill4sale :D
|c|âAmoongbro|there is no way you are a top ten player
|c|âAmoongbro|after the way you played in this match
|c|âAmoongbro|it just isnt possible
|c|â2015Gamer|that was my old account
|c|âAmoongbro|doesnt matter
|c|âAmoongbro|you displayed yourself over 88 turns
|c|â2015Gamer|i didn't use as much gimmick as now but thats me
|c|â2015Gamer|if you want to see the replays n.n
|c|âAmoongbro|without skillswap you would have lost in about 100 turns
|c|âAmoongbro|but thats only cuz you would have been spamming volt turn
|c|âAmoongbro|and I WOULD have beaten your shitty volt tard spam
|c|â2015Gamer|chill out
|c|âAmoongbro|fuck off
|c|âAmoongbro|noob
|c|âAmoongbro|dont tell me to chill
|c|â2015Gamer|i just wanted to win
|c|âAmoongbro|when your making games last 100 turns
|c|â2015Gamer|I just showed you how gimmick plays are way funner :3
|c|âAmoongbro|you stayed in and fucking volt turned when all you needed to do was just bring out gross and just keep attacking
|c|âAmoongbro|you volt turned for like 10 turns when you didnt even need to
|c|â2015Gamer|one time i got to 60 wins without any lose with this username monsterbeat
|c|âAmoongbro|as soon as that poison hit it was over
|c|âAmoongbro|no you didnt
|c|â2015Gamer|yes i did watch the replays
|c|âAmoongbro|there is absolutely no way YOU ever got to 5 wins without a loss
|c|â2015Gamer|Thats the type of things i can do with stronger pokemon
|c|âAmoongbro|amoongus in > do ice punch
|c|â2015Gamer|I've even beaten subzero
|c|âAmoongbro|mola in  > do volt switch
|c|â2015Gamer|I battled lil manaphy like 4 hours ago
|c|âAmoongbro|quag in > do leaf storm
|c|âAmoongbro|theyre way bette rthan you
|c|âAmoongbro|youre not even in the same league as me or them
|c|â2015Gamer|I was winning but my mom was calling me T.T
|c|â2015Gamer|so i forfeit
|c|âAmoongbro|you know when a team in a footbal cup from a lower league wins
|c|â2015Gamer|watch the battle if you want to bro :D
|c|âAmoongbro|and people use the term "giant killers"
|c|â2015Gamer|It's not the team it's the player
|c|âAmoongbro|but if they played like a best of 5 theyd get 4-1d?
|c|âAmoongbro|and they fluked that win on the night
|c|âAmoongbro|thats you
|c|âAmoongbro|in your case the team sucks and the player sucks
|c|â2015Gamer|stop telling yourself you suck lol
|c|â2015Gamer|I won
|c|âAmoongbro|cocks like you who realise theyre getting owned, get hax, then go "crap i can actually win now"...and stay in and ride the hax
|c|âAmoongbro|if im outplayed and know the guy is just better i just quit. if i get hax i quit cause i dont deserve to win
|c|â2015Gamer|& how come I have the same rank as you right now?
|c|âAmoongbro|you dont
|c|â2015Gamer|I literally play 2 or 3 games per day lol
|c|âAmoongbro|i have a gxe of 80 (was 81 at the start of your fluke win against me)
|c|âAmoongbro|i had won 52 and lost 20
|c|âAmoongbro|my elo was 1640
|c|â2015Gamer|I've won 46 and lost 18
|c|â2015Gamer|i can still keep winning
|c|âAmoongbro|at least 7 of my losses were hax based
|c|â2015Gamer|I lost like 3 battles today because of my internet
|c|âAmoongbro|and no...you had lost 18 and won 45, and it would have been won 45 lost 19
|c|âAmoongbro|youre gxe was 77 before the match
|c|â2015Gamer|so what ?
|c|âAmoongbro|but thats only cuz of freak gimicky smack downs and skill swaps that no good teambuilder teambuilds for
|c|âAmoongbro|you may surprise some people but only noob fucks
|c|âAmoongbro|like i said the only ability that is affected directly is regenerator
|c|âAmoongbro|every other fuck will just switch out with thier ability in tact
|c|â2015Gamer|I fucking made this team because I want to have fun, I have other teams that are well prepared for every fucking pokemon you carry
|c|âAmoongbro|nah
|c|â2015Gamer|But it isn't fun playing that way
|c|âAmoongbro|nah
|c|â2015Gamer|do you get it?
|c|âAmoongbro|WTF
|c|âAmoongbro|SO YOU SAY ITS NOT FUN PLAYING ONE WAY AND SPAM VOLT TURN
|c|âAmoongbro|DUMBEST COMMENT EVER
|c|âAmoongbro|kile spamming volt turn for 150 turns is fun
|c|â2015Gamer|I hardly spam volt switch
|c|âAmoongbro|i hope you actually die
|c|âAmoongbro|i dont really care how
|c|â2015Gamer|i just did it on you because you piss me so much
|c|âAmoongbro|so long as it happens in the next week
|c|â2015Gamer|Only god knows that :D
|c|âAmoongbro|cool. either grab a spoon and scoop your eyes out, or grab a knife and scoop them out i dont care
|c|â2015Gamer|how can you lose when you play with such strong teams?
|c|âAmoongbro|accidentally fall on a knife too while your doing that
|c|â2015Gamer|Is it possible ?
|c|â2015Gamer|I mean your team is well prepared for everything
|c|âAmoongbro|i have so much hate for people who use volt turn (even tho i can beat it easily with regeneration pp stalling switching 0pp = you use all your pp but its a 150 turn affair) just get used to it
|c|âAmoongbro|exactly
|c|â2015Gamer|how dare you lose :o
|c|âAmoongbro|so when fucks like you dont have a well prepared team for anything get hax and win its kind of insulting
|c|â2015Gamer|Gays teams are not allowed to lose :[
|c|âAmoongbro|you used rocks when mega sableye was healthy...cant predict...bad move
|c|â2015Gamer|hey i'm higher in the ladder than you
|c|âAmoongbro|you used ice punch on amoongus...mola came in
|c|âAmoongbro|you attempted close combat on chnsey like 10 times....mola came in
|c|â2015Gamer|That's what i mean, if you can't win with good team imagine with a bad team like mine :p
|c|âAmoongbro|you started with that gimmicky contrary serperior and lost it way too easily
|c|â2015Gamer|But i won :3
|c|â2015Gamer|bye cx
|c|âAmoongbro|nah