|join|Amoongbro
|join|eaglesrock
|player|p1|Amoongbro|1
|player|p2|eaglesrock|168
|gametype|singles
|gen|6
|tier|OU
|rated
|clearpoke
|poke|p1|Chansey, F, shiny
|poke|p1|Skarmory, M, shiny
|poke|p1|Alomomola, M, shiny
|poke|p1|Amoonguss, M, shiny
|poke|p1|Quagsire, M, shiny
|poke|p1|Sableye, F, shiny
|poke|p2|Tyranitar, M, shiny
|poke|p2|Venusaur, M, shiny
|poke|p2|Chansey, F, shiny
|poke|p2|Klefki, M, shiny
|poke|p2|Bisharp, M, shiny
|poke|p2|Quagsire, M, shiny
|rule|Swagger Clause: Swagger is banned
|rule|Baton Pass Clause: Limit one PokÃ©mon knowing Baton Pass
|rule|Sleep Clause Mod: Limit one foe put to sleep
|rule|Species Clause: Limit one of each PokÃ©mon
|rule|OHKO Clause: OHKO moves are banned
|rule|Moody Clause: Moody is banned
|rule|Evasion Moves Clause: Evasion moves are banned
|rule|Endless Battle Clause: Forcing endless battles is banned
|rule|HP Percentage Mod: HP is shown in percentages
|teampreview
|
|start
|switch|p1a: Not Mega|Sableye, F, shiny|304\/304
|switch|p2a: Klefki|Klefki, M, shiny|318\/318
|turn|1
|
|switch|p2a: Chansey|Chansey, F, shiny|703\/703
|detailschange|p1a: Not Mega|Sableye-Mega, F, shiny
|-mega|p1a: Not Mega|Sableye|Sablenite
|move|p1a: Not Mega|Knock Off|p2a: Chansey
|-damage|p2a: Chansey|568\/703
|-enditem|p2a: Chansey|Eviolite|[from] move: Knock Off|[of] p1a: Not Mega
|
|turn|2
|
|switch|p2a: Venusaur|Venusaur, M, shiny|321\/321
|move|p1a: Not Mega|Will-O-Wisp|p2a: Venusaur|[miss]
|-miss|p1a: Not Mega|p2a: Venusaur
|
|turn|3
|
|detailschange|p2a: Venusaur|Venusaur-Mega, M, shiny
|-mega|p2a: Venusaur|Venusaur|Venusaurite
|move|p2a: Venusaur|Sludge Bomb|p1a: Not Mega
|-resisted|p1a: Not Mega
|-damage|p1a: Not Mega|230\/304
|-status|p1a: Not Mega|psn
|move|p1a: Not Mega|Will-O-Wisp|p2a: Venusaur
|-status|p2a: Venusaur|brn
|
|-damage|p2a: Venusaur|281\/321 brn|[from] brn
|-damage|p1a: Not Mega|192\/304 psn|[from] psn
|turn|4
|
|switch|p2a: Bisharp|Bisharp, M, shiny|290\/290
|move|p1a: Not Mega|Recover|p1a: Not Mega
|-heal|p1a: Not Mega|304\/304 psn
|
|-damage|p1a: Not Mega|266\/304 psn|[from] psn
|turn|5
|
|switch|p2a: Venusaur|Venusaur-Mega, M, shiny|281\/321 brn
|move|p1a: Not Mega|Will-O-Wisp|p2a: Venusaur
|-fail|p2a: Venusaur|brn
|
|-damage|p2a: Venusaur|241\/321 brn|[from] brn
|-damage|p1a: Not Mega|228\/304 psn|[from] psn
|turn|6
|
|switch|p1a: Baby Blobby|Chansey, F, shiny|704\/704
|move|p2a: Venusaur|Giga Drain|p1a: Baby Blobby
|-damage|p1a: Baby Blobby|617\/704
|-heal|p2a: Venusaur|285\/321 brn|[from] drain|[of] p1a: Baby Blobby
|
|-damage|p2a: Venusaur|245\/321 brn|[from] brn
|turn|7
|
|switch|p2a: Bisharp|Bisharp, M, shiny|290\/290
|move|p1a: Baby Blobby|Heal Bell|p1a: Baby Blobby
|-cureteam|p1a: Baby Blobby|[from] move: HealBell
|
|turn|8
|
|switch|p1a: Fuck Magnezone|Skarmory, M, shiny|334\/334
|move|p2a: Bisharp|Knock Off|p1a: Fuck Magnezone
|-damage|p1a: Fuck Magnezone|196\/334
|-enditem|p1a: Fuck Magnezone|Shed Shell|[from] move: Knock Off|[of] p2a: Bisharp
|
|turn|9
|
|move|p2a: Bisharp|Swords Dance|p2a: Bisharp
|-boost|p2a: Bisharp|atk|2
|move|p1a: Fuck Magnezone|Stealth Rock|p2a: Bisharp
|-sidestart|p2: eaglesrock|move: Stealth Rock
|
|turn|10
|
|switch|p1a: Uncle Blobby|Quagsire, M, shiny|394\/394
|move|p2a: Bisharp|Knock Off|p1a: Uncle Blobby
|-damage|p1a: Uncle Blobby|219\/394
|-enditem|p1a: Uncle Blobby|Leftovers|[from] move: Knock Off|[of] p2a: Bisharp
|
|turn|11
|
|switch|p2a: Quagsire|Quagsire, M, shiny|394\/394
|-damage|p2a: Quagsire|370\/394|[from] Stealth Rock
|move|p1a: Uncle Blobby|Recover|p1a: Uncle Blobby
|-heal|p1a: Uncle Blobby|394\/394
|
|-heal|p2a: Quagsire|394\/394|[from] item: Leftovers
|turn|12
|
|switch|p1a: Baby Blobby|Chansey, F, shiny|617\/704
|move|p2a: Quagsire|Scald|p1a: Baby Blobby
|-damage|p1a: Baby Blobby|569\/704
|
|turn|13
|
|move|p1a: Baby Blobby|Seismic Toss|p2a: Quagsire
|-damage|p2a: Quagsire|294\/394
|move|p2a: Quagsire|Toxic|p1a: Baby Blobby
|-status|p1a: Baby Blobby|tox
|
|-heal|p2a: Quagsire|318\/394|[from] item: Leftovers
|-damage|p1a: Baby Blobby|525\/704 tox|[from] psn
|turn|14
|
|switch|p1a: Mr Blobby|Amoonguss, M, shiny|432\/432
|switch|p2a: Bisharp|Bisharp, M, shiny|290\/290
|-damage|p2a: Bisharp|272\/290|[from] Stealth Rock
|
|turn|15
|
|switch|p1a: Uncle Blobby|Quagsire, M, shiny|394\/394
|move|p2a: Bisharp|Knock Off|p1a: Uncle Blobby
|-damage|p1a: Uncle Blobby|283\/394
|
|turn|16
|
|switch|p2a: Chansey|Chansey, F, shiny|568\/703
|-damage|p2a: Chansey|481\/703|[from] Stealth Rock
|move|p1a: Uncle Blobby|Recover|p1a: Uncle Blobby
|-heal|p1a: Uncle Blobby|394\/394
|
|turn|17
|
|switch|p1a: Not Mega|Sableye-Mega, F, shiny|228\/304
|move|p2a: Chansey|Aromatherapy|p2a: Chansey
|-cureteam|p2a: Chansey|[from] move: Aromatherapy
|
|turn|18
|
|move|p2a: Chansey|Soft-Boiled|p2a: Chansey
|-heal|p2a: Chansey|703\/703
|move|p1a: Not Mega|Recover|p1a: Not Mega
|-heal|p1a: Not Mega|304\/304
|
|turn|19
|
|move|p2a: Chansey|Seismic Toss|p1a: Not Mega
|-immune|p1a: Not Mega|[msg]
|move|p1a: Not Mega|Knock Off|p2a: Chansey
|-damage|p2a: Chansey|561\/703
|
|turn|20
|
|switch|p2a: Venusaur|Venusaur-Mega, M, shiny|245\/321
|-damage|p2a: Venusaur|205\/321|[from] Stealth Rock
|move|p1a: Not Mega|Toxic|p2a: Venusaur
|-fail|p2a: Venusaur
|
|turn|21
|
|move|p2a: Venusaur|Sludge Bomb|p1a: Not Mega
|-resisted|p1a: Not Mega
|-damage|p1a: Not Mega|230\/304
|move|p1a: Not Mega|Will-O-Wisp|p2a: Venusaur
|-status|p2a: Venusaur|brn
|
|-damage|p2a: Venusaur|165\/321 brn|[from] brn
|turn|22
|
|switch|p1a: Baby Blobby|Chansey, F, shiny|525\/704
|move|p2a: Venusaur|Synthesis|p2a: Venusaur
|-heal|p2a: Venusaur|321\/321 brn
|
|-damage|p2a: Venusaur|281\/321 brn|[from] brn
|turn|23
|
|move|p2a: Venusaur|Sleep Powder|p1a: Baby Blobby|[miss]
|-miss|p2a: Venusaur|p1a: Baby Blobby
|move|p1a: Baby Blobby|Seismic Toss|p2a: Venusaur
|-damage|p2a: Venusaur|181\/321 brn
|
|-damage|p2a: Venusaur|141\/321 brn|[from] brn
|turn|24
|
|move|p2a: Venusaur|Sleep Powder|p1a: Baby Blobby|[miss]
|-miss|p2a: Venusaur|p1a: Baby Blobby
|move|p1a: Baby Blobby|Seismic Toss|p2a: Venusaur
|-damage|p2a: Venusaur|41\/321 brn
|
|-damage|p2a: Venusaur|1\/321 brn|[from] brn
|turn|25
|
|move|p2a: Venusaur|Synthesis|p2a: Venusaur
|-heal|p2a: Venusaur|161\/321 brn
|move|p1a: Baby Blobby|Seismic Toss|p2a: Venusaur
|-damage|p2a: Venusaur|61\/321 brn
|
|-damage|p2a: Venusaur|21\/321 brn|[from] brn
|turn|26
|
|move|p2a: Venusaur|Synthesis|p2a: Venusaur
|-heal|p2a: Venusaur|181\/321 brn
|move|p1a: Baby Blobby|Seismic Toss|p2a: Venusaur
|-damage|p2a: Venusaur|81\/321 brn
|
|-damage|p2a: Venusaur|41\/321 brn|[from] brn
|turn|27
|
|move|p2a: Venusaur|Synthesis|p2a: Venusaur
|-heal|p2a: Venusaur|201\/321 brn
|move|p1a: Baby Blobby|Seismic Toss|p2a: Venusaur
|-damage|p2a: Venusaur|101\/321 brn
|
|-damage|p2a: Venusaur|61\/321 brn|[from] brn
|turn|28
|
|move|p2a: Venusaur|Sleep Powder|p1a: Baby Blobby|[miss]
|-miss|p2a: Venusaur|p1a: Baby Blobby
|move|p1a: Baby Blobby|Seismic Toss|p2a: Venusaur
|-damage|p2a: Venusaur|0 fnt
|faint|p2a: Venusaur
|
|-message|eaglesrock forfeited.
|leave|eaglesrock
|
|win|Amoongbro
|raw|Ladder updating...
|player|p2
|raw|Amoongbro's rating: 1723 &rarr; <strong>1734<\/strong><br \/>(+11 for winning)
|raw|eaglesrock's rating: 1552 &rarr; <strong>1541<\/strong><br \/>(-11 for losing)