|join|Amoongbro
|join|aguila74
|player|p1|Amoongbro|265
|player|p2|aguila74|170
|gametype|singles
|gen|6
|tier|OU
|rated
|clearpoke
|poke|p1|Chansey, F
|poke|p1|Skarmory, F
|poke|p1|Alomomola, F
|poke|p1|Amoonguss, M
|poke|p1|Quagsire, M, shiny
|poke|p1|Sableye, F
|poke|p2|Charizard, F
|poke|p2|Conkeldurr, F
|poke|p2|Ferrothorn, M
|poke|p2|Donphan, M
|poke|p2|Rotom-Wash
|poke|p2|Azumarill, F
|rule|Swagger Clause: Swagger is banned
|rule|Baton Pass Clause: Limit one PokÃ©mon knowing Baton Pass
|rule|Sleep Clause Mod: Limit one foe put to sleep
|rule|Species Clause: Limit one of each PokÃ©mon
|rule|OHKO Clause: OHKO moves are banned
|rule|Moody Clause: Moody is banned
|rule|Evasion Moves Clause: Evasion moves are banned
|rule|Endless Battle Clause: Forcing endless battles is banned
|rule|HP Percentage Mod: HP is shown in percentages
|teampreview
|
|start
|switch|p1a: Not Mega|Sableye, F|304\/304
|switch|p2a: Charizard|Charizard, F|297\/297
|turn|1
|
|switch|p1a: Baby Blobby|Chansey, F|704\/704
|detailschange|p2a: Charizard|Charizard-Mega-Y, F
|-mega|p2a: Charizard|Charizard|Charizardite Y
|-weather|SunnyDay
|move|p2a: Charizard|Fire Blast|p1a: Baby Blobby
|-crit|p1a: Baby Blobby
|-damage|p1a: Baby Blobby|364\/704
|
|-weather|SunnyDay|[upkeep]
|turn|2
|
|switch|p2a: Conkeldurr|Conkeldurr, F|413\/413
|move|p1a: Baby Blobby|Soft-Boiled|p1a: Baby Blobby
|-heal|p1a: Baby Blobby|704\/704
|
|-weather|SunnyDay|[upkeep]
|turn|3
|
|switch|p1a: Not Mega|Sableye, F|304\/304
|move|p2a: Conkeldurr|Knock Off|p1a: Not Mega
|-damage|p1a: Not Mega|226\/304
|
|-weather|SunnyDay|[upkeep]
|turn|4
|
|switch|p2a: Charizard|Charizard-Mega-Y, F|297\/297
|detailschange|p1a: Not Mega|Sableye-Mega, F
|-mega|p1a: Not Mega|Sableye|Sablenite
|move|p1a: Not Mega|Recover|p1a: Not Mega
|-heal|p1a: Not Mega|304\/304
|
|-weather|SunnyDay|[upkeep]
|turn|5
|
|switch|p2a: Conkeldurr|Conkeldurr, F|413\/413
|switch|p1a: Baby Blobby|Chansey, F|704\/704
|
|-weather|none
|turn|6
|
|switch|p1a: Mrs Blobby|Alomomola, F|529\/529
|switch|p2a: Rotom-Wash|Rotom-Wash|299\/299
|
|turn|7
|
|switch|p1a: Mr Blobby|Amoonguss, M|432\/432
|move|p2a: Rotom-Wash|Volt Switch|p1a: Mr Blobby
|-resisted|p1a: Mr Blobby
|-damage|p1a: Mr Blobby|397\/432
|
|switch|p2a: Charizard|Charizard-Mega-Y, F|297\/297
|-weather|SunnyDay
|
|-weather|SunnyDay|[upkeep]
|turn|8
|
|switch|p2a: Ferrothorn|Ferrothorn, M|349\/349
|switch|p1a: Baby Blobby|Chansey, F|704\/704
|
|-weather|SunnyDay|[upkeep]
|turn|9
|
|switch|p1a: Not Mega|Sableye-Mega, F|304\/304
|move|p2a: Ferrothorn|Leech Seed|p1a: Not Mega
|move|p1a: Not Mega|Leech Seed|p2a: Ferrothorn|[from]Magic Bounce|[miss]
|-miss|p1a: Not Mega|p2a: Ferrothorn
|
|-weather|SunnyDay|[upkeep]
|turn|10
|
|switch|p2a: Charizard|Charizard-Mega-Y, F|297\/297
|move|p1a: Not Mega|Knock Off|p2a: Charizard
|-damage|p2a: Charizard|218\/297
|
|-weather|SunnyDay|[upkeep]
|turn|11
|
|switch|p1a: Baby Blobby|Chansey, F|704\/704
|move|p2a: Charizard|Roost|p2a: Charizard
|-heal|p2a: Charizard|297\/297
|
|-weather|none
|turn|12
|
|switch|p2a: Conkeldurr|Conkeldurr, F|413\/413
|move|p1a: Baby Blobby|Seismic Toss|p2a: Conkeldurr
|-damage|p2a: Conkeldurr|313\/413
|
|turn|13
|
|switch|p1a: Mrs Blobby|Alomomola, F|529\/529
|move|p2a: Conkeldurr|Knock Off|p1a: Mrs Blobby
|-damage|p1a: Mrs Blobby|412\/529
|-enditem|p1a: Mrs Blobby|Leftovers|[from] move: Knock Off|[of] p2a: Conkeldurr
|
|turn|14
|
|switch|p2a: Ferrothorn|Ferrothorn, M|349\/349
|move|p1a: Mrs Blobby|Scald|p2a: Ferrothorn
|-resisted|p2a: Ferrothorn
|-damage|p2a: Ferrothorn|332\/349
|
|-heal|p2a: Ferrothorn|349\/349|[from] item: Leftovers
|turn|15
|
|switch|p1a: Not Mega|Sableye-Mega, F|304\/304
|move|p2a: Ferrothorn|Leech Seed|p1a: Not Mega
|move|p1a: Not Mega|Leech Seed|p2a: Ferrothorn|[from]Magic Bounce|[miss]
|-miss|p1a: Not Mega|p2a: Ferrothorn
|
|turn|16
|
|switch|p2a: Charizard|Charizard-Mega-Y, F|297\/297
|-weather|SunnyDay
|move|p1a: Not Mega|Knock Off|p2a: Charizard
|-damage|p2a: Charizard|219\/297
|
|-weather|SunnyDay|[upkeep]
|turn|17
|
|switch|p1a: Baby Blobby|Chansey, F|704\/704
|move|p2a: Charizard|Solar Beam|p1a: Baby Blobby|[still]
|-prepare|p2a: Charizard|Solar Beam|p1a: Baby Blobby
|-anim|p2a: Charizard|Solar Beam|p1a: Baby Blobby
|-damage|p1a: Baby Blobby|594\/704
|
|-weather|SunnyDay|[upkeep]
|turn|18
|
|switch|p2a: Ferrothorn|Ferrothorn, M|349\/349
|move|p1a: Baby Blobby|Seismic Toss|p2a: Ferrothorn
|-damage|p2a: Ferrothorn|249\/349
|-damage|p1a: Baby Blobby|506\/704|[from] ability: Iron Barbs|[of] p2a: Ferrothorn
|
|-weather|SunnyDay|[upkeep]
|-heal|p2a: Ferrothorn|270\/349|[from] item: Leftovers
|turn|19
|
|switch|p1a: Not Mega|Sableye-Mega, F|304\/304
|switch|p2a: Azumarill|Azumarill, F|404\/404
|
|-weather|SunnyDay|[upkeep]
|turn|20
|
|switch|p1a: Uncle Blobby|Quagsire, M, shiny|394\/394
|move|p2a: Azumarill|Play Rough|p1a: Uncle Blobby
|-damage|p1a: Uncle Blobby|237\/394
|
|-weather|none
|-heal|p1a: Uncle Blobby|261\/394|[from] item: Leftovers
|turn|21
|
|switch|p2a: Ferrothorn|Ferrothorn, M|270\/349
|move|p1a: Uncle Blobby|Recover|p1a: Uncle Blobby
|-heal|p1a: Uncle Blobby|394\/394
|
|-heal|p2a: Ferrothorn|291\/349|[from] item: Leftovers
|turn|22
|
|switch|p1a: Not Mega|Sableye-Mega, F|304\/304
|switch|p2a: Conkeldurr|Conkeldurr, F|313\/413
|
|turn|23
|
|switch|p2a: Charizard|Charizard-Mega-Y, F|219\/297
|-weather|SunnyDay
|switch|p1a: Mrs Blobby|Alomomola, F|529\/529
|
|-weather|SunnyDay|[upkeep]
|turn|24
|
|switch|p1a: Baby Blobby|Chansey, F|506\/704
|move|p2a: Charizard|Solar Beam|p1a: Baby Blobby|[still]
|-prepare|p2a: Charizard|Solar Beam|p1a: Baby Blobby
|-anim|p2a: Charizard|Solar Beam|p1a: Baby Blobby
|-damage|p1a: Baby Blobby|400\/704
|
|-weather|SunnyDay|[upkeep]
|turn|25
|
|switch|p2a: Conkeldurr|Conkeldurr, F|313\/413
|move|p1a: Baby Blobby|Soft-Boiled|p1a: Baby Blobby
|-heal|p1a: Baby Blobby|704\/704
|
|-weather|SunnyDay|[upkeep]
|turn|26
|
|switch|p1a: Mrs Blobby|Alomomola, F|529\/529
|move|p2a: Conkeldurr|Drain Punch|p1a: Mrs Blobby
|-damage|p1a: Mrs Blobby|403\/529
|-heal|p2a: Conkeldurr|376\/413|[from] drain|[of] p1a: Mrs Blobby
|
|-weather|SunnyDay|[upkeep]
|turn|27
|
|switch|p2a: Rotom-Wash|Rotom-Wash|299\/299
|move|p1a: Mrs Blobby|Scald|p2a: Rotom-Wash
|-resisted|p2a: Rotom-Wash
|-damage|p2a: Rotom-Wash|290\/299
|-status|p2a: Rotom-Wash|brn
|
|-weather|none
|-heal|p2a: Rotom-Wash|299\/299 brn|[from] item: Leftovers
|-damage|p2a: Rotom-Wash|262\/299 brn|[from] brn
|turn|28
|
|move|p1a: Mrs Blobby|Protect|p1a: Mrs Blobby
|-singleturn|p1a: Mrs Blobby|Protect
|move|p2a: Rotom-Wash|Will-O-Wisp|p1a: Mrs Blobby
|-activate|p1a: Mrs Blobby|Protect
|
|-heal|p2a: Rotom-Wash|280\/299 brn|[from] item: Leftovers
|-damage|p2a: Rotom-Wash|243\/299 brn|[from] brn
|turn|29
|
|switch|p1a: Baby Blobby|Chansey, F|704\/704
|move|p2a: Rotom-Wash|Volt Switch|p1a: Baby Blobby
|-damage|p1a: Baby Blobby|644\/704
|
|switch|p2a: Conkeldurr|Conkeldurr, F|376\/413
|
|turn|30
|
|switch|p1a: Mrs Blobby|Alomomola, F|529\/529
|move|p2a: Conkeldurr|Drain Punch|p1a: Mrs Blobby
|-damage|p1a: Mrs Blobby|406\/529
|-heal|p2a: Conkeldurr|413\/413|[from] drain|[of] p1a: Mrs Blobby
|
|turn|31
|
|move|p1a: Mrs Blobby|Wish|p1a: Mrs Blobby
|move|p2a: Conkeldurr|Drain Punch|p1a: Mrs Blobby
|-damage|p1a: Mrs Blobby|279\/529
|
|turn|32
|
|switch|p2a: Rotom-Wash|Rotom-Wash|243\/299 brn
|move|p1a: Mrs Blobby|Protect|p1a: Mrs Blobby
|-fail|p1a: Mrs Blobby
|
|-heal|p1a: Mrs Blobby|529\/529|[from] move: Wish|[wisher] Mrs Blobby
|-heal|p2a: Rotom-Wash|261\/299 brn|[from] item: Leftovers
|-damage|p2a: Rotom-Wash|224\/299 brn|[from] brn
|turn|33
|
|switch|p1a: Baby Blobby|Chansey, F|644\/704
|move|p2a: Rotom-Wash|Pain Split|p1a: Baby Blobby
|-sethp|p1a: Baby Blobby|434\/704|p2a: Rotom-Wash|299\/299 brn|[from] move: Pain Split
|
|-damage|p2a: Rotom-Wash|262\/299 brn|[from] brn
|turn|34
|
|move|p2a: Rotom-Wash|Will-O-Wisp|p1a: Baby Blobby|[miss]
|-miss|p2a: Rotom-Wash|p1a: Baby Blobby
|move|p1a: Baby Blobby|Soft-Boiled|p1a: Baby Blobby
|-heal|p1a: Baby Blobby|704\/704
|
|-heal|p2a: Rotom-Wash|280\/299 brn|[from] item: Leftovers
|-damage|p2a: Rotom-Wash|243\/299 brn|[from] brn
|turn|35
|
|move|p2a: Rotom-Wash|Will-O-Wisp|p1a: Baby Blobby
|-status|p1a: Baby Blobby|brn
|move|p1a: Baby Blobby|Seismic Toss|p2a: Rotom-Wash
|-damage|p2a: Rotom-Wash|143\/299 brn
|
|-heal|p2a: Rotom-Wash|161\/299 brn|[from] item: Leftovers
|-damage|p2a: Rotom-Wash|124\/299 brn|[from] brn
|-damage|p1a: Baby Blobby|616\/704 brn|[from] brn
|turn|36
|
|switch|p1a: Mr Blobby|Amoonguss, M|432\/432
|move|p2a: Rotom-Wash|Pain Split|p1a: Mr Blobby
|-sethp|p1a: Mr Blobby|278\/432|p2a: Rotom-Wash|278\/299 brn|[from] move: Pain Split
|
|-heal|p2a: Rotom-Wash|296\/299 brn|[from] item: Leftovers
|-damage|p2a: Rotom-Wash|259\/299 brn|[from] brn
|turn|37
|
|switch|p1a: Baby Blobby|Chansey, F|616\/704
|move|p2a: Rotom-Wash|Will-O-Wisp|p1a: Baby Blobby
|-status|p1a: Baby Blobby|brn
|
|-heal|p2a: Rotom-Wash|277\/299 brn|[from] item: Leftovers
|-damage|p2a: Rotom-Wash|240\/299 brn|[from] brn
|-damage|p1a: Baby Blobby|528\/704 brn|[from] brn
|turn|38
|
|move|p2a: Rotom-Wash|Volt Switch|p1a: Baby Blobby
|-damage|p1a: Baby Blobby|473\/704 brn
|
|switch|p2a: Donphan|Donphan, M|379\/379
|move|p1a: Baby Blobby|Soft-Boiled|p1a: Baby Blobby
|-heal|p1a: Baby Blobby|704\/704 brn
|
|-damage|p1a: Baby Blobby|616\/704 brn|[from] brn
|turn|39
|
|switch|p1a: Not Mega|Sableye-Mega, F|304\/304
|move|p2a: Donphan|Earthquake|p1a: Not Mega
|-crit|p1a: Not Mega
|-damage|p1a: Not Mega|178\/304
|
|turn|40
|
|switch|p2a: Charizard|Charizard-Mega-Y, F|219\/297
|-weather|SunnyDay
|move|p1a: Not Mega|Recover|p1a: Not Mega
|-heal|p1a: Not Mega|304\/304
|
|-weather|SunnyDay|[upkeep]
|turn|41
|
|switch|p1a: Baby Blobby|Chansey, F|616\/704
|move|p2a: Charizard|Roost|p2a: Charizard
|-heal|p2a: Charizard|297\/297
|
|-weather|SunnyDay|[upkeep]
|turn|42
|
|switch|p2a: Rotom-Wash|Rotom-Wash|240\/299 brn
|move|p1a: Baby Blobby|Seismic Toss|p2a: Rotom-Wash
|-damage|p2a: Rotom-Wash|140\/299 brn
|
|-weather|SunnyDay|[upkeep]
|-heal|p2a: Rotom-Wash|158\/299 brn|[from] item: Leftovers
|-damage|p2a: Rotom-Wash|121\/299 brn|[from] brn
|turn|43
|
|switch|p1a: Not Mega|Sableye-Mega, F|304\/304
|move|p2a: Rotom-Wash|Pain Split|p1a: Not Mega
|-sethp|p1a: Not Mega|212\/304|p2a: Rotom-Wash|212\/299 brn|[from] move: Pain Split
|
|-weather|SunnyDay|[upkeep]
|-heal|p2a: Rotom-Wash|230\/299 brn|[from] item: Leftovers
|-damage|p2a: Rotom-Wash|193\/299 brn|[from] brn
|turn|44
|
|switch|p1a: Baby Blobby|Chansey, F|616\/704
|move|p2a: Rotom-Wash|Volt Switch|p1a: Baby Blobby
|-damage|p1a: Baby Blobby|559\/704
|
|switch|p2a: Conkeldurr|Conkeldurr, F|413\/413
|
|-weather|none
|turn|45
|
|switch|p1a: Not Mega|Sableye-Mega, F|212\/304
|switch|p2a: Rotom-Wash|Rotom-Wash|193\/299 brn
|
|-heal|p2a: Rotom-Wash|211\/299 brn|[from] item: Leftovers
|-damage|p2a: Rotom-Wash|174\/299 brn|[from] brn
|turn|46
|
|switch|p1a: Baby Blobby|Chansey, F|559\/704
|move|p2a: Rotom-Wash|Volt Switch|p1a: Baby Blobby
|-damage|p1a: Baby Blobby|499\/704
|
|switch|p2a: Azumarill|Azumarill, F|404\/404
|
|turn|47
|c|âAmoongbro|fucking sick of that cancer washing machine in every match. all it does is heal and fucking wisp stalling troll. absolute worst stall pokemon there is pure aids
|
|switch|p1a: Uncle Blobby|Quagsire, M, shiny|394\/394
|move|p2a: Azumarill|Play Rough|p1a: Uncle Blobby
|-damage|p1a: Uncle Blobby|237\/394
|
|-heal|p1a: Uncle Blobby|261\/394|[from] item: Leftovers
|turn|48
|
|switch|p2a: Ferrothorn|Ferrothorn, M|291\/349
|move|p1a: Uncle Blobby|Recover|p1a: Uncle Blobby
|-heal|p1a: Uncle Blobby|394\/394
|
|-heal|p2a: Ferrothorn|312\/349|[from] item: Leftovers
|turn|49
|
|switch|p1a: Not Mega|Sableye-Mega, F|212\/304
|switch|p2a: Azumarill|Azumarill, F|404\/404
|
|turn|50
|c|âaguila74|says a fool who only knows how to use stall lol
|
|switch|p2a: Charizard|Charizard-Mega-Y, F|297\/297
|-weather|SunnyDay
|switch|p1a: Uncle Blobby|Quagsire, M, shiny|394\/394
|
|-weather|SunnyDay|[upkeep]
|turn|51
|c|âAmoongbro|eh?
|c|âAmoongbro|i have loads of teams
|
|switch|p2a: Rotom-Wash|Rotom-Wash|174\/299 brn
|switch|p1a: Baby Blobby|Chansey, F|499\/704
|
|-weather|SunnyDay|[upkeep]
|-heal|p2a: Rotom-Wash|192\/299 brn|[from] item: Leftovers
|-damage|p2a: Rotom-Wash|155\/299 brn|[from] brn
|turn|52
|c|âAmoongbro|i prefer to use stall teams but i have teams of all kinds you moron
|
|move|p2a: Rotom-Wash|Pain Split|p1a: Baby Blobby
|-sethp|p1a: Baby Blobby|327\/704|p2a: Rotom-Wash|299\/299 brn|[from] move: Pain Split
|move|p1a: Baby Blobby|Seismic Toss|p2a: Rotom-Wash
|-damage|p2a: Rotom-Wash|199\/299 brn
|
|-weather|SunnyDay|[upkeep]
|-heal|p2a: Rotom-Wash|217\/299 brn|[from] item: Leftovers
|-damage|p2a: Rotom-Wash|180\/299 brn|[from] brn
|turn|53
|c|âAmoongbro|rotom-w is a cheap pokemon for noobs
|c|âAmoongbro|switch out now noob
|
|move|p2a: Rotom-Wash|Pain Split|p1a: Baby Blobby
|-sethp|p1a: Baby Blobby|253\/704|p2a: Rotom-Wash|253\/299 brn|[from] move: Pain Split
|move|p1a: Baby Blobby|Soft-Boiled|p1a: Baby Blobby
|-heal|p1a: Baby Blobby|605\/704
|
|-weather|SunnyDay|[upkeep]
|-heal|p2a: Rotom-Wash|271\/299 brn|[from] item: Leftovers
|-damage|p2a: Rotom-Wash|234\/299 brn|[from] brn
|turn|54
|c|âAmoongbro|i know what cancerous things you do...get the hp to half with pain split then volt switch out
|c|âAmoongbro|you got lucky with getting burned too
|c|âaguila74|:**
|c|âaguila74|.l.
|c|âAmoongbro|i didnt even want you to be burned
|
|switch|p1a: Mr Blobby|Amoonguss, M|422\/432
|move|p2a: Rotom-Wash|Volt Switch|p1a: Mr Blobby
|-resisted|p1a: Mr Blobby
|-damage|p1a: Mr Blobby|386\/432
|
|switch|p2a: Ferrothorn|Ferrothorn, M|312\/349
|
|-weather|none
|-heal|p2a: Ferrothorn|333\/349|[from] item: Leftovers
|turn|55
|
|switch|p1a: Not Mega|Sableye-Mega, F|212\/304
|move|p2a: Ferrothorn|Gyro Ball|p1a: Not Mega
|-damage|p1a: Not Mega|194\/304
|
|-heal|p2a: Ferrothorn|349\/349|[from] item: Leftovers
|turn|56
|c|âaguila74|recover...
|c|âAmoongbro|you're like every other cancer on here. cant get rocks up so just pp stall with rotom
|c|âAmoongbro|noob that desperately wants rocks up so just stalls with rotom instead
|c|âAmoongbro|um...
|c|âaguila74|:**
|c|âAmoongbro|recover cause you go to charizard every time...duh derp
|c|âaguila74|;D
|
|switch|p2a: Charizard|Charizard-Mega-Y, F|297\/297
|-weather|SunnyDay
|move|p1a: Not Mega|Recover|p1a: Not Mega
|-heal|p1a: Not Mega|304\/304
|
|-weather|SunnyDay|[upkeep]
|turn|57
|
|switch|p2a: Rotom-Wash|Rotom-Wash|234\/299 brn
|switch|p1a: Baby Blobby|Chansey, F|605\/704
|
|-weather|SunnyDay|[upkeep]
|-heal|p2a: Rotom-Wash|252\/299 brn|[from] item: Leftovers
|-damage|p2a: Rotom-Wash|215\/299 brn|[from] brn
|turn|58
|c|âAmoongbro|fuck it
|c|âAmoongbro|w\/e
|c|âaguila74|.l.
|c|âAmoongbro|burn me
|
|switch|p1a: Mr Blobby|Amoonguss, M|432\/432
|move|p2a: Rotom-Wash|Will-O-Wisp|p1a: Mr Blobby
|-status|p1a: Mr Blobby|brn
|
|-weather|SunnyDay|[upkeep]
|-heal|p2a: Rotom-Wash|233\/299 brn|[from] item: Leftovers
|-damage|p2a: Rotom-Wash|196\/299 brn|[from] brn
|-damage|p1a: Mr Blobby|378\/432 brn|[from] brn
|turn|59
|c|âaguila74|lol xd
|
|move|p2a: Rotom-Wash|Volt Switch|p1a: Mr Blobby
|-resisted|p1a: Mr Blobby
|-damage|p1a: Mr Blobby|342\/432 brn
|
|switch|p2a: Ferrothorn|Ferrothorn, M|349\/349
|move|p1a: Mr Blobby|Giga Drain|p2a: Ferrothorn
|-resisted|p2a: Ferrothorn
|-damage|p2a: Ferrothorn|335\/349
|-heal|p1a: Mr Blobby|349\/432 brn|[from] drain|[of] p2a: Ferrothorn
|
|-weather|SunnyDay|[upkeep]
|-heal|p2a: Ferrothorn|349\/349|[from] item: Leftovers
|-damage|p1a: Mr Blobby|295\/432 brn|[from] brn
|turn|60
|
|switch|p1a: Not Mega|Sableye-Mega, F|304\/304
|switch|p2a: Donphan|Donphan, M|379\/379
|
|-weather|none
|turn|61
|
|switch|p2a: Charizard|Charizard-Mega-Y, F|297\/297
|-weather|SunnyDay
|move|p1a: Not Mega|Will-O-Wisp|p2a: Charizard
|-fail|p2a: Charizard
|
|-weather|SunnyDay|[upkeep]
|turn|62
|c|âaguila74|lol
|c|âaguila74|:P
|c|âAmoongbro|you think you predicted there \/sigh
|c|âAmoongbro|mega sableye can do nothing against charizard
|c|âaguila74|:**
|c|âaguila74|JAJA
|c|âAmoongbro|its a 100% safe option
|
|switch|p2a: Conkeldurr|Conkeldurr, F|413\/413
|switch|p1a: Baby Blobby|Chansey, F|605\/704
|
|-weather|SunnyDay|[upkeep]
|turn|63
|c|âaguila74|and shut up and play
|c|âAmoongbro|wouldnt have mattered if i used knock off...you have roost and it does like no damage
|
|switch|p1a: Mrs Blobby|Alomomola, F|529\/529
|move|p2a: Conkeldurr|Drain Punch|p1a: Mrs Blobby
|-damage|p1a: Mrs Blobby|405\/529
|
|-weather|SunnyDay|[upkeep]
|turn|64
|
|switch|p1a: Not Mega|Sableye-Mega, F|304\/304
|switch|p2a: Rotom-Wash|Rotom-Wash|196\/299 brn
|
|-weather|SunnyDay|[upkeep]
|-heal|p2a: Rotom-Wash|214\/299 brn|[from] item: Leftovers
|-damage|p2a: Rotom-Wash|177\/299 brn|[from] brn
|turn|65
|c|âaguila74|predict xD
|c|âAmoongbro|charizard meh
|
|move|p2a: Rotom-Wash|Volt Switch|p1a: Not Mega
|-damage|p1a: Not Mega|223\/304
|c|âAmoongbro|you go int charizard every time
|c|âAmoongbro|no predict
|
|switch|p2a: Charizard|Charizard-Mega-Y, F|297\/297
|move|p1a: Not Mega|Knock Off|p2a: Charizard
|-damage|p2a: Charizard|216\/297
|
|-weather|none
|turn|66
|
|switch|p2a: Rotom-Wash|Rotom-Wash|177\/299 brn
|switch|p1a: Baby Blobby|Chansey, F|605\/704
|
|-heal|p2a: Rotom-Wash|195\/299 brn|[from] item: Leftovers
|-damage|p2a: Rotom-Wash|158\/299 brn|[from] brn
|turn|67
|
|switch|p1a: Not Mega|Sableye-Mega, F|223\/304
|move|p2a: Rotom-Wash|Pain Split|p1a: Not Mega
|-sethp|p1a: Not Mega|190\/304|p2a: Rotom-Wash|190\/299 brn|[from] move: Pain Split
|
|-heal|p2a: Rotom-Wash|208\/299 brn|[from] item: Leftovers
|-damage|p2a: Rotom-Wash|171\/299 brn|[from] brn
|turn|68
|c|âAmoongbro|if you were toxiced your rotom would be dead
|c|âaguila74|:*****
|c|âaguila74|.l.
|c|âAmoongbro|cause youve made like 4-5 predicted moved with rotom on the bounce
|c|âAmoongbro|so like i said you got lucky
|
|switch|p1a: Mr Blobby|Amoonguss, M|432\/432 brn
|move|p2a: Rotom-Wash|Hydro Pump|p1a: Mr Blobby
|-resisted|p1a: Mr Blobby
|-damage|p1a: Mr Blobby|375\/432 brn
|
|-heal|p2a: Rotom-Wash|189\/299 brn|[from] item: Leftovers
|-damage|p2a: Rotom-Wash|152\/299 brn|[from] brn
|-damage|p1a: Mr Blobby|321\/432 brn|[from] brn
|turn|69
|
|switch|p2a: Ferrothorn|Ferrothorn, M|349\/349
|move|p1a: Mr Blobby|Foul Play|p2a: Ferrothorn
|-damage|p2a: Ferrothorn|326\/349
|-damage|p1a: Mr Blobby|267\/432 brn|[from] ability: Iron Barbs|[of] p2a: Ferrothorn
|
|-heal|p2a: Ferrothorn|347\/349|[from] item: Leftovers
|-damage|p1a: Mr Blobby|213\/432 brn|[from] brn
|turn|70
|
|switch|p1a: Not Mega|Sableye-Mega, F|190\/304
|move|p2a: Ferrothorn|Leech Seed|p1a: Not Mega
|move|p1a: Not Mega|Leech Seed|p2a: Ferrothorn|[from]Magic Bounce
|-immune|p2a: Ferrothorn|[msg]
|
|-heal|p2a: Ferrothorn|349\/349|[from] item: Leftovers
|turn|71
|
|switch|p2a: Charizard|Charizard-Mega-Y, F|216\/297
|-weather|SunnyDay
|move|p1a: Not Mega|Recover|p1a: Not Mega
|-heal|p1a: Not Mega|304\/304
|
|-weather|SunnyDay|[upkeep]
|turn|72
|
|switch|p2a: Rotom-Wash|Rotom-Wash|152\/299 brn
|switch|p1a: Baby Blobby|Chansey, F|605\/704
|
|-weather|SunnyDay|[upkeep]
|-heal|p2a: Rotom-Wash|170\/299 brn|[from] item: Leftovers
|-damage|p2a: Rotom-Wash|133\/299 brn|[from] brn
|turn|73
|c|âAmoongbro|guy with 3 attacking mons playing defensively
|
|switch|p1a: Mr Blobby|Amoonguss, M|357\/432 brn
|move|p2a: Rotom-Wash|Pain Split|p1a: Mr Blobby
|-sethp|p1a: Mr Blobby|245\/432 brn|p2a: Rotom-Wash|245\/299 brn|[from] move: Pain Split
|
|-weather|SunnyDay|[upkeep]
|-heal|p2a: Rotom-Wash|263\/299 brn|[from] item: Leftovers
|-damage|p2a: Rotom-Wash|226\/299 brn|[from] brn
|-damage|p1a: Mr Blobby|191\/432 brn|[from] brn
|turn|74
|c|âaguila74|:P
|
|switch|p1a: Baby Blobby|Chansey, F|605\/704
|move|p2a: Rotom-Wash|Volt Switch|p1a: Baby Blobby
|-damage|p1a: Baby Blobby|547\/704
|c|âAmoongbro|keep deluding yourself
|c|âAmoongbro|thinking rotom-w is not stall
|c|âaguila74|:B!
|
|switch|p2a: Donphan|Donphan, M|379\/379
|
|-weather|SunnyDay|[upkeep]
|turn|75
|c|âaguila74|:c
|c|âaguila74|c:
|c|âAmoongbro|does it ever get any ohkos for you?
|c|âAmoongbro|no
|c|âaguila74|:L
|c|âAmoongbro|it just sits there and heals for eternity
|c|âaguila74|plays..
|
|switch|p1a: Not Mega|Sableye-Mega, F|304\/304
|move|p2a: Donphan|Earthquake|p1a: Not Mega
|-damage|p1a: Not Mega|220\/304
|
|-weather|none
|turn|76
|
|switch|p2a: Charizard|Charizard-Mega-Y, F|216\/297
|-weather|SunnyDay
|move|p1a: Not Mega|Knock Off|p2a: Charizard
|-damage|p2a: Charizard|135\/297
|
|-weather|SunnyDay|[upkeep]
|turn|77
|
|switch|p1a: Baby Blobby|Chansey, F|547\/704
|move|p2a: Charizard|Roost|p2a: Charizard
|-heal|p2a: Charizard|284\/297
|
|-weather|SunnyDay|[upkeep]
|turn|78
|
|switch|p2a: Azumarill|Azumarill, F|404\/404
|move|p1a: Baby Blobby|Seismic Toss|p2a: Azumarill
|-damage|p2a: Azumarill|304\/404
|
|-weather|SunnyDay|[upkeep]
|turn|79
|
|switch|p1a: Uncle Blobby|Quagsire, M, shiny|394\/394
|switch|p2a: Ferrothorn|Ferrothorn, M|349\/349
|
|-weather|SunnyDay|[upkeep]
|turn|80
|
|switch|p1a: Not Mega|Sableye-Mega, F|220\/304
|move|p2a: Ferrothorn|Leech Seed|p1a: Not Mega
|move|p1a: Not Mega|Leech Seed|p2a: Ferrothorn|[from]Magic Bounce
|-immune|p2a: Ferrothorn|[msg]
|
|-weather|none
|turn|81
|
|switch|p2a: Charizard|Charizard-Mega-Y, F|284\/297
|-weather|SunnyDay
|move|p1a: Not Mega|Knock Off|p2a: Charizard
|-damage|p2a: Charizard|206\/297
|
|-weather|SunnyDay|[upkeep]
|turn|82
|c|âaguila74|if you have too much free time you have to do nothing in life lol
|
|switch|p1a: Baby Blobby|Chansey, F|547\/704
|move|p2a: Charizard|Focus Blast|p1a: Baby Blobby|[miss]
|-miss|p2a: Charizard|p1a: Baby Blobby
|
|-weather|SunnyDay|[upkeep]
|turn|83
|c|âAmoongbro|talking about yourself
|c|âAmoongbro|btw if that hit i could still softboiled
|c|âaguila74|you give me pity: c
|c|âAmoongbro|unless it crit
|
|switch|p2a: Rotom-Wash|Rotom-Wash|226\/299 brn
|move|p1a: Baby Blobby|Seismic Toss|p2a: Rotom-Wash
|-damage|p2a: Rotom-Wash|126\/299 brn
|
|-weather|SunnyDay|[upkeep]
|-heal|p2a: Rotom-Wash|144\/299 brn|[from] item: Leftovers
|-damage|p2a: Rotom-Wash|107\/299 brn|[from] brn
|turn|84
|c|âAmoongbro|oh here it is again
|c|âAmoongbro|pain split obv
|c|âAmoongbro|stalling troll at its finest
|c|âaguila74|obv :B
|
|switch|p1a: Mr Blobby|Amoonguss, M|335\/432 brn
|move|p2a: Rotom-Wash|Pain Split|p1a: Mr Blobby
|-sethp|p1a: Mr Blobby|221\/432 brn|p2a: Rotom-Wash|221\/299 brn|[from] move: Pain Split
|
|-weather|SunnyDay|[upkeep]
|-heal|p2a: Rotom-Wash|239\/299 brn|[from] item: Leftovers
|-damage|p2a: Rotom-Wash|202\/299 brn|[from] brn
|-damage|p1a: Mr Blobby|167\/432 brn|[from] brn
|turn|85
|c|âaguila74|poor idiot uses stall and complains to stall lol
|
|switch|p1a: Baby Blobby|Chansey, F|547\/704
|move|p2a: Rotom-Wash|Volt Switch|p1a: Baby Blobby
|-damage|p1a: Baby Blobby|487\/704
|c|âAmoongbro|im not complaining about stall as a tactic
|c|âAmoongbro|just one pokemon, theres a difference
|
|switch|p2a: Azumarill|Azumarill, F|304\/404
|
|-weather|none
|turn|86
|c|âAmoongbro|you also get a free switch in
|c|âAmoongbro|if volt switch was made so you had to make your choice who to switch to before th move was applied youd suck
|c|âAmoongbro|youd have no idea who to bring in
|
|switch|p1a: Uncle Blobby|Quagsire, M, shiny|394\/394
|switch|p2a: Rotom-Wash|Rotom-Wash|202\/299 brn
|
|-heal|p2a: Rotom-Wash|220\/299 brn|[from] item: Leftovers
|-damage|p2a: Rotom-Wash|183\/299 brn|[from] brn
|turn|87
|c|âaguila74|then stop mourn for Rotom-wash: v
|c|âAmoongbro|all volt switchers and u turners are the same. completely removes prediction
|c|âAmoongbro|like i said...if you had to make the switch before the move applied you would suck
|-message|aguila74 lost due to inactivity.
|c|âaguila74|:**
|
|win|Amoongbro
|raw|Ladder updating...
|raw|Amoongbro's rating: 1579 &rarr; <strong>1591<\/strong><br \/>(+12 for winning)
|raw|aguila74's rating: 1447 &rarr; <strong>1435<\/strong><br \/>(-12 for losing)
|leave|aguila74
|player|p2