|join|Amoongbro
|join|timetock
|player|p1|Amoongbro|170
|player|p2|timetock|50
|gametype|singles
|gen|6
|tier|OU
|rated
|clearpoke
|poke|p1|Chansey, F, shiny
|poke|p1|Skarmory, F, shiny
|poke|p1|Alomomola, F, shiny
|poke|p1|Amoonguss, F, shiny
|poke|p1|Quagsire, M, shiny
|poke|p1|Sableye, F, shiny
|poke|p2|Whimsicott, F
|poke|p2|Slowbro, F
|poke|p2|Chansey, F
|poke|p2|Ditto
|poke|p2|Gliscor, M
|poke|p2|Tentacruel, F
|rule|Swagger Clause: Swagger is banned
|rule|Baton Pass Clause: Limit one PokÃ©mon knowing Baton Pass
|rule|Sleep Clause Mod: Limit one foe put to sleep
|rule|Species Clause: Limit one of each PokÃ©mon
|rule|OHKO Clause: OHKO moves are banned
|rule|Moody Clause: Moody is banned
|rule|Evasion Moves Clause: Evasion moves are banned
|rule|Endless Battle Clause: Forcing endless battles is banned
|rule|HP Percentage Mod: HP is shown in percentages
|teampreview
|c|âAmoongbro|so is my luck that bad really? just logged on first match full stall v full stall
|
|start
|switch|p1a: Not Mega|Sableye, F, shiny|304\/304
|switch|p2a: Whimsicott|Whimsicott, F|323\/323
|turn|1
|c|âtimetock|some here bro
|
|detailschange|p1a: Not Mega|Sableye-Mega, F, shiny
|-mega|p1a: Not Mega|Sableye|Sablenite
|move|p2a: Whimsicott|Substitute|p2a: Whimsicott
|-start|p2a: Whimsicott|Substitute
|-damage|p2a: Whimsicott|243\/323
|move|p1a: Not Mega|Knock Off|p2a: Whimsicott
|-resisted|p2a: Whimsicott
|-activate|p2a: Whimsicott|Substitute|[damage]
|
|-heal|p2a: Whimsicott|263\/323|[from] item: Leftovers
|turn|2
|
|switch|p1a: Mr Blobby|Amoonguss, F, shiny|432\/432
|move|p2a: Whimsicott|Moonblast|p1a: Mr Blobby
|-resisted|p1a: Mr Blobby
|-damage|p1a: Mr Blobby|395\/432
|
|-heal|p2a: Whimsicott|283\/323|[from] item: Leftovers
|turn|3
|c|âtimetock|"not mega"
|c|âtimetock|oh my
|c|âAmoongbro|lol
|c|âAmoongbro|youd be surprised how many fall for it tho
|
|switch|p2a: Gliscor|Gliscor, M|353\/353
|move|p1a: Mr Blobby|Clear Smog|p2a: Gliscor
|-resisted|p2a: Gliscor
|-damage|p2a: Gliscor|323\/353
|-clearboost|p2a: Gliscor
|
|-status|p2a: Gliscor|tox|[from] item: Toxic Orb
|turn|4
|
|switch|p1a: Not Mega|Sableye-Mega, F, shiny|304\/304
|move|p2a: Gliscor|Substitute|p2a: Gliscor
|-start|p2a: Gliscor|Substitute
|-damage|p2a: Gliscor|235\/353 tox
|
|-heal|p2a: Gliscor|279\/353 tox|[from] ability: Poison Heal
|turn|5
|
|move|p2a: Gliscor|Baton Pass|p2a: Gliscor
|
|switch|p2a: Ditto|Ditto|300\/300
|-transform|p2a: Ditto|p1a: Not Mega
|move|p1a: Not Mega|Dark Pulse|p2a: Ditto
|-activate|p2a: Ditto|Substitute|[damage]
|
|turn|6
|
|move|p2a: Ditto|Dark Pulse|p1a: Not Mega
|-damage|p1a: Not Mega|228\/304
|move|p1a: Not Mega|Dark Pulse|p2a: Ditto
|-end|p2a: Ditto|Substitute
|
|turn|7
|
|switch|p2a: Gliscor|Gliscor, M|279\/353 tox
|move|p1a: Not Mega|Dark Pulse|p2a: Gliscor
|-damage|p2a: Gliscor|180\/353 tox
|
|-heal|p2a: Gliscor|224\/353 tox|[from] ability: Poison Heal
|turn|8
|
|move|p2a: Gliscor|Substitute|p2a: Gliscor
|-start|p2a: Gliscor|Substitute
|-damage|p2a: Gliscor|136\/353 tox
|move|p1a: Not Mega|Dark Pulse|p2a: Gliscor
|-end|p2a: Gliscor|Substitute
|
|-heal|p2a: Gliscor|180\/353 tox|[from] ability: Poison Heal
|turn|9
|
|move|p2a: Gliscor|Baton Pass|p2a: Gliscor
|
|switch|p2a: Whimsicott|Whimsicott, F|283\/323
|move|p1a: Not Mega|Dark Pulse|p2a: Whimsicott
|-resisted|p2a: Whimsicott
|-damage|p2a: Whimsicott|229\/323
|
|-heal|p2a: Whimsicott|249\/323|[from] item: Leftovers
|turn|10
|
|switch|p2a: Tentacruel|Tentacruel, F|364\/364
|switch|p1a: Mr Blobby|Amoonguss, F, shiny|432\/432
|
|turn|11
|
|move|p2a: Tentacruel|Toxic Spikes|p1a: Mr Blobby
|-sidestart|p1: Amoongbro|move: Toxic Spikes
|move|p1a: Mr Blobby|Giga Drain|p2a: Tentacruel
|-damage|p2a: Tentacruel|301\/364
|-damage|p1a: Mr Blobby|400\/432|[from] ability: Liquid Ooze|[of] p2a: Tentacruel
|
|-heal|p2a: Tentacruel|323\/364|[from] item: Black Sludge
|turn|12
|
|move|p2a: Tentacruel|Scald|p1a: Mr Blobby
|-resisted|p1a: Mr Blobby
|-damage|p1a: Mr Blobby|370\/432
|-status|p1a: Mr Blobby|brn
|move|p1a: Mr Blobby|Giga Drain|p2a: Tentacruel
|-damage|p2a: Tentacruel|260\/364
|-damage|p1a: Mr Blobby|338\/432 brn|[from] ability: Liquid Ooze|[of] p2a: Tentacruel
|
|-heal|p2a: Tentacruel|282\/364|[from] item: Black Sludge
|-damage|p1a: Mr Blobby|284\/432 brn|[from] brn
|turn|13
|
|switch|p2a: Ditto|Ditto|300\/300
|-transform|p2a: Ditto|p1a: Mr Blobby
|switch|p1a: Baby Blobby|Chansey, F, shiny|704\/704
|-status|p1a: Baby Blobby|psn
|
|-damage|p1a: Baby Blobby|616\/704 psn|[from] psn
|turn|14
|
|switch|p2a: Whimsicott|Whimsicott, F|249\/323
|switch|p1a: Mr Blobby|Amoonguss, F, shiny|428\/432 brn
|-sideend|p1: Amoongbro|move: Toxic Spikes|[of] p1a: Mr Blobby
|
|-heal|p2a: Whimsicott|269\/323|[from] item: Leftovers
|-damage|p1a: Mr Blobby|374\/432 brn|[from] brn
|turn|15
|
|switch|p2a: Chansey|Chansey, F|704\/704
|move|p1a: Mr Blobby|Clear Smog|p2a: Chansey
|-damage|p2a: Chansey|671\/704
|-clearboost|p2a: Chansey
|
|-damage|p1a: Mr Blobby|320\/432 brn|[from] brn
|turn|16
|
|switch|p1a: Not Mega|Sableye-Mega, F, shiny|228\/304
|move|p2a: Chansey|Wish|p2a: Chansey
|
|turn|17
|c|âtimetock|does the effect of clear smog go through sub
|
|switch|p2a: Gliscor|Gliscor, M|180\/353 tox
|move|p1a: Not Mega|Dark Pulse|p2a: Gliscor
|-damage|p2a: Gliscor|69\/353 tox
|
|-heal|p2a: Gliscor|353\/353 tox|[from] move: Wish|[wisher] Chansey
|turn|18
|
|move|p2a: Gliscor|Substitute|p2a: Gliscor
|-start|p2a: Gliscor|Substitute
|-damage|p2a: Gliscor|265\/353 tox
|move|p1a: Not Mega|Dark Pulse|p2a: Gliscor
|-end|p2a: Gliscor|Substitute
|
|-heal|p2a: Gliscor|309\/353 tox|[from] ability: Poison Heal
|turn|19
|
|move|p2a: Gliscor|Knock Off|p1a: Not Mega
|-crit|p1a: Not Mega
|-damage|p1a: Not Mega|183\/304
|move|p1a: Not Mega|Dark Pulse|p2a: Gliscor
|-damage|p2a: Gliscor|212\/353 tox
|
|-heal|p2a: Gliscor|256\/353 tox|[from] ability: Poison Heal
|turn|20
|
|move|p2a: Gliscor|Knock Off|p1a: Not Mega
|-damage|p1a: Not Mega|151\/304
|move|p1a: Not Mega|Recover|p1a: Not Mega
|-heal|p1a: Not Mega|303\/304
|
|-heal|p2a: Gliscor|300\/353 tox|[from] ability: Poison Heal
|turn|21
|
|move|p2a: Gliscor|Baton Pass|p2a: Gliscor
|
|switch|p2a: Whimsicott|Whimsicott, F|269\/323
|move|p1a: Not Mega|Dark Pulse|p2a: Whimsicott
|-resisted|p2a: Whimsicott
|-damage|p2a: Whimsicott|217\/323
|
|-heal|p2a: Whimsicott|237\/323|[from] item: Leftovers
|turn|22
|
|switch|p1a: Mr Blobby|Amoonguss, F, shiny|432\/432 brn
|move|p2a: Whimsicott|Moonblast|p1a: Mr Blobby
|-resisted|p1a: Mr Blobby
|-damage|p1a: Mr Blobby|396\/432 brn
|
|-heal|p2a: Whimsicott|257\/323|[from] item: Leftovers
|-damage|p1a: Mr Blobby|342\/432 brn|[from] brn
|turn|23
|
|switch|p2a: Chansey|Chansey, F|671\/704
|move|p1a: Mr Blobby|Clear Smog|p2a: Chansey
|-crit|p2a: Chansey
|-damage|p2a: Chansey|619\/704
|-clearboost|p2a: Chansey
|
|-damage|p1a: Mr Blobby|288\/432 brn|[from] brn
|turn|24
|c|âtimetock|i think
|c|âtimetock|this is going to take a while
|c|âAmoongbro|hence my first comment
|
|switch|p1a: Not Mega|Sableye-Mega, F, shiny|303\/304
|move|p2a: Chansey|Wish|p2a: Chansey
|
|turn|25
|c|âtimetock|you got time to burn?
|c|âAmoongbro|yea like i said first match on
|
|switch|p2a: Slowbro|Slowbro, F|394\/394
|move|p1a: Not Mega|Knock Off|p2a: Slowbro
|-supereffective|p2a: Slowbro
|-damage|p2a: Slowbro|308\/394
|
|-heal|p2a: Slowbro|394\/394|[from] move: Wish|[wisher] Chansey
|turn|26
|
|move|p2a: Slowbro|Scald|p1a: Not Mega
|-damage|p1a: Not Mega|219\/304
|move|p1a: Not Mega|Will-O-Wisp|p2a: Slowbro|[miss]
|-miss|p1a: Not Mega|p2a: Slowbro
|
|turn|27
|
|switch|p1a: Mr Blobby|Amoonguss, F, shiny|432\/432 brn
|move|p2a: Slowbro|Scald|p1a: Mr Blobby
|-resisted|p1a: Mr Blobby
|-damage|p1a: Mr Blobby|393\/432 brn
|
|-damage|p1a: Mr Blobby|339\/432 brn|[from] brn
|turn|28
|
|switch|p1a: Not Mega|Sableye-Mega, F, shiny|219\/304
|detailschange|p2a: Slowbro|Slowbro-Mega, F
|-mega|p2a: Slowbro|Slowbro|Slowbronite
|move|p2a: Slowbro|Flamethrower|p1a: Not Mega
|-damage|p1a: Not Mega|140\/304
|
|turn|29
|
|move|p2a: Slowbro|Scald|p1a: Not Mega
|-damage|p1a: Not Mega|44\/304
|-status|p1a: Not Mega|brn
|move|p1a: Not Mega|Recover|p1a: Not Mega
|-heal|p1a: Not Mega|196\/304 brn
|
|-damage|p1a: Not Mega|158\/304 brn|[from] brn
|turn|30
|c|âtimetock|DIE
|c|âAmoongbro|well your getting lucky on the scalds i must say
|c|âtimetock|DIE IN A PIT OF FIRE AND WATER
|
|switch|p2a: Gliscor|Gliscor, M|300\/353 tox
|switch|p1a: Uncle Blobby|Quagsire, M, shiny|394\/394
|
|-heal|p2a: Gliscor|344\/353 tox|[from] ability: Poison Heal
|turn|31
|c|âtimetock|well you must concede that it's 30% chance burn
|c|âAmoongbro|i know what it is
|c|âAmoongbro|you got 1\/1
|c|âAmoongbro|theen 1\/2 on sableye
|
|move|p2a: Gliscor|Stealth Rock|p1a: Uncle Blobby
|-sidestart|p1: Amoongbro|move: Stealth Rock
|move|p1a: Uncle Blobby|Scald|p2a: Gliscor
|-supereffective|p2a: Gliscor
|-damage|p2a: Gliscor|168\/353 tox
|
|-heal|p2a: Gliscor|212\/353 tox|[from] ability: Poison Heal
|turn|32
|
|switch|p1a: Fuck Magnezone|Skarmory, F, shiny|334\/334
|-damage|p1a: Fuck Magnezone|293\/334|[from] Stealth Rock
|move|p2a: Gliscor|Knock Off|p1a: Fuck Magnezone
|-damage|p1a: Fuck Magnezone|254\/334
|-enditem|p1a: Fuck Magnezone|Shed Shell|[from] move: Knock Off|[of] p2a: Gliscor
|
|-heal|p2a: Gliscor|256\/353 tox|[from] ability: Poison Heal
|turn|33
|c|âtimetock|ah dear
|c|âtimetock|i wish i had magnet pull
|
|move|p2a: Gliscor|Substitute|p2a: Gliscor
|-start|p2a: Gliscor|Substitute
|-damage|p2a: Gliscor|168\/353 tox
|move|p1a: Fuck Magnezone|Stealth Rock|p2a: Gliscor
|-sidestart|p2: timetock|move: Stealth Rock
|
|-heal|p2a: Gliscor|212\/353 tox|[from] ability: Poison Heal
|turn|34
|c|âtimetock|sadly i must go
|c|âtimetock|i bid you farewell (wave)
|-message|timetock forfeited.
|
|win|Amoongbro
|raw|Ladder updating...
|raw|Amoongbro's rating: 1632 &rarr; <strong>1650<\/strong><br \/>(+18 for winning)
|raw|timetock's rating: 1593 &rarr; <strong>1575<\/strong><br \/>(-18 for losing)