|join|Mega-Nido
|join|Amoongbro
|player|p1|Mega-Nido|170
|player|p2|Amoongbro|169
|gametype|singles
|gen|6
|tier|OU
|rated
|clearpoke
|poke|p1|Mew
|poke|p1|Landorus-Therian, M
|poke|p1|Ferrothorn, M
|poke|p1|Azumarill, F
|poke|p1|Charizard, F, shiny
|poke|p1|Latias, F
|poke|p2|Chansey, F, shiny
|poke|p2|Skarmory, M, shiny
|poke|p2|Alomomola, F, shiny
|poke|p2|Amoonguss, M, shiny
|poke|p2|Quagsire, F, shiny
|poke|p2|Sableye, F, shiny
|rule|Swagger Clause: Swagger is banned
|rule|Baton Pass Clause: Limit one PokÃ©mon knowing Baton Pass
|rule|Sleep Clause Mod: Limit one foe put to sleep
|rule|Species Clause: Limit one of each PokÃ©mon
|rule|OHKO Clause: OHKO moves are banned
|rule|Moody Clause: Moody is banned
|rule|Evasion Moves Clause: Evasion moves are banned
|rule|Endless Battle Clause: Forcing endless battles is banned
|rule|HP Percentage Mod: HP is shown in percentages
|teampreview
|
|start
|switch|p1a: Mew|Mew|404\/404
|switch|p2a: Not Mega|Sableye, F, shiny|304\/304
|turn|1
|
|switch|p1a: Charizard|Charizard, F, shiny|328\/328
|detailschange|p2a: Not Mega|Sableye-Mega, F, shiny
|-mega|p2a: Not Mega|Sableye|Sablenite
|move|p2a: Not Mega|Knock Off|p1a: Charizard
|-damage|p1a: Charizard|250\/328
|
|turn|2
|
|switch|p2a: Baby Blobby|Chansey, F, shiny|704\/704
|detailschange|p1a: Charizard|Charizard-Mega-X, F, shiny
|-mega|p1a: Charizard|Charizard|Charizardite X
|move|p1a: Charizard|Dragon Claw|p2a: Baby Blobby
|-damage|p2a: Baby Blobby|442\/704
|
|turn|3
|
|switch|p1a: Mew|Mew|404\/404
|switch|p2a: Mrs Blobby|Alomomola, F, shiny|529\/529
|
|turn|4
|
|switch|p1a: Azumarill|Azumarill, F|355\/355
|switch|p2a: Not Mega|Sableye-Mega, F, shiny|304\/304
|
|turn|5
|
|switch|p2a: Uncle Blobby|Quagsire, F, shiny|394\/394
|move|p1a: Azumarill|Knock Off|p2a: Uncle Blobby
|-damage|p2a: Uncle Blobby|229\/394
|-enditem|p2a: Uncle Blobby|Leftovers|[from] move: Knock Off|[of] p1a: Azumarill
|
|turn|6
|
|switch|p1a: Ferrothorn|Ferrothorn, M|352\/352
|move|p2a: Uncle Blobby|Recover|p2a: Uncle Blobby
|-heal|p2a: Uncle Blobby|394\/394
|
|turn|7
|
|switch|p2a: Not Mega|Sableye-Mega, F, shiny|304\/304
|move|p1a: Ferrothorn|Leech Seed|p2a: Not Mega
|move|p2a: Not Mega|Leech Seed|p1a: Ferrothorn|[from]Magic Bounce
|-immune|p1a: Ferrothorn|[msg]
|
|turn|8
|
|switch|p1a: Charizard|Charizard-Mega-X, F, shiny|250\/328
|move|p2a: Not Mega|Shadow Ball|p1a: Charizard
|-damage|p1a: Charizard|151\/328
|
|turn|9
|
|switch|p2a: Mrs Blobby|Alomomola, F, shiny|529\/529
|move|p1a: Charizard|Roost|p1a: Charizard
|-heal|p1a: Charizard|315\/328
|
|turn|10
|
|switch|p1a: Mew|Mew|404\/404
|move|p2a: Mrs Blobby|Scald|p1a: Mew
|-damage|p1a: Mew|365\/404
|
|-heal|p1a: Mew|390\/404|[from] item: Leftovers
|turn|11
|
|switch|p2a: Not Mega|Sableye-Mega, F, shiny|304\/304
|move|p1a: Mew|Knock Off|p2a: Not Mega
|-damage|p2a: Not Mega|274\/304
|
|-heal|p1a: Mew|404\/404|[from] item: Leftovers
|turn|12
|
|switch|p1a: Charizard|Charizard-Mega-X, F, shiny|315\/328
|move|p2a: Not Mega|Knock Off|p1a: Charizard
|-damage|p1a: Charizard|252\/328
|
|turn|13
|
|switch|p1a: Mew|Mew|404\/404
|switch|p2a: Mrs Blobby|Alomomola, F, shiny|529\/529
|
|turn|14
|
|switch|p2a: Not Mega|Sableye-Mega, F, shiny|274\/304
|move|p1a: Mew|Knock Off|p2a: Not Mega
|-damage|p2a: Not Mega|244\/304
|
|turn|15
|
|switch|p1a: Charizard|Charizard-Mega-X, F, shiny|252\/328
|move|p2a: Not Mega|Knock Off|p1a: Charizard
|-damage|p1a: Charizard|186\/328
|
|turn|16
|
|switch|p2a: Mrs Blobby|Alomomola, F, shiny|529\/529
|move|p1a: Charizard|Roost|p1a: Charizard
|-heal|p1a: Charizard|328\/328
|
|turn|17
|
|switch|p1a: Ferrothorn|Ferrothorn, M|352\/352
|move|p2a: Mrs Blobby|Wish|p2a: Mrs Blobby
|
|turn|18
|
|switch|p2a: Not Mega|Sableye-Mega, F, shiny|244\/304
|switch|p1a: Azumarill|Azumarill, F|355\/355
|
|-heal|p2a: Not Mega|304\/304|[from] move: Wish|[wisher] Mrs Blobby
|turn|19
|
|switch|p2a: Mrs Blobby|Alomomola, F, shiny|529\/529
|move|p1a: Azumarill|Play Rough|p2a: Mrs Blobby
|-damage|p2a: Mrs Blobby|279\/529
|
|-heal|p2a: Mrs Blobby|312\/529|[from] item: Leftovers
|turn|20
|
|move|p1a: Azumarill|Play Rough|p2a: Mrs Blobby
|-damage|p2a: Mrs Blobby|89\/529
|move|p2a: Mrs Blobby|Wish|p2a: Mrs Blobby
|
|-heal|p2a: Mrs Blobby|122\/529|[from] item: Leftovers
|turn|21
|
|switch|p1a: Mew|Mew|404\/404
|move|p2a: Mrs Blobby|Protect|p2a: Mrs Blobby
|-fail|p2a: Mrs Blobby
|
|-heal|p2a: Mrs Blobby|386\/529|[from] move: Wish|[wisher] Mrs Blobby
|-heal|p2a: Mrs Blobby|419\/529|[from] item: Leftovers
|turn|22
|
|switch|p2a: Not Mega|Sableye-Mega, F, shiny|304\/304
|move|p1a: Mew|Knock Off|p2a: Not Mega
|-damage|p2a: Not Mega|274\/304
|
|turn|23
|
|switch|p1a: Charizard|Charizard-Mega-X, F, shiny|328\/328
|move|p2a: Not Mega|Knock Off|p1a: Charizard
|-damage|p1a: Charizard|270\/328
|
|turn|24
|
|switch|p2a: Mrs Blobby|Alomomola, F, shiny|529\/529
|move|p1a: Charizard|Dragon Dance|p1a: Charizard
|-boost|p1a: Charizard|atk|1
|-boost|p1a: Charizard|spe|1
|
|turn|25
|
|move|p1a: Charizard|Dragon Claw|p2a: Mrs Blobby
|-damage|p2a: Mrs Blobby|267\/529
|move|p2a: Mrs Blobby|Toxic|p1a: Charizard
|-status|p1a: Charizard|tox
|
|-heal|p2a: Mrs Blobby|300\/529|[from] item: Leftovers
|-damage|p1a: Charizard|250\/328 tox|[from] psn
|turn|26
|
|switch|p1a: Ferrothorn|Ferrothorn, M|352\/352
|move|p2a: Mrs Blobby|Protect|p2a: Mrs Blobby
|-fail|p2a: Mrs Blobby
|
|-heal|p2a: Mrs Blobby|333\/529|[from] item: Leftovers
|turn|27
|
|switch|p2a: Not Mega|Sableye-Mega, F, shiny|274\/304
|move|p1a: Ferrothorn|Gyro Ball|p2a: Not Mega
|-damage|p2a: Not Mega|255\/304
|
|turn|28
|
|switch|p1a: Charizard|Charizard-Mega-X, F, shiny|250\/328 tox
|move|p2a: Not Mega|Will-O-Wisp|p1a: Charizard
|-fail|p1a: Charizard
|
|-damage|p1a: Charizard|230\/328 tox|[from] psn
|turn|29
|
|switch|p1a: Ferrothorn|Ferrothorn, M|352\/352
|switch|p2a: Mrs Blobby|Alomomola, F, shiny|509\/529
|
|-heal|p2a: Mrs Blobby|529\/529|[from] item: Leftovers
|turn|30
|
|switch|p2a: Not Mega|Sableye-Mega, F, shiny|255\/304
|switch|p1a: Azumarill|Azumarill, F|355\/355
|
|turn|31
|c|âAmoongbro|lol stall v stall is so boring
|c|âMega-Nido|how is mine stall
|c|âMega-Nido|im just playing safely
|c|âAmoongbro|mew with knock roost wisp
|c|âMega-Nido|that's called a stallbreaker lmao
|c|âAmoongbro|ferrothorn with leech seed
|c|âMega-Nido|so i have two support pokemon?
|c|âAmoongbro|bulky charizard with roost
|c|âMega-Nido|doesnt make my team stall
|c|âAmoongbro|assault vest azu
|
|switch|p2a: Mrs Blobby|Alomomola, F, shiny|529\/529
|move|p1a: Azumarill|Play Rough|p2a: Mrs Blobby
|-damage|p2a: Mrs Blobby|282\/529
|
|-heal|p2a: Mrs Blobby|315\/529|[from] item: Leftovers
|turn|32
|
|switch|p1a: Mew|Mew|404\/404
|move|p2a: Mrs Blobby|Wish|p2a: Mrs Blobby
|
|-heal|p2a: Mrs Blobby|348\/529|[from] item: Leftovers
|turn|33
|c|âAmoongbro|lando is prob just rocks u turn and defensive too
|
|switch|p1a: Azumarill|Azumarill, F|355\/355
|switch|p2a: Not Mega|Sableye-Mega, F, shiny|255\/304
|
|-heal|p2a: Not Mega|304\/304|[from] move: Wish|[wisher] Mrs Blobby
|turn|34
|c|âMega-Nido|lol compared to a full team of fatties?
|c|âMega-Nido|at least i have offensive pressure
|c|âAmoongbro|i do
|c|âAmoongbro|you just dont see it
|
|switch|p2a: Mrs Blobby|Alomomola, F, shiny|524\/529
|move|p1a: Azumarill|Knock Off|p2a: Mrs Blobby
|-damage|p2a: Mrs Blobby|347\/529
|-enditem|p2a: Mrs Blobby|Leftovers|[from] move: Knock Off|[of] p1a: Azumarill
|
|turn|35
|c|âMega-Nido|lol with scald from alom?
|c|âMega-Nido|knock off from a sableye?
|c|âAmoongbro|cause youre switching
|
|switch|p1a: Ferrothorn|Ferrothorn, M|352\/352
|move|p2a: Mrs Blobby|Wish|p2a: Mrs Blobby
|
|turn|36
|c|âAmoongbro|like
|c|âAmoongbro|why would i attack when you always have something in that can ohko me
|c|âAmoongbro|so youre always gonna see healing
|c|âAmoongbro|funny that
|c|âMega-Nido|lol so it's my fault you have such a fatass team
|
|switch|p2a: Not Mega|Sableye-Mega, F, shiny|304\/304
|move|p1a: Ferrothorn|Leech Seed|p2a: Not Mega
|move|p2a: Not Mega|Leech Seed|p1a: Ferrothorn|[from]Magic Bounce
|-immune|p1a: Ferrothorn|[msg]
|
|turn|37
|c|âAmoongbro|nope
|c|âMega-Nido|this match would be finished in minutes if i was playing against something that wasnt stall
|c|âAmoongbro|same here
|c|âAmoongbro|my average turns per match is 40
|
|switch|p1a: Charizard|Charizard-Mega-X, F, shiny|230\/328 tox
|move|p2a: Not Mega|Shadow Ball|p1a: Charizard
|-damage|p1a: Charizard|130\/328 tox
|
|-damage|p1a: Charizard|110\/328 tox|[from] psn
|turn|38
|c|âMega-Nido|lol >charizard with ddance is stall
|c|âMega-Nido|nice reasoning
|c|âAmoongbro|instead of having all the common setsmaybe stick a move on a pokemon that can catch something on the switch
|c|âMega-Nido|>having roost makes it stall
|c|âMega-Nido|instead of playing with boring stall why dont you try to actually play better?
|c|âAmoongbro|well if it was attack minded you would probbaly use that roost slot on a coverage move to make it attack better just sayin
|c|âMega-Nido|lol except roost gives it longevity
|c|âMega-Nido|lmfao just cuz it has roost makes it a stall poke
|c|âAmoongbro|like i said...i fyou had a coverage move on charizard like thunder punch or something
|c|âAmoongbro|you could hit common switch ins
|c|âMega-Nido|like i said...if you used some real skill
|c|âMega-Nido|you could finish faster
|c|âAmoongbro|i am using skill
|c|âAmoongbro|you arent
|c|âMega-Nido|lol playing stall and saying you ouse skill
|c|âAmoongbro|bulky water pokemon are gonna switch in to charizard
|c|âMega-Nido|you're just switching in ez switches
|c|âMega-Nido|dont call that skill
|c|âAmoongbro|"stall takes no skill" argument
|c|âAmoongbro|no im not
|c|âAmoongbro|you are so retarded
|c|âMega-Nido|"roost makes a pokemon stall" argument
|
|move|p1a: Charizard|Roost|p1a: Charizard
|-heal|p1a: Charizard|274\/328 tox
|move|p2a: Not Mega|Knock Off|p1a: Charizard
|-damage|p1a: Charizard|211\/328 tox
|
|-damage|p1a: Charizard|171\/328 tox|[from] psn
|turn|39
|c|âMega-Nido|lol funny comment dumbass
|c|âAmoongbro|cant just keep chansey in against a keldeo, or switch into it, or switch into stuff with mola that has hidden power grass etc
|c|âAmoongbro|you have no idea how to play
|
|move|p1a: Charizard|Roost|p1a: Charizard
|-heal|p1a: Charizard|328\/328 tox
|move|p2a: Not Mega|Knock Off|p1a: Charizard
|-crit|p1a: Charizard
|-damage|p1a: Charizard|228\/328 tox
|
|-damage|p1a: Charizard|168\/328 tox|[from] psn
|turn|40
|c|âMega-Nido|wy would i prepare a team just for the occasional noob playing stall?
|c|âAmoongbro|like i said instead of taking a pokemon that your claiming is not stalling (that is just roosting) why dont you give it some coverage move and hit its counters on the switch dumb ass
|c|âAmoongbro|its not ocasional stallers lol
|c|âMega-Nido|it performs better with certain moves
|c|âMega-Nido|not thunder punch for a fucking alom
|c|âAmoongbro|sure it does
|c|âMega-Nido|that's only coverage for one pokemon
|c|âMega-Nido|damn you're fucking stupid
|c|âAmoongbro|wtf
|c|âAmoongbro|how many bulky waters are there
|c|âAmoongbro|mola is one pokemon you dumb ass
|c|âAmoongbro|and thunder punch is gonna kill frail strong attackers
|c|âAmoongbro|that are water
|c|âMega-Nido|lol so what else am i gonna need tpunch for
|c|âMega-Nido|dragon claw at +1 already kills keldeo
|c|âAmoongbro|any water type that switches in that is faster
|c|âMega-Nido|like...?
|
|switch|p1a: Ferrothorn|Ferrothorn, M|352\/352
|move|p2a: Not Mega|Knock Off|p1a: Ferrothorn
|-damage|p1a: Ferrothorn|279\/352
|-damage|p2a: Not Mega|266\/304|[from] ability: Iron Barbs|[of] p1a: Ferrothorn
|-enditem|p1a: Ferrothorn|Leftovers|[from] move: Knock Off|[of] p2a: Not Mega
|
|turn|41
|c|âAmoongbro|how about greninja
|c|âAmoongbro|hydro pump
|c|âMega-Nido|it's banned dumbass
|c|âAmoongbro|youre switching out
|c|âMega-Nido|while dclaw does just as much as tpunch
|c|âAmoongbro|mola is obv an example
|c|âAmoongbro|slowbro
|c|âMega-Nido|dclaw kills it anyway
|c|âAmoongbro|ok w\/e you know best
|c|âMega-Nido|252+ Atk Tough Claws Mega Charizard X Thunder Punch vs. 252 HP \/ 252+ Def Mega Slowbro: 112-134 (28.4 - 34%) -- 1.1% chance to 3HKO
|c|âMega-Nido|dumbass
|c|âMega-Nido|that's gonna do soo much
|c|âAmoongbro|who said mega you tard lol. hit your counters on the switch and predict
|c|âAmoongbro|and yours isnt even that spread either
|c|âMega-Nido|252+ Atk Tough Claws Mega Charizard X Thunder Punch vs. 252 HP \/ 252+ Def Slowbro: 162-192 (41.1 - 48.7%) -- guaranteed 3HKO
|c|âMega-Nido|lol.
|c|âAmoongbro|youre not 252 atk
|c|âMega-Nido|uh i am
|c|âAmoongbro|dude with rocks up
|c|âAmoongbro|also calc it at +1
|c|âMega-Nido|>hitting it on the switch-in
|c|âMega-Nido|doesnt mean a ddance
|c|âMega-Nido|lmfao calc it at +1
|c|âAmoongbro|sigh youre beyond reason
|c|âMega-Nido|sure
|c|âMega-Nido|whatever you say
|c|âMega-Nido|cuz you cant get a calc right
|c|âMega-Nido|idiot
|c|âAmoongbro|gonna say it one last time...hit your counters on the switch in or roost
|c|âAmoongbro|its up to you
|c|âMega-Nido|and yet slowbro slacks off and regains it's hp
|c|âAmoongbro|imo if you wanna attack attack. its like saying give mola all attack moves
|c|âMega-Nido|or twaves and keeps on slacking off
|
|switch|p1a: Latias|Latias, F|301\/301
|move|p2a: Not Mega|Knock Off|p1a: Latias
|-supereffective|p1a: Latias
|-damage|p1a: Latias|77\/301
|-enditem|p1a: Latias|Life Orb|[from] move: Knock Off|[of] p2a: Not Mega
|
|turn|42
|c|âMega-Nido|what's like giving mola attack moves...?
|c|âAmoongbro|like
|c|âAmoongbro|see that then
|c|âAmoongbro|thats called you getting outpredcted
|c|âAmoongbro|that called me hitting a switch in
|c|âMega-Nido|LOL
|c|âMega-Nido|no i brought it in for a reason u dumbass
|c|âMega-Nido|fuck you're the one beyond reason
|c|âAmoongbro|yup
|c|âAmoongbro|to healing wish zard
|c|âAmoongbro|to get toxiced again
|c|âMega-Nido|wow applause
|c|âMega-Nido|great job
|c|âMega-Nido|>outpredicted
|
|switch|p2a: Baby Blobby|Chansey, F, shiny|442\/704
|move|p1a: Latias|Healing Wish|p1a: Latias
|faint|p1a: Latias
|
|
|switch|p1a: Charizard|Charizard-Mega-X, F, shiny|168\/328 tox
|-heal|p1a: Charizard|328\/328|[from] move: Healing Wish
|turn|43
|c|âAmoongbro|its gonna get toxiced again so meh
|
|switch|p2a: Mrs Blobby|Alomomola, F, shiny|523\/529
|move|p1a: Charizard|Flare Blitz|p2a: Mrs Blobby
|-resisted|p2a: Mrs Blobby
|-damage|p2a: Mrs Blobby|387\/529
|-status|p2a: Mrs Blobby|brn
|-damage|p1a: Charizard|283\/328|[from] recoil|[of] p2a: Mrs Blobby
|
|-damage|p2a: Mrs Blobby|321\/529 brn|[from] brn
|turn|44
|
|switch|p1a: Ferrothorn|Ferrothorn, M|279\/352
|move|p2a: Mrs Blobby|Toxic|p1a: Ferrothorn
|-fail|p1a: Ferrothorn
|
|-damage|p2a: Mrs Blobby|255\/529 brn|[from] brn
|turn|45
|c|âAmoongbro|eventually it will get toxiced so its cool. you just sacrified a pokemon for nothing
|
|switch|p2a: Not Mega|Sableye-Mega, F, shiny|266\/304
|move|p1a: Ferrothorn|Power Whip|p2a: Not Mega
|-damage|p2a: Not Mega|185\/304
|
|turn|46
|
|switch|p1a: Charizard|Charizard-Mega-X, F, shiny|283\/328
|move|p2a: Not Mega|Recover|p2a: Not Mega
|-heal|p2a: Not Mega|304\/304
|
|turn|47
|
|switch|p2a: Uncle Blobby|Quagsire, F, shiny|394\/394
|move|p1a: Charizard|Dragon Claw|p2a: Uncle Blobby
|-damage|p2a: Uncle Blobby|222\/394
|
|turn|48
|c|âAmoongbro|by the waynice 10% burn chance 1\/1
|c|âMega-Nido|np
|c|âMega-Nido|maybe you should play chess if you don't want to complain about hacks
|c|âMega-Nido|and mechanisms in the game idiot
|
|switch|p1a: Ferrothorn|Ferrothorn, M|279\/352
|move|p2a: Uncle Blobby|Recover|p2a: Uncle Blobby
|-heal|p2a: Uncle Blobby|394\/394
|
|turn|49
|c|âAmoongbro|dude all ive said is you used it once and its 10% and you got it
|c|âMega-Nido|lol got it
|c|âMega-Nido|i like it too
|
|switch|p2a: Not Mega|Sableye-Mega, F, shiny|304\/304
|switch|p1a: Charizard|Charizard-Mega-X, F, shiny|283\/328
|
|turn|50
|c|âMega-Nido|:)
|
|switch|p2a: Uncle Blobby|Quagsire, F, shiny|394\/394
|move|p1a: Charizard|Dragon Claw|p2a: Uncle Blobby
|-damage|p2a: Uncle Blobby|217\/394
|
|turn|51
|
|switch|p1a: Ferrothorn|Ferrothorn, M|279\/352
|move|p2a: Uncle Blobby|Recover|p2a: Uncle Blobby
|-heal|p2a: Uncle Blobby|394\/394
|
|turn|52
|
|switch|p2a: Not Mega|Sableye-Mega, F, shiny|304\/304
|move|p1a: Ferrothorn|Power Whip|p2a: Not Mega
|-damage|p2a: Not Mega|223\/304
|
|turn|53
|
|switch|p1a: Charizard|Charizard-Mega-X, F, shiny|283\/328
|move|p2a: Not Mega|Recover|p2a: Not Mega
|-heal|p2a: Not Mega|304\/304
|
|turn|54
|c|âMega-Nido|btw if you calc char's damage against quag or your chansey
|c|âMega-Nido|you'll see that it's actually 252 adamant
|c|âMega-Nido|just saying
|
|switch|p1a: Ferrothorn|Ferrothorn, M|279\/352
|switch|p2a: Uncle Blobby|Quagsire, F, shiny|394\/394
|
|turn|55
|
|switch|p2a: Not Mega|Sableye-Mega, F, shiny|304\/304
|switch|p1a: Azumarill|Azumarill, F|355\/355
|
|turn|56
|
|switch|p2a: Uncle Blobby|Quagsire, F, shiny|394\/394
|move|p1a: Azumarill|Play Rough|p2a: Uncle Blobby
|-damage|p2a: Uncle Blobby|150\/394
|-unboost|p2a: Uncle Blobby|atk|1
|
|turn|57
|c|âMega-Nido|choice band makes azu have less counters like quag
|
|switch|p1a: Charizard|Charizard-Mega-X, F, shiny|283\/328
|switch|p2a: Fuck Magnezone|Skarmory, M, shiny|334\/334
|
|turn|58
|c|âMega-Nido|chose it just to break such walls
|
|switch|p2a: Mrs Blobby|Alomomola, F, shiny|431\/529 brn
|move|p1a: Charizard|Dragon Claw|p2a: Mrs Blobby
|-damage|p2a: Mrs Blobby|256\/529 brn
|
|-damage|p2a: Mrs Blobby|190\/529 brn|[from] brn
|turn|59
|c|âAmoongbro|dude the only reaosn that happened is cause mola is burned
|c|âAmoongbro|which was a total fluke like i said
|c|âMega-Nido|lol
|c|âMega-Nido|like i said
|c|âMega-Nido|go play chess
|
|switch|p2a: Uncle Blobby|Quagsire, F, shiny|150\/394
|move|p1a: Charizard|Dragon Claw|p2a: Uncle Blobby
|-damage|p2a: Uncle Blobby|0 fnt
|faint|p2a: Uncle Blobby
|
|c|âAmoongbro|shut up it was a 1\/1
|c|âMega-Nido|"outpredicted" was that what you said?
|c|âAmoongbro|yeah that knock off on your lati was outpredicted
|c|âMega-Nido|LOL
|c|âMega-Nido|gaave me the healing wish to fuck up your quag
|c|âAmoongbro|dude if you didnt burn you would just have been toxiced again
|c|âAmoongbro|like i said quag would not have been coming in ever
|c|âMega-Nido|or i couldve just switched out
|c|âMega-Nido|duh
|c|âAmoongbro|if mola was not burned
|
|switch|p2a: Mrs Blobby|Alomomola, F, shiny|366\/529 brn
|turn|60
|
|switch|p1a: Ferrothorn|Ferrothorn, M|279\/352
|move|p2a: Mrs Blobby|Toxic|p1a: Ferrothorn
|-fail|p1a: Ferrothorn
|
|-damage|p2a: Mrs Blobby|300\/529 brn|[from] brn
|turn|61
|
|switch|p2a: Not Mega|Sableye-Mega, F, shiny|304\/304
|move|p1a: Ferrothorn|Power Whip|p2a: Not Mega
|-damage|p2a: Not Mega|223\/304
|
|turn|62
|
|switch|p1a: Charizard|Charizard-Mega-X, F, shiny|283\/328
|move|p2a: Not Mega|Recover|p2a: Not Mega
|-heal|p2a: Not Mega|304\/304
|
|turn|63
|
|switch|p2a: Mrs Blobby|Alomomola, F, shiny|476\/529 brn
|move|p1a: Charizard|Dragon Claw|p2a: Mrs Blobby
|-damage|p2a: Mrs Blobby|307\/529 brn
|
|-damage|p2a: Mrs Blobby|241\/529 brn|[from] brn
|turn|64
|
|switch|p1a: Ferrothorn|Ferrothorn, M|279\/352
|move|p2a: Mrs Blobby|Wish|p2a: Mrs Blobby
|
|-damage|p2a: Mrs Blobby|175\/529 brn|[from] brn
|turn|65
|
|switch|p2a: Not Mega|Sableye-Mega, F, shiny|304\/304
|move|p1a: Ferrothorn|Stealth Rock|p2a: Not Mega
|move|p2a: Not Mega|Stealth Rock|p1a: Ferrothorn|[from]Magic Bounce
|-sidestart|p1: Mega-Nido|move: Stealth Rock
|
|turn|66
|c|âAmoongbro|again i knew you would do that cause your a noob
|c|âMega-Nido|lol
|c|âAmoongbro|thats another predict
|c|âMega-Nido|just like how the noob killed predicted your quagsire switch
|c|âAmoongbro|youre so predicatble
|c|âMega-Nido|ez
|c|âAmoongbro|dude i sacked quag it was at 30%
|c|âAmoongbro|and again
|c|âMega-Nido|sure call it a sack
|c|âAmoongbro|that only happened caus eyou burned mola
|c|âMega-Nido|that's why you brought in alom
|c|âMega-Nido|lol you're so hopeless
|c|âMega-Nido|cant admit getting predicted
|c|âAmoongbro|dude mola couldnt switch in take a hit + burn with no lefties
|c|âAmoongbro|so yeah lets sack mola
|c|âAmoongbro|then have a quag at 30% that dies
|c|âAmoongbro|awesome predictions
|
|switch|p1a: Charizard|Charizard-Mega-X, F, shiny|283\/328
|-damage|p1a: Charizard|201\/328|[from] Stealth Rock
|move|p2a: Not Mega|Shadow Ball|p1a: Charizard
|-damage|p1a: Charizard|111\/328
|
|turn|67
|c|âMega-Nido|lol sure complain however you want
|
|switch|p2a: Mrs Blobby|Alomomola, F, shiny|351\/529 brn
|move|p1a: Charizard|Dragon Claw|p2a: Mrs Blobby
|-damage|p2a: Mrs Blobby|186\/529 brn
|
|-damage|p2a: Mrs Blobby|120\/529 brn|[from] brn
|turn|68
|c|âAmoongbro|dude only one thing to complain about
|c|âAmoongbro|and thats the 1\/1 burn on a 10%
|c|âMega-Nido|>chess
|c|âMega-Nido|it's an effect of flare blitz
|c|âMega-Nido|suck it up
|
|switch|p2a: Not Mega|Sableye-Mega, F, shiny|304\/304
|move|p1a: Charizard|Dragon Claw|p2a: Not Mega
|-damage|p2a: Not Mega|180\/304
|
|turn|69
|
|move|p1a: Charizard|Roost|p1a: Charizard
|-heal|p1a: Charizard|275\/328
|move|p2a: Not Mega|Recover|p2a: Not Mega
|-heal|p2a: Not Mega|304\/304
|
|turn|70
|c|âAmoongbro|nah
|c|âAmoongbro|its 120bp 100 acc
|c|âAmoongbro|with a 10% chance to burn
|c|âMega-Nido|uh ok?
|
|move|p1a: Charizard|Dragon Claw|p2a: Not Mega
|-damage|p2a: Not Mega|180\/304
|move|p2a: Not Mega|Shadow Ball|p1a: Charizard
|-damage|p1a: Charizard|173\/328
|
|turn|71
|c|âMega-Nido|pointing out the stats of the move
|c|âMega-Nido|cool
|c|âAmoongbro|like i said
|
|move|p1a: Charizard|Flare Blitz|p2a: Not Mega
|-damage|p2a: Not Mega|0 fnt
|-damage|p1a: Charizard|114\/328|[from] recoil|[of] p2a: Not Mega
|faint|p2a: Not Mega
|
|c|âAmoongbro|youre a noob and you have demonstrated several times why in this match you suck
|c|âMega-Nido|lol
|c|âAmoongbro|you only won cuz of the burn on mola
|c|âAmoongbro|nothing else
|c|âMega-Nido|that's why you're goingt o lose?
|c|âMega-Nido|cuz im a noob?
|c|âAmoongbro|yup
|
|switch|p2a: Mrs Blobby|Alomomola, F, shiny|296\/529 brn
|turn|72
|c|âMega-Nido|hurry up and forfeit already
|c|âMega-Nido|fuckin trash
|c|âAmoongbro|cause mola and quag are the charizard counters
|c|âMega-Nido|take your shitty team and scurry out
|c|âAmoongbro|one is burned
|c|âAmoongbro|the other is dead cause of the burn
|
|switch|p1a: Ferrothorn|Ferrothorn, M|279\/352
|-damage|p1a: Ferrothorn|257\/352|[from] Stealth Rock
|move|p2a: Mrs Blobby|Toxic|p1a: Ferrothorn
|-fail|p1a: Ferrothorn
|
|-damage|p2a: Mrs Blobby|230\/529 brn|[from] brn
|turn|73
|
|switch|p2a: Fuck Magnezone|Skarmory, M, shiny|334\/334
|move|p1a: Ferrothorn|Stealth Rock|p2a: Fuck Magnezone
|-sidestart|p2: Amoongbro|move: Stealth Rock
|
|turn|74
|c|âAmoongbro|noob fuck
|
|switch|p2a: Baby Blobby|Chansey, F, shiny|442\/704
|-damage|p2a: Baby Blobby|354\/704|[from] Stealth Rock
|move|p1a: Ferrothorn|Leech Seed|p2a: Baby Blobby
|-start|p2a: Baby Blobby|move: Leech Seed
|
|-damage|p2a: Baby Blobby|266\/704|[from] Leech Seed|[of] p1a: Ferrothorn
|-heal|p1a: Ferrothorn|345\/352|[silent]
|turn|75
|c|âAmoongbro|totally underserved
|c|âMega-Nido|uh nice switch
|c|âMega-Nido|totally predicted me there
|c|âMega-Nido|somehow
|c|âAmoongbro|no choices
|
|switch|p1a: Azumarill|Azumarill, F|355\/355
|-damage|p1a: Azumarill|311\/355|[from] Stealth Rock
|move|p2a: Baby Blobby|Heal Bell|p2a: Baby Blobby
|-cureteam|p2a: Baby Blobby|[from] move: HealBell
|
|-damage|p2a: Baby Blobby|178\/704|[from] Leech Seed|[of] p1a: Azumarill
|-heal|p1a: Azumarill|355\/355|[silent]
|turn|76
|c|âAmoongbro|dont even need chansey
|
|move|p1a: Azumarill|Knock Off|p2a: Baby Blobby
|-damage|p2a: Baby Blobby|0 fnt
|-enditem|p2a: Baby Blobby|Eviolite|[from] move: Knock Off|[of] p1a: Azumarill
|faint|p2a: Baby Blobby
|
|
|switch|p2a: Mrs Blobby|Alomomola, F, shiny|406\/529
|-damage|p2a: Mrs Blobby|340\/529|[from] Stealth Rock
|turn|77
|
|switch|p1a: Ferrothorn|Ferrothorn, M|345\/352
|-damage|p1a: Ferrothorn|323\/352|[from] Stealth Rock
|move|p2a: Mrs Blobby|Scald|p1a: Ferrothorn
|-resisted|p1a: Ferrothorn
|-damage|p1a: Ferrothorn|306\/352
|-status|p1a: Ferrothorn|brn
|
|-damage|p1a: Ferrothorn|262\/352 brn|[from] brn
|turn|78
|
|switch|p1a: Mew|Mew|404\/404
|-damage|p1a: Mew|354\/404|[from] Stealth Rock
|move|p2a: Mrs Blobby|Protect|p2a: Mrs Blobby
|-fail|p2a: Mrs Blobby
|
|-heal|p1a: Mew|379\/404|[from] item: Leftovers
|turn|79
|c|âMega-Nido|easy
|c|âAmoongbro|wisp everything
|c|âAmoongbro|your a moron
|c|âMega-Nido|nice heal bell
|c|âMega-Nido|enjoy the loss bitch
|
|move|p1a: Mew|Taunt|p2a: Mrs Blobby
|-start|p2a: Mrs Blobby|move: Taunt
|cant|p2a: Mrs Blobby|move: Taunt|Toxic
|
|-heal|p1a: Mew|404\/404|[from] item: Leftovers
|turn|80
|c|âMega-Nido|ouch
|c|âAmoongbro|sigh
|c|âAmoongbro|youre a noob
|c|âMega-Nido|too predictable for me
|c|âAmoongbro|you got outpredicted to fuck and won cause of a burn
|
|move|p1a: Mew|Will-O-Wisp|p2a: Mrs Blobby
|-status|p2a: Mrs Blobby|brn
|move|p2a: Mrs Blobby|Scald|p1a: Mew
|-damage|p1a: Mew|370\/404
|
|-heal|p1a: Mew|395\/404|[from] item: Leftovers
|-damage|p2a: Mrs Blobby|274\/529 brn|[from] brn
|turn|81
|c|âMega-Nido|LOL outpredicted
|c|âMega-Nido|like you made any predictions
|c|âAmoongbro|yup
|c|âMega-Nido|all you did was switch in the appropriate counters
|c|âAmoongbro|like i said if that flare blitz doesnt burn you lose
|c|âMega-Nido|shut up trash
|c|âMega-Nido|hurry up and lose already
|c|âAmoongbro|no i didnt you dumb ass
|c|âMega-Nido|c'mon noob
|c|âAmoongbro|so if i switch in mola to a fire blast on zard y then stay in am i good cause its a bulky water against zard?
|c|âAmoongbro|noob fuck
|c|âAmoongbro|you dont just go "fire pokemon, switch in water wall" dumb ass
|c|âMega-Nido|LOL that's sure what you did idiot
|c|âMega-Nido|at least i switched in pokemon on your sableye to do damage
|c|âMega-Nido|and now
|c|âMega-Nido|you're just gonna lose
|c|âAmoongbro|you dont even have a zard y idiot read what i sad
|c|âMega-Nido|so hurry up and forfeit like a bitch
|c|âMega-Nido|or play
|-message|Amoongbro forfeited.
|leave|Amoongbro
|
|win|Mega-Nido
|raw|Ladder updating...
|player|p2
|raw|Mega-Nido's rating: 1606 &rarr; <strong>1626<\/strong><br \/>(+20 for winning)
|raw|Amoongbro's rating: 1605 &rarr; <strong>1585<\/strong><br \/>(-20 for losing)