|join|Amoongbro
|join|Reverb
|player|p1|Amoongbro|169
|player|p2|Reverb|#reverb
|gametype|singles
|gen|6
|tier|OU
|rated
|clearpoke
|poke|p1|Chansey, F, shiny
|poke|p1|Skarmory, F, shiny
|poke|p1|Alomomola, M, shiny
|poke|p1|Amoonguss, F, shiny
|poke|p1|Quagsire, F, shiny
|poke|p1|Sableye, M, shiny
|poke|p2|Empoleon, M
|poke|p2|Tyranitar, F
|poke|p2|Charizard, F
|poke|p2|Keldeo
|poke|p2|Tangrowth, M
|poke|p2|Landorus-Therian, M
|rule|Swagger Clause: Swagger is banned
|rule|Baton Pass Clause: Limit one PokÃ©mon knowing Baton Pass
|rule|Sleep Clause Mod: Limit one foe put to sleep
|rule|Species Clause: Limit one of each PokÃ©mon
|rule|OHKO Clause: OHKO moves are banned
|rule|Moody Clause: Moody is banned
|rule|Evasion Moves Clause: Evasion moves are banned
|rule|Endless Battle Clause: Forcing endless battles is banned
|rule|HP Percentage Mod: HP is shown in percentages
|teampreview
|join|Cosine180
|join|Praj.pran
|join|Bloodz
|c|âReverb|oml
|c|âAmoongbro|all the people
|c|âReverb|too much shiny lol
|c| Cosine180|hacker,,
|join|Yuttt.mackerel
|c|âAmoongbro|are matches on here pasted to chat? i didnt think they added that
|
|start
|switch|p1a: Not Mega|Sableye, M, shiny|304\/304
|switch|p2a: Charizard|Charizard, F|297\/297
|turn|1
|join|gamerguy1123
|
|switch|p1a: Baby Blobby|Chansey, F, shiny|704\/704
|detailschange|p2a: Charizard|Charizard-Mega-Y, F
|-mega|p2a: Charizard|Charizard|Charizardite Y
|-weather|SunnyDay
|move|p2a: Charizard|Flamethrower|p1a: Baby Blobby
|-damage|p1a: Baby Blobby|503\/704
|-status|p1a: Baby Blobby|brn
|
|-weather|SunnyDay|[upkeep]
|-damage|p1a: Baby Blobby|415\/704 brn|[from] brn
|turn|2
|c| Yuttt.mackerel|no reverb is just attention whore
|c| Yuttt.mackerel|o3o
|
|switch|p2a: Tyranitar|Tyranitar, F|383\/383
|-weather|Sandstorm
|move|p1a: Baby Blobby|Soft-Boiled|p1a: Baby Blobby
|-heal|p1a: Baby Blobby|704\/704 brn
|
|-weather|Sandstorm|[upkeep]
|-damage|p1a: Baby Blobby|660\/704 brn|[from] sandstorm
|-damage|p1a: Baby Blobby|572\/704 brn|[from] brn
|turn|3
|c| Yuttt.mackerel|but empoleon\/zard y\/tangrowth
|c| Yuttt.mackerel|does sound cool
|
|move|p2a: Tyranitar|Superpower|p1a: Baby Blobby
|-supereffective|p1a: Baby Blobby
|-damage|p1a: Baby Blobby|0 fnt
|-unboost|p2a: Tyranitar|atk|1
|-unboost|p2a: Tyranitar|def|1
|faint|p1a: Baby Blobby
|
|-weather|Sandstorm|[upkeep]
|c| Yuttt.mackerel|uh
|c|âAmoongbro|uh ok lol
|c|âAmoongbro|i thought you were gonna do rocks but w\/e
|c|âAmoongbro|gg
|c|âReverb|gg
|leave|Yuttt.mackerel
|leave|Bloodz
|
|switch|p1a: Fuck Magnezone|Skarmory, F, shiny|334\/334
|turn|4
|
|switch|p2a: Charizard|Charizard-Mega-Y, F|297\/297
|-weather|SunnyDay
|move|p1a: Fuck Magnezone|Stealth Rock|p2a: Charizard
|-sidestart|p2: Reverb|move: Stealth Rock
|
|-weather|SunnyDay|[upkeep]
|turn|5
|join|dedic
|
|switch|p1a: Uncle Blobby|Quagsire, F, shiny|394\/394
|move|p2a: Charizard|Flamethrower|p1a: Uncle Blobby
|-resisted|p1a: Uncle Blobby
|-damage|p1a: Uncle Blobby|195\/394
|
|-weather|SunnyDay|[upkeep]
|-heal|p1a: Uncle Blobby|219\/394|[from] item: Leftovers
|turn|6
|
|switch|p1a: Mr Blobby|Amoonguss, F, shiny|432\/432
|move|p2a: Charizard|Solar Beam|p1a: Mr Blobby|[still]
|-prepare|p2a: Charizard|Solar Beam|p1a: Mr Blobby
|-anim|p2a: Charizard|Solar Beam|p1a: Mr Blobby
|-resisted|p1a: Mr Blobby
|-damage|p1a: Mr Blobby|397\/432
|
|-weather|SunnyDay|[upkeep]
|turn|7
|
|switch|p1a: Mrs Blobby|Alomomola, M, shiny|529\/529
|move|p2a: Charizard|Flamethrower|p1a: Mrs Blobby
|-resisted|p1a: Mrs Blobby
|-damage|p1a: Mrs Blobby|233\/529
|
|-weather|SunnyDay|[upkeep]
|-heal|p1a: Mrs Blobby|266\/529|[from] item: Leftovers
|turn|8
|
|switch|p2a: Empoleon|Empoleon, M|371\/371
|-damage|p2a: Empoleon|348\/371|[from] Stealth Rock
|move|p1a: Mrs Blobby|Protect|p1a: Mrs Blobby
|-fail|p1a: Mrs Blobby
|
|-weather|none
|-heal|p1a: Mrs Blobby|299\/529|[from] item: Leftovers
|-heal|p2a: Empoleon|371\/371|[from] item: Leftovers
|turn|9
|
|move|p1a: Mrs Blobby|Scald|p2a: Empoleon
|-resisted|p2a: Empoleon
|-damage|p2a: Empoleon|347\/371
|move|p2a: Empoleon|Defog|p1a: Mrs Blobby
|-unboost|p1a: Mrs Blobby|evasion|1
|-sideend|p2: Reverb|Stealth Rock|[from] move: Defog|[of] p2a: Empoleon
|
|-heal|p1a: Mrs Blobby|332\/529|[from] item: Leftovers
|-heal|p2a: Empoleon|370\/371|[from] item: Leftovers
|turn|10
|c|âReverb|what
|c|âReverb|!dt alomomola
|c|~|\/data-pokemon Alomomola
|raw|<font size="1"><font color=#585858>Dex#:<\/font> 594&nbsp;|&ThickSpace;<font color=#585858>Height:<\/font> 1.2 m&nbsp;|&ThickSpace;<font color=#585858>Weight:<\/font> 31.6 kg <em>(60 BP)<\/em>&nbsp;|&ThickSpace;<font color=#585858>Dex Colour:<\/font> Pink&nbsp;|&ThickSpace;<font color=#585858>Egg Group(s):<\/font> Water 1, Water 2&nbsp;|&ThickSpace;<font color=#585858><font color=#585858>Does Not Evolve<\/font><\/font><\/font>
|c|âReverb|oh
|c|âReverb|thought it was slower lol
|
|move|p1a: Mrs Blobby|Toxic|p2a: Empoleon
|-fail|p2a: Empoleon
|move|p2a: Empoleon|Stealth Rock|p1a: Mrs Blobby
|-sidestart|p1: Amoongbro|move: Stealth Rock
|
|-heal|p1a: Mrs Blobby|365\/529|[from] item: Leftovers
|-heal|p2a: Empoleon|371\/371|[from] item: Leftovers
|turn|11
|join|Swallowed Up
|
|move|p1a: Mrs Blobby|Toxic|p2a: Empoleon
|-fail|p2a: Empoleon
|move|p2a: Empoleon|Scald|p1a: Mrs Blobby
|-resisted|p1a: Mrs Blobby
|-damage|p1a: Mrs Blobby|266\/529
|
|-heal|p1a: Mrs Blobby|299\/529|[from] item: Leftovers
|turn|12
|join|Cienight
|
|move|p1a: Mrs Blobby|Wish|p1a: Mrs Blobby
|move|p2a: Empoleon|Scald|p1a: Mrs Blobby
|-resisted|p1a: Mrs Blobby
|-damage|p1a: Mrs Blobby|213\/529
|-status|p1a: Mrs Blobby|brn
|
|-heal|p1a: Mrs Blobby|246\/529 brn|[from] item: Leftovers
|-damage|p1a: Mrs Blobby|180\/529 brn|[from] brn
|turn|13
|
|switch|p1a: Uncle Blobby|Quagsire, F, shiny|219\/394
|-damage|p1a: Uncle Blobby|195\/394|[from] Stealth Rock
|move|p2a: Empoleon|Roar|p1a: Uncle Blobby
|drag|p1a: Mr Blobby|Amoonguss, F, shiny|432\/432
|-damage|p1a: Mr Blobby|378\/432|[from] Stealth Rock
|
|-heal|p1a: Mr Blobby|432\/432|[from] move: Wish|[wisher] Mrs Blobby
|turn|14
|-message|Amoongbro forfeited.
|leave|Amoongbro
|
|win|Reverb
|raw|Ladder updating...
|player|p1
|raw|Amoongbro's rating: 1811 &rarr; <strong>1786<\/strong><br \/>(-25 for losing)
|raw|Reverb's rating: 1722 &rarr; <strong>1747<\/strong><br \/>(+25 for winning)
|leave|Cosine180