|join|SeizureDuk
|join|TheMundane
|player|p1|SeizureDuk|54
|player|p2|TheMundane|274
|gametype|singles
|gen|5
|tier|[Gen 5] OU
|rated
|rule|Evasion Abilities Clause: Evasion abilities are banned
|clearpoke
|poke|p1|Politoed, F, shiny
|poke|p1|Dugtrio, M
|poke|p1|Thundurus-Therian, M
|poke|p1|Toxicroak, F, shiny
|poke|p1|Vaporeon, M
|poke|p1|Forretress, M
|poke|p2|Alakazam, M
|poke|p2|Dragonite, F
|poke|p2|Scizor, M
|poke|p2|Latios, M
|poke|p2|Breloom, M
|poke|p2|Mamoswine, F
|rule|Sleep Clause Mod: Limit one foe put to sleep
|rule|Species Clause: Limit one of each PokÃ©mon
|rule|OHKO Clause: OHKO moves are banned
|rule|Moody Clause: Moody is banned
|rule|Evasion Moves Clause: Evasion moves are banned
|rule|Endless Battle Clause: Forcing endless battles is banned
|rule|HP Percentage Mod: HP is shown in percentages
|teampreview
|
|start
|switch|p1a: Queen|Politoed, F, shiny|384\/384
|switch|p2a: Breloom|Breloom, M|261\/261
|-weather|RainDance|[from] ability: Drizzle|[of] p1a: Queen
|turn|1
|
|move|p2a: Breloom|Spore|p1a: Queen
|-status|p1a: Queen|slp
|cant|p1a: Queen|slp
|
|-weather|RainDance|[upkeep]
|turn|2
|
|switch|p2a: Latios|Latios, M|301\/301
|switch|p1a: Pawn|Forretress, M|354\/354
|
|-weather|RainDance|[upkeep]
|turn|3
|
|move|p2a: Latios|Trick|p1a: Pawn
|-activate|p2a: Latios|move: Trick|[of] p1a: Pawn
|-item|p1a: Pawn|Choice Scarf|[from] move: Trick
|-item|p2a: Latios|Leftovers|[from] move: Trick
|move|p1a: Pawn|Bug Bite|p2a: Latios
|-supereffective|p2a: Latios
|-damage|p2a: Latios|143\/301
|
|-weather|RainDance|[upkeep]
|-heal|p2a: Latios|161\/301|[from] item: Leftovers
|turn|4
|
|switch|p2a: Scizor|Scizor, M|343\/343
|move|p1a: Pawn|Bug Bite|p2a: Scizor
|-resisted|p2a: Scizor
|-damage|p2a: Scizor|313\/343
|
|-weather|RainDance|[upkeep]
|turn|5
|
|switch|p1a: Rook|Vaporeon, M|464\/464
|move|p2a: Scizor|U-turn|p1a: Rook
|-damage|p1a: Rook|139\/464
|
|switch|p2a: Breloom|Breloom, M|261\/261
|
|-weather|RainDance|[upkeep]
|-heal|p1a: Rook|168\/464|[from] item: Leftovers
|turn|6
|
|switch|p1a: Pawn|Forretress, M|354\/354
|move|p2a: Breloom|Bullet Seed|p1a: Pawn
|-resisted|p1a: Pawn
|-damage|p1a: Pawn|339\/354
|-resisted|p1a: Pawn
|-damage|p1a: Pawn|323\/354
|-resisted|p1a: Pawn
|-damage|p1a: Pawn|307\/354
|-resisted|p1a: Pawn
|-damage|p1a: Pawn|290\/354
|-crit|p1a: Pawn
|-resisted|p1a: Pawn
|-damage|p1a: Pawn|259\/354
|-hitcount|p1a: Pawn|5
|
|-weather|RainDance|[upkeep]
|turn|7
|
|switch|p2a: Scizor|Scizor, M|313\/343
|move|p1a: Pawn|Bug Bite|p2a: Scizor
|-resisted|p2a: Scizor
|-damage|p2a: Scizor|280\/343
|
|-weather|RainDance|[upkeep]
|turn|8
|
|move|p2a: Scizor|U-turn|p1a: Pawn
|-resisted|p1a: Pawn
|-damage|p1a: Pawn|198\/354
|
|switch|p2a: Mamoswine|Mamoswine, F|361\/361
|move|p1a: Pawn|Bug Bite|p2a: Mamoswine
|-damage|p2a: Mamoswine|279\/361
|
|-weather|RainDance|[upkeep]
|turn|9
|
|move|p2a: Mamoswine|Stealth Rock|p1a: Pawn
|-sidestart|p1: SeizureDuk|move: Stealth Rock
|move|p1a: Pawn|Bug Bite|p2a: Mamoswine
|-damage|p2a: Mamoswine|197\/361
|
|-weather|RainDance|[upkeep]
|turn|10
|
|move|p2a: Mamoswine|Earthquake|p1a: Pawn
|-damage|p1a: Pawn|86\/354
|move|p1a: Pawn|Bug Bite|p2a: Mamoswine
|-damage|p2a: Mamoswine|115\/361
|
|-weather|RainDance|[upkeep]
|turn|11
|
|switch|p1a: Rook|Vaporeon, M|168\/464
|-damage|p1a: Rook|110\/464|[from] Stealth Rock
|move|p2a: Mamoswine|Earthquake|p1a: Rook
|-damage|p1a: Rook|0 fnt
|faint|p1a: Rook
|
|-weather|RainDance|[upkeep]
|
|switch|p1a: King|Toxicroak, F, shiny|307\/307
|-damage|p1a: King|288\/307|[from] Stealth Rock
|turn|12
|
|switch|p2a: Alakazam|Alakazam, M|251\/251
|move|p1a: King|Drain Punch|p2a: Alakazam
|-resisted|p2a: Alakazam
|-damage|p2a: Alakazam|103\/251
|-heal|p1a: King|307\/307|[from] drain|[of] p2a: Alakazam
|-damage|p1a: King|277\/307|[from] item: Life Orb
|
|-weather|RainDance|[upkeep]
|-heal|p1a: King|307\/307|[from] ability: Dry Skin
|turn|13
|
|move|p1a: King|Sucker Punch|p2a: Alakazam
|-fail|p2a: Alakazam
|move|p2a: Alakazam|Encore|p1a: King
|-start|p1a: King|Encore
|
|-weather|RainDance|[upkeep]
|turn|14
|
|switch|p2a: Dragonite|Dragonite, F|323\/323
|move|p1a: King|Sucker Punch|p2a: Dragonite
|-fail|p2a: Dragonite
|
|-weather|RainDance|[upkeep]
|turn|15
|
|switch|p1a: Pawn|Forretress, M|86\/354
|-damage|p1a: Pawn|42\/354|[from] Stealth Rock
|move|p2a: Dragonite|Dragon Dance|p2a: Dragonite
|-boost|p2a: Dragonite|atk|1
|-boost|p2a: Dragonite|spe|1
|
|-weather|RainDance|[upkeep]
|turn|16
|
|move|p2a: Dragonite|Fire Punch|p1a: Pawn
|-supereffective|p1a: Pawn
|-damage|p1a: Pawn|0 fnt
|faint|p1a: Pawn
|
|-weather|RainDance|[upkeep]
|
|switch|p1a: Bishop|Thundurus-Therian, M|300\/300
|-damage|p1a: Bishop|225\/300|[from] Stealth Rock
|turn|17
|
|move|p1a: Bishop|Hidden Power|p2a: Dragonite
|-supereffective|p2a: Dragonite
|-damage|p2a: Dragonite|145\/323
|move|p2a: Dragonite|Dragon Claw|p1a: Bishop
|-damage|p1a: Bishop|0 fnt
|faint|p1a: Bishop
|
|-weather|RainDance|[upkeep]
|
|switch|p1a: Knight|Dugtrio, M|212\/212
|-damage|p1a: Knight|199\/212|[from] Stealth Rock
|turn|18
|
|move|p2a: Dragonite|Extreme Speed|p1a: Knight
|-damage|p1a: Knight|0 fnt
|faint|p1a: Knight
|
|-weather|RainDance|[upkeep]
|
|switch|p1a: King|Toxicroak, F, shiny|307\/307
|-damage|p1a: King|288\/307|[from] Stealth Rock
|turn|19
|
|move|p2a: Dragonite|Extreme Speed|p1a: King
|-damage|p1a: King|72\/307
|move|p1a: King|Ice Punch|p2a: Dragonite
|-supereffective|p2a: Dragonite
|-damage|p2a: Dragonite|0 fnt
|-damage|p1a: King|42\/307|[from] item: Life Orb
|faint|p2a: Dragonite
|
|-weather|RainDance|[upkeep]
|-heal|p1a: King|80\/307|[from] ability: Dry Skin
|
|switch|p2a: Scizor|Scizor, M|280\/343
|turn|20
|
|switch|p1a: Queen|Politoed, F, shiny|384\/384 slp
|-damage|p1a: Queen|336\/384 slp|[from] Stealth Rock
|move|p2a: Scizor|Bullet Punch|p1a: Queen
|-resisted|p1a: Queen
|-damage|p1a: Queen|255\/384 slp
|
|-weather|RainDance|[upkeep]
|-heal|p1a: Queen|279\/384 slp|[from] item: Leftovers
|turn|21
|
|switch|p2a: Breloom|Breloom, M|261\/261
|cant|p1a: Queen|slp
|
|-weather|RainDance|[upkeep]
|-heal|p1a: Queen|303\/384 slp|[from] item: Leftovers
|turn|22
|
|move|p2a: Breloom|Bullet Seed|p1a: Queen
|-supereffective|p1a: Queen
|-damage|p1a: Queen|111\/384 slp
|-supereffective|p1a: Queen
|-damage|p1a: Queen|0 fnt
|-hitcount|p1a: Queen|2
|faint|p1a: Queen
|
|-weather|RainDance|[upkeep]
|
|switch|p1a: King|Toxicroak, F, shiny|80\/307
|-damage|p1a: King|61\/307|[from] Stealth Rock
|turn|23
|
|switch|p2a: Mamoswine|Mamoswine, F|115\/361
|move|p1a: King|Drain Punch|p2a: Mamoswine
|-supereffective|p2a: Mamoswine
|-damage|p2a: Mamoswine|0 fnt
|-heal|p1a: King|119\/307|[from] drain|[of] p2a: Mamoswine
|-damage|p1a: King|89\/307|[from] item: Life Orb
|faint|p2a: Mamoswine
|
|-weather|RainDance|[upkeep]
|-heal|p1a: King|127\/307|[from] ability: Dry Skin
|
|switch|p2a: Alakazam|Alakazam, M|103\/251
|turn|24
|
|move|p2a: Alakazam|Encore|p1a: King
|-start|p1a: King|Encore
|move|p1a: King|Drain Punch|p2a: Alakazam
|-resisted|p2a: Alakazam
|-damage|p2a: Alakazam|0 fnt
|-heal|p1a: King|179\/307|[from] drain|[of] p2a: Alakazam
|-damage|p1a: King|149\/307|[from] item: Life Orb
|faint|p2a: Alakazam
|
|-weather|RainDance|[upkeep]
|-heal|p1a: King|187\/307|[from] ability: Dry Skin
|
|switch|p2a: Latios|Latios, M|161\/301
|turn|25
|
|move|p2a: Latios|Psyshock|p1a: King
|-supereffective|p1a: King
|-damage|p1a: King|0 fnt
|faint|p1a: King
|
|win|TheMundane
|raw|Ladder updating...
|raw|SeizureDuk's rating: 1000 &rarr; <strong>1000<\/strong><br \/>(+0 for losing)
|raw|TheMundane's rating: 1000 &rarr; <strong>1040<\/strong><br \/>(+40 for winning)
|c|âTheMundane|gg
|leave|SeizureDuk
|player|p1