|join|icening
|join|TheMundane
|player|p1|icening|156
|player|p2|TheMundane|274
|gametype|singles
|gen|6
|tier|ORAS OU
|rated
|rule|Sleep Clause Mod: Limit one foe put to sleep
|rule|Species Clause: Limit one of each PokÃ©mon
|rule|OHKO Clause: OHKO moves are banned
|rule|Moody Clause: Moody is banned
|rule|Evasion Moves Clause: Evasion moves are banned
|rule|Endless Battle Clause: Forcing endless battles is banned
|rule|HP Percentage Mod: HP is shown in percentages
|clearpoke
|poke|p1|Swampert, F
|poke|p1|Politoed, M
|poke|p1|Celebi
|poke|p1|Manaphy
|poke|p1|Klefki, F
|poke|p1|Magnezone, shiny
|poke|p2|Sableye, M
|poke|p2|Landorus-Therian, M
|poke|p2|Clefable, M
|poke|p2|Slowbro, F
|poke|p2|Rotom-Wash
|poke|p2|Ferrothorn, F
|rule|Swagger Clause: Swagger is banned
|rule|Baton Pass Clause: Limit one PokÃ©mon knowing Baton Pass
|teampreview
|
|start
|switch|p1a: Manaphy|Manaphy|404\/404
|switch|p2a: Sableye|Sableye, M|304\/304
|turn|1
|
|detailschange|p2a: Sableye|Sableye-Mega, M
|message|Sableye has Mega Evolved into Mega Sableye!
|move|p2a: Sableye|Will-O-Wisp|p1a: Manaphy
|-status|p1a: Manaphy|brn
|move|p1a: Manaphy|Scald|p2a: Sableye
|-damage|p2a: Sableye|192\/304
|
|-damage|p1a: Manaphy|354\/404 brn|[from] brn
|turn|2
|
|switch|p2a: Rotom-Wash|Rotom-Wash|304\/304
|move|p1a: Manaphy|Tail Glow|p1a: Manaphy
|-boost|p1a: Manaphy|spa|3
|
|-heal|p1a: Manaphy|379\/404 brn|[from] item: Leftovers
|-damage|p1a: Manaphy|329\/404 brn|[from] brn
|turn|3
|
|switch|p1a: Splash|Swampert, F|371\/371
|move|p2a: Rotom-Wash|Volt Switch|p1a: Splash
|-immune|p1a: Splash|[msg]
|
|turn|4
|
|switch|p1a: Celebi|Celebi|404\/404
|move|p2a: Rotom-Wash|Volt Switch|p1a: Celebi
|-resisted|p1a: Celebi
|-damage|p1a: Celebi|366\/404
|
|switch|p2a: Ferrothorn|Ferrothorn, F|352\/352
|
|-heal|p1a: Celebi|391\/404|[from] item: Leftovers
|turn|5
|
|move|p1a: Celebi|Stealth Rock|p2a: Ferrothorn
|-sidestart|p2: TheMundane|move: Stealth Rock
|move|p2a: Ferrothorn|Stealth Rock|p1a: Celebi
|-sidestart|p1: icening|move: Stealth Rock
|
|-heal|p1a: Celebi|404\/404|[from] item: Leftovers
|turn|6
|
|switch|p1a: Magnezone|Magnezone, shiny|282\/282
|-damage|p1a: Magnezone|265\/282|[from] Stealth Rock
|move|p2a: Ferrothorn|Leech Seed|p1a: Magnezone|[miss]
|-miss|p2a: Ferrothorn|p1a: Magnezone
|
|turn|7
|
|move|p2a: Ferrothorn|Protect|p2a: Ferrothorn
|-singleturn|p2a: Ferrothorn|Protect
|move|p1a: Magnezone|Hidden Power|p2a: Ferrothorn
|-activate|p2a: Ferrothorn|Protect
|
|turn|8
|
|switch|p2a: Rotom-Wash|Rotom-Wash|304\/304
|-damage|p2a: Rotom-Wash|266\/304|[from] Stealth Rock
|move|p1a: Magnezone|Hidden Power|p2a: Rotom-Wash
|-resisted|p2a: Rotom-Wash
|-damage|p2a: Rotom-Wash|233\/304
|
|-heal|p2a: Rotom-Wash|252\/304|[from] item: Leftovers
|turn|9
|
|switch|p1a: Celebi|Celebi|404\/404
|-damage|p1a: Celebi|354\/404|[from] Stealth Rock
|move|p2a: Rotom-Wash|Volt Switch|p1a: Celebi
|-resisted|p1a: Celebi
|-damage|p1a: Celebi|318\/404
|
|switch|p2a: Landorus-Therian|Landorus-Therian, M|325\/325
|-damage|p2a: Landorus-Therian|285\/325|[from] Stealth Rock
|-ability|p2a: Landorus-Therian|Intimidate|[of] p1a: Celebi
|-unboost|p1a: Celebi|atk|1
|
|-heal|p1a: Celebi|343\/404|[from] item: Leftovers
|turn|10
|
|switch|p1a: Klefki|Klefki, F|318\/318
|-damage|p1a: Klefki|299\/318|[from] Stealth Rock
|move|p2a: Landorus-Therian|U-turn|p1a: Klefki
|-resisted|p1a: Klefki
|-damage|p1a: Klefki|282\/318
|
|switch|p2a: Sableye|Sableye-Mega, M|192\/304
|-damage|p2a: Sableye|154\/304|[from] Stealth Rock
|
|turn|11
|
|move|p1a: Klefki|Reflect|p1a: Klefki
|-sidestart|p1: icening|Reflect
|move|p2a: Sableye|Recover|p2a: Sableye
|-heal|p2a: Sableye|304\/304
|
|turn|12
|
|move|p1a: Klefki|Light Screen|p1a: Klefki
|-sidestart|p1: icening|move: Light Screen
|move|p2a: Sableye|Will-O-Wisp|p1a: Klefki
|-status|p1a: Klefki|brn
|
|-damage|p1a: Klefki|243\/318 brn|[from] brn
|turn|13
|
|switch|p1a: Ollie|Politoed, M|384\/384
|-damage|p1a: Ollie|336\/384|[from] Stealth Rock
|-weather|RainDance
|move|p2a: Sableye|Shadow Ball|p1a: Ollie
|-damage|p1a: Ollie|307\/384
|
|-weather|RainDance|[upkeep]
|turn|14
|
|switch|p1a: Manaphy|Manaphy|329\/404 brn
|-damage|p1a: Manaphy|279\/404 brn|[from] Stealth Rock
|move|p2a: Sableye|Will-O-Wisp|p1a: Manaphy
|-fail|p1a: Manaphy|brn
|
|-weather|RainDance|[upkeep]
|-curestatus|p1a: Manaphy|brn
|-heal|p1a: Manaphy|304\/404|[from] item: Leftovers
|turn|15
|
|switch|p2a: Ferrothorn|Ferrothorn, F|352\/352
|-damage|p2a: Ferrothorn|330\/352|[from] Stealth Rock
|move|p1a: Manaphy|Tail Glow|p1a: Manaphy
|-boost|p1a: Manaphy|spa|3
|
|-weather|RainDance|[upkeep]
|-heal|p1a: Manaphy|329\/404|[from] item: Leftovers
|turn|16
|
|move|p1a: Manaphy|Scald|p2a: Ferrothorn
|-resisted|p2a: Ferrothorn
|-damage|p2a: Ferrothorn|165\/352
|move|p2a: Ferrothorn|Leech Seed|p1a: Manaphy
|-start|p1a: Manaphy|move: Leech Seed
|
|-weather|RainDance|[upkeep]
|-heal|p1a: Manaphy|354\/404|[from] item: Leftovers
|-damage|p1a: Manaphy|304\/404|[from] Leech Seed|[of] p2a: Ferrothorn
|-heal|p2a: Ferrothorn|215\/352|[silent]
|turn|17
|
|move|p1a: Manaphy|Tail Glow|p1a: Manaphy
|-boost|p1a: Manaphy|spa|3
|move|p2a: Ferrothorn|Power Whip|p1a: Manaphy|[miss]
|-miss|p2a: Ferrothorn|p1a: Manaphy
|
|-weather|RainDance|[upkeep]
|-heal|p1a: Manaphy|329\/404|[from] item: Leftovers
|-damage|p1a: Manaphy|279\/404|[from] Leech Seed|[of] p2a: Ferrothorn
|-heal|p2a: Ferrothorn|265\/352|[silent]
|turn|18
|
|move|p2a: Ferrothorn|Protect|p2a: Ferrothorn
|-singleturn|p2a: Ferrothorn|Protect
|move|p1a: Manaphy|Scald|p2a: Ferrothorn
|-activate|p2a: Ferrothorn|Protect
|
|-weather|RainDance|[upkeep]
|-heal|p1a: Manaphy|304\/404|[from] item: Leftovers
|-damage|p1a: Manaphy|254\/404|[from] Leech Seed|[of] p2a: Ferrothorn
|-heal|p2a: Ferrothorn|315\/352|[silent]
|-sideend|p1: icening|Reflect
|turn|19
|
|switch|p2a: Rotom-Wash|Rotom-Wash|252\/304
|-damage|p2a: Rotom-Wash|214\/304|[from] Stealth Rock
|move|p1a: Manaphy|Scald|p2a: Rotom-Wash
|-resisted|p2a: Rotom-Wash
|-damage|p2a: Rotom-Wash|0 fnt
|faint|p2a: Rotom-Wash
|
|-weather|RainDance|[upkeep]
|-heal|p1a: Manaphy|279\/404|[from] item: Leftovers
|-sideend|p1: icening|move: Light Screen
|
|switch|p2a: Ferrothorn|Ferrothorn, F|315\/352
|-damage|p2a: Ferrothorn|293\/352|[from] Stealth Rock
|turn|20
|
|switch|p1a: Celebi|Celebi|343\/404
|-damage|p1a: Celebi|293\/404|[from] Stealth Rock
|move|p2a: Ferrothorn|Protect|p2a: Ferrothorn
|-fail|p2a: Ferrothorn
|
|-weather|none
|-heal|p1a: Celebi|318\/404|[from] item: Leftovers
|turn|21
|
|switch|p2a: Landorus-Therian|Landorus-Therian, M|285\/325
|-damage|p2a: Landorus-Therian|245\/325|[from] Stealth Rock
|-ability|p2a: Landorus-Therian|Intimidate|[of] p1a: Celebi
|-unboost|p1a: Celebi|atk|1
|move|p1a: Celebi|Psychic|p2a: Landorus-Therian
|-damage|p2a: Landorus-Therian|113\/325
|
|-heal|p1a: Celebi|343\/404|[from] item: Leftovers
|turn|22
|
|switch|p1a: Magnezone|Magnezone, shiny|265\/282
|-damage|p1a: Magnezone|248\/282|[from] Stealth Rock
|move|p2a: Landorus-Therian|Earthquake|p1a: Magnezone
|-supereffective|p1a: Magnezone
|-damage|p1a: Magnezone|0 fnt
|faint|p1a: Magnezone
|
|
|switch|p1a: Ollie|Politoed, M|307\/384
|-damage|p1a: Ollie|259\/384|[from] Stealth Rock
|-weather|RainDance
|turn|23
|
|switch|p2a: Clefable|Clefable, M|393\/393
|move|p1a: Ollie|Scald|p2a: Clefable
|-damage|p2a: Clefable|267\/393
|
|-weather|RainDance|[upkeep]
|-heal|p2a: Clefable|291\/393|[from] item: Leftovers
|turn|24
|
|move|p1a: Ollie|Scald|p2a: Clefable
|-damage|p2a: Clefable|176\/393
|-status|p2a: Clefable|brn
|move|p2a: Clefable|Calm Mind|p2a: Clefable
|-boost|p2a: Clefable|spa|1
|-boost|p2a: Clefable|spd|1
|
|-weather|RainDance|[upkeep]
|-heal|p2a: Clefable|200\/393 brn|[from] item: Leftovers
|turn|25
|
|move|p1a: Ollie|Encore|p2a: Clefable
|-start|p2a: Clefable|Encore
|move|p2a: Clefable|Calm Mind|p2a: Clefable
|-boost|p2a: Clefable|spa|1
|-boost|p2a: Clefable|spd|1
|
|-weather|RainDance|[upkeep]
|-heal|p2a: Clefable|224\/393 brn|[from] item: Leftovers
|turn|26
|
|switch|p2a: Slowbro|Slowbro, F|394\/394
|-damage|p2a: Slowbro|345\/394|[from] Stealth Rock
|move|p1a: Ollie|Scald|p2a: Slowbro
|-resisted|p2a: Slowbro
|-damage|p2a: Slowbro|266\/394
|-status|p2a: Slowbro|brn
|
|-weather|RainDance|[upkeep]
|-heal|p2a: Slowbro|290\/394 brn|[from] item: Leftovers
|-damage|p2a: Slowbro|241\/394 brn|[from] brn
|turn|27
|
|switch|p1a: Manaphy|Manaphy|279\/404
|-damage|p1a: Manaphy|229\/404|[from] Stealth Rock
|switch|p2a: Clefable|Clefable, M|224\/393 brn
|
|-weather|RainDance|[upkeep]
|-heal|p1a: Manaphy|254\/404|[from] item: Leftovers
|-heal|p2a: Clefable|248\/393 brn|[from] item: Leftovers
|turn|28
|
|move|p1a: Manaphy|Scald|p2a: Clefable
|-damage|p2a: Clefable|88\/393 brn
|move|p2a: Clefable|Moonblast|p1a: Manaphy
|-damage|p1a: Manaphy|146\/404
|
|-weather|RainDance|[upkeep]
|-heal|p1a: Manaphy|171\/404|[from] item: Leftovers
|-heal|p2a: Clefable|112\/393 brn|[from] item: Leftovers
|turn|29
|
|switch|p2a: Slowbro|Slowbro, F|372\/394 brn
|-damage|p2a: Slowbro|323\/394 brn|[from] Stealth Rock
|move|p1a: Manaphy|Scald|p2a: Slowbro
|-resisted|p2a: Slowbro
|-damage|p2a: Slowbro|210\/394 brn
|
|-weather|RainDance|[upkeep]
|-heal|p1a: Manaphy|196\/404|[from] item: Leftovers
|-heal|p2a: Slowbro|234\/394 brn|[from] item: Leftovers
|-damage|p2a: Slowbro|185\/394 brn|[from] brn
|turn|30
|
|move|p1a: Manaphy|Tail Glow|p1a: Manaphy
|-boost|p1a: Manaphy|spa|3
|move|p2a: Slowbro|Scald|p1a: Manaphy
|-resisted|p1a: Manaphy
|-damage|p1a: Manaphy|132\/404
|
|-weather|none
|-heal|p1a: Manaphy|157\/404|[from] item: Leftovers
|-heal|p2a: Slowbro|209\/394 brn|[from] item: Leftovers
|-damage|p2a: Slowbro|160\/394 brn|[from] brn
|turn|31
|
|move|p1a: Manaphy|Scald|p2a: Slowbro
|-resisted|p2a: Slowbro
|-damage|p2a: Slowbro|0 fnt
|faint|p2a: Slowbro
|
|-heal|p1a: Manaphy|182\/404|[from] item: Leftovers
|
|switch|p2a: Ferrothorn|Ferrothorn, F|293\/352
|-damage|p2a: Ferrothorn|271\/352|[from] Stealth Rock
|turn|32
|
|switch|p1a: Celebi|Celebi|343\/404
|-damage|p1a: Celebi|293\/404|[from] Stealth Rock
|move|p2a: Ferrothorn|Power Whip|p1a: Celebi
|-resisted|p1a: Celebi
|-damage|p1a: Celebi|229\/404
|
|-heal|p1a: Celebi|254\/404|[from] item: Leftovers
|turn|33
|
|switch|p2a: Sableye|Sableye-Mega, M|304\/304
|-damage|p2a: Sableye|266\/304|[from] Stealth Rock
|move|p1a: Celebi|Psychic|p2a: Sableye
|-immune|p2a: Sableye|[msg]
|
|-heal|p1a: Celebi|279\/404|[from] item: Leftovers
|turn|34
|
|switch|p1a: Klefki|Klefki, F|243\/318 brn
|-damage|p1a: Klefki|224\/318 brn|[from] Stealth Rock
|move|p2a: Sableye|Calm Mind|p2a: Sableye
|-boost|p2a: Sableye|spa|1
|-boost|p2a: Sableye|spd|1
|
|-damage|p1a: Klefki|185\/318 brn|[from] brn
|turn|35
|
|move|p1a: Klefki|Light Screen|p1a: Klefki
|-sidestart|p1: icening|move: Light Screen
|move|p2a: Sableye|Shadow Ball|p1a: Klefki
|-damage|p1a: Klefki|119\/318 brn
|
|-damage|p1a: Klefki|80\/318 brn|[from] brn
|turn|36
|
|switch|p1a: Ollie|Politoed, M|259\/384
|-damage|p1a: Ollie|211\/384|[from] Stealth Rock
|-weather|RainDance
|move|p2a: Sableye|Calm Mind|p2a: Sableye
|-boost|p2a: Sableye|spa|1
|-boost|p2a: Sableye|spd|1
|
|-weather|RainDance|[upkeep]
|turn|37
|
|switch|p2a: Clefable|Clefable, M|112\/393 brn
|move|p1a: Ollie|Perish Song|p1a: Ollie
|-fieldactivate|move: Perish Song
|
|-start|p1a: Ollie|perish3
|-start|p2a: Clefable|perish3
|-weather|RainDance|[upkeep]
|-heal|p2a: Clefable|136\/393 brn|[from] item: Leftovers
|turn|38
|
|move|p1a: Ollie|Scald|p2a: Clefable
|-damage|p2a: Clefable|27\/393 brn
|move|p2a: Clefable|Moonblast|p1a: Ollie
|-damage|p1a: Ollie|175\/384
|-unboost|p1a: Ollie|spa|1
|
|-start|p1a: Ollie|perish2
|-start|p2a: Clefable|perish2
|-weather|RainDance|[upkeep]
|-heal|p2a: Clefable|51\/393 brn|[from] item: Leftovers
|turn|39
|
|move|p1a: Ollie|Scald|p2a: Clefable
|-damage|p2a: Clefable|0 fnt
|faint|p2a: Clefable
|
|-start|p1a: Ollie|perish1
|-weather|RainDance|[upkeep]
|
|switch|p2a: Sableye|Sableye-Mega, M|266\/304
|-damage|p2a: Sableye|228\/304|[from] Stealth Rock
|turn|40
|
|switch|p1a: Splash|Swampert, F|371\/371
|-damage|p1a: Splash|348\/371|[from] Stealth Rock
|move|p2a: Sableye|Recover|p2a: Sableye
|-heal|p2a: Sableye|304\/304
|
|-weather|RainDance|[upkeep]
|turn|41
|
|detailschange|p1a: Splash|Swampert-Mega, F
|message|Swampert has Mega Evolved into Mega Swampert!
|move|p1a: Splash|Waterfall|p2a: Sableye
|-damage|p2a: Sableye|136\/304
|move|p2a: Sableye|Will-O-Wisp|p1a: Splash
|-status|p1a: Splash|brn
|
|-weather|RainDance|[upkeep]
|-damage|p1a: Splash|302\/371 brn|[from] brn
|turn|42
|
|move|p1a: Splash|Waterfall|p2a: Sableye
|-damage|p2a: Sableye|51\/304
|move|p2a: Sableye|Recover|p2a: Sableye
|-heal|p2a: Sableye|203\/304
|
|-weather|RainDance|[upkeep]
|-damage|p1a: Splash|256\/371 brn|[from] brn
|-sideend|p1: icening|move: Light Screen
|turn|43
|
|switch|p1a: Klefki|Klefki, F|80\/318 brn
|-damage|p1a: Klefki|61\/318 brn|[from] Stealth Rock
|move|p2a: Sableye|Recover|p2a: Sableye
|-heal|p2a: Sableye|304\/304
|
|-weather|none
|-damage|p1a: Klefki|22\/318 brn|[from] brn
|turn|44
|
|move|p1a: Klefki|Light Screen|p1a: Klefki
|-sidestart|p1: icening|move: Light Screen
|move|p2a: Sableye|Shadow Ball|p1a: Klefki
|-damage|p1a: Klefki|0 fnt
|faint|p1a: Klefki
|
|
|switch|p1a: Ollie|Politoed, M|175\/384
|-damage|p1a: Ollie|127\/384|[from] Stealth Rock
|-weather|RainDance
|turn|45
|
|move|p1a: Ollie|Perish Song|p1a: Ollie
|-fieldactivate|move: Perish Song
|move|p2a: Sableye|Will-O-Wisp|p1a: Ollie
|-status|p1a: Ollie|brn
|
|-start|p1a: Ollie|perish3
|-start|p2a: Sableye|perish3
|-weather|RainDance|[upkeep]
|-damage|p1a: Ollie|79\/384 brn|[from] brn
|turn|46
|
|switch|p1a: Manaphy|Manaphy|182\/404
|-damage|p1a: Manaphy|132\/404|[from] Stealth Rock
|switch|p2a: Ferrothorn|Ferrothorn, F|271\/352
|-damage|p2a: Ferrothorn|249\/352|[from] Stealth Rock
|
|-weather|RainDance|[upkeep]
|-heal|p1a: Manaphy|157\/404|[from] item: Leftovers
|turn|47
|
|switch|p1a: Celebi|Celebi|279\/404
|-damage|p1a: Celebi|229\/404|[from] Stealth Rock
|move|p2a: Ferrothorn|Power Whip|p1a: Celebi|[miss]
|-miss|p2a: Ferrothorn|p1a: Celebi
|
|-weather|RainDance|[upkeep]
|-heal|p1a: Celebi|254\/404|[from] item: Leftovers
|turn|48
|
|move|p2a: Ferrothorn|Protect|p2a: Ferrothorn
|-singleturn|p2a: Ferrothorn|Protect
|move|p1a: Celebi|Heal Bell|p1a: Celebi
|-cureteam|p1a: Celebi|[from] move: HealBell
|
|-weather|RainDance|[upkeep]
|-heal|p1a: Celebi|279\/404|[from] item: Leftovers
|turn|49
|
|switch|p1a: Manaphy|Manaphy|157\/404
|-damage|p1a: Manaphy|107\/404|[from] Stealth Rock
|move|p2a: Ferrothorn|Power Whip|p1a: Manaphy
|-supereffective|p1a: Manaphy
|-damage|p1a: Manaphy|0 fnt
|faint|p1a: Manaphy
|
|-weather|RainDance|[upkeep]
|
|switch|p1a: Celebi|Celebi|279\/404
|-damage|p1a: Celebi|229\/404|[from] Stealth Rock
|turn|50
|
|switch|p2a: Sableye|Sableye-Mega, M|304\/304
|-damage|p2a: Sableye|266\/304|[from] Stealth Rock
|move|p1a: Celebi|Psychic|p2a: Sableye
|-immune|p2a: Sableye|[msg]
|
|-weather|RainDance|[upkeep]
|-heal|p1a: Celebi|254\/404|[from] item: Leftovers
|turn|51
|
|switch|p1a: Splash|Swampert-Mega, F|256\/371
|-damage|p1a: Splash|233\/371|[from] Stealth Rock
|move|p2a: Sableye|Shadow Ball|p1a: Splash
|-damage|p1a: Splash|195\/371
|-unboost|p1a: Splash|spd|1
|
|-weather|RainDance|[upkeep]
|-sideend|p1: icening|move: Light Screen
|turn|52
|
|switch|p2a: Ferrothorn|Ferrothorn, F|249\/352
|-damage|p2a: Ferrothorn|227\/352|[from] Stealth Rock
|move|p1a: Splash|Waterfall|p2a: Ferrothorn
|-resisted|p2a: Ferrothorn
|-damage|p2a: Ferrothorn|129\/352
|-damage|p1a: Splash|149\/371|[from] ability: Iron Barbs|[of] p2a: Ferrothorn
|
|-weather|none
|turn|53
|
|switch|p2a: Landorus-Therian|Landorus-Therian, M|113\/325
|-damage|p2a: Landorus-Therian|73\/325|[from] Stealth Rock
|-ability|p2a: Landorus-Therian|Intimidate|[of] p1a: Splash
|-unboost|p1a: Splash|atk|1
|move|p1a: Splash|Earthquake|p2a: Landorus-Therian
|-immune|p2a: Landorus-Therian|[msg]
|
|turn|54
|
|move|p2a: Landorus-Therian|Earthquake|p1a: Splash
|-damage|p1a: Splash|0 fnt
|faint|p1a: Splash
|
|
|switch|p1a: Celebi|Celebi|254\/404
|-damage|p1a: Celebi|204\/404|[from] Stealth Rock
|turn|55
|
|switch|p2a: Sableye|Sableye-Mega, M|266\/304
|-damage|p2a: Sableye|228\/304|[from] Stealth Rock
|move|p1a: Celebi|Psychic|p2a: Sableye
|-immune|p2a: Sableye|[msg]
|
|-heal|p1a: Celebi|229\/404|[from] item: Leftovers
|turn|56
|-message|icening forfeited.
|
|win|TheMundane
|raw|Ladder updating...
|leave|icening
|player|p1
|raw|icening's rating: 1661 &rarr; <strong>1634<\/strong><br \/>(-27 for losing)
|raw|TheMundane's rating: 1533 &rarr; <strong>1560<\/strong><br \/>(+27 for winning)