|join|The Last Hero
|join|TheMundane
|player|p1|The Last Hero|54
|player|p2|TheMundane|238
|gametype|singles
|gen|6
|tier|OU
|rated
|clearpoke
|poke|p1|Hippowdon, M
|poke|p1|Aerodactyl, M
|poke|p1|Magnezone
|poke|p1|Stoutland, M
|poke|p1|Tentacruel, M
|poke|p1|Whimsicott, M
|poke|p2|Landorus-Therian, M
|poke|p2|Amoonguss, M
|poke|p2|Rotom-Wash
|poke|p2|Latios, M
|poke|p2|Empoleon, F
|poke|p2|Lopunny, M
|rule|Swagger Clause: Swagger is banned
|rule|Baton Pass Clause: Limit one PokÃ©mon knowing Baton Pass
|rule|Sleep Clause Mod: Limit one foe put to sleep
|rule|Species Clause: Limit one of each PokÃ©mon
|rule|OHKO Clause: OHKO moves are banned
|rule|Moody Clause: Moody is banned
|rule|Evasion Moves Clause: Evasion moves are banned
|rule|Endless Battle Clause: Forcing endless battles is banned
|rule|HP Percentage Mod: HP is shown in percentages
|teampreview
|
|start
|switch|p1a: Aero|Aerodactyl, M|305\/305
|switch|p2a: Latios|Latios, M|301\/301
|-ability|p1a: Aero|Pressure
|turn|1
|
|switch|p1a: Whimsitroll|Whimsicott, M|323\/323
|move|p2a: Latios|Psyshock|p1a: Whimsitroll
|-damage|p1a: Whimsitroll|163\/323
|-damage|p2a: Latios|271\/301|[from] item: Life Orb
|
|-heal|p1a: Whimsitroll|183\/323|[from] item: Leftovers
|turn|2
|
|switch|p2a: Amoonguss|Amoonguss, M|429\/429
|move|p1a: Whimsitroll|Knock Off|p2a: Amoonguss
|-damage|p2a: Amoonguss|384\/429
|-enditem|p2a: Amoonguss|Black Sludge|[from] move: Knock Off|[of] p1a: Whimsitroll
|
|-heal|p1a: Whimsitroll|203\/323|[from] item: Leftovers
|turn|3
|
|switch|p1a: Tenta|Tentacruel, M|363\/363
|move|p2a: Amoonguss|Clear Smog|p1a: Tenta
|-resisted|p1a: Tenta
|-damage|p1a: Tenta|342\/363
|-clearboost|p1a: Tenta
|
|-heal|p1a: Tenta|363\/363|[from] item: Black Sludge
|turn|4
|
|switch|p1a: Whimsitroll|Whimsicott, M|203\/323
|move|p2a: Amoonguss|Spore|p1a: Whimsitroll
|-fail|p1a: Whimsitroll
|
|-heal|p1a: Whimsitroll|223\/323|[from] item: Leftovers
|turn|5
|
|switch|p2a: Empoleon|Empoleon, F|372\/372
|move|p1a: Whimsitroll|Encore|p2a: Empoleon
|-fail|p2a: Empoleon
|
|-heal|p1a: Whimsitroll|243\/323|[from] item: Leftovers
|turn|6
|
|switch|p1a: Aero|Aerodactyl, M|305\/305
|-ability|p1a: Aero|Pressure
|switch|p2a: Landorus-Therian|Landorus-Therian, M|319\/319
|-ability|p2a: Landorus-Therian|Intimidate|[of] p1a: Aero
|-unboost|p1a: Aero|atk|1
|
|turn|7
|
|switch|p1a: Hippo|Hippowdon, M|419\/419
|-weather|Sandstorm
|move|p2a: Landorus-Therian|U-turn|p1a: Hippo
|-damage|p1a: Hippo|356\/419
|
|switch|p2a: Rotom-Wash|Rotom-Wash|303\/303
|
|-weather|Sandstorm|[upkeep]
|-damage|p2a: Rotom-Wash|285\/303|[from] sandstorm
|-heal|p2a: Rotom-Wash|303\/303|[from] item: Leftovers
|turn|8
|
|move|p2a: Rotom-Wash|Will-O-Wisp|p1a: Hippo|[miss]
|-miss|p2a: Rotom-Wash|p1a: Hippo
|move|p1a: Hippo|Stealth Rock|p2a: Rotom-Wash
|-sidestart|p2: TheMundane|move: Stealth Rock
|
|-weather|Sandstorm|[upkeep]
|-damage|p2a: Rotom-Wash|285\/303|[from] sandstorm
|-heal|p2a: Rotom-Wash|303\/303|[from] item: Leftovers
|turn|9
|c|âTheMundane|Ugh
|
|switch|p1a: Tenta|Tentacruel, M|363\/363
|move|p2a: Rotom-Wash|Will-O-Wisp|p1a: Tenta
|-status|p1a: Tenta|brn
|
|-weather|Sandstorm|[upkeep]
|-damage|p1a: Tenta|341\/363 brn|[from] sandstorm
|-damage|p2a: Rotom-Wash|285\/303|[from] sandstorm
|-heal|p1a: Tenta|363\/363 brn|[from] item: Black Sludge
|-heal|p2a: Rotom-Wash|303\/303|[from] item: Leftovers
|-damage|p1a: Tenta|318\/363 brn|[from] brn
|turn|10
|
|switch|p2a: Amoonguss|Amoonguss, M|429\/429
|-damage|p2a: Amoonguss|376\/429|[from] Stealth Rock
|move|p1a: Tenta|Sludge Bomb|p2a: Amoonguss
|-crit|p2a: Amoonguss
|-damage|p2a: Amoonguss|234\/429
|
|-weather|Sandstorm|[upkeep]
|-damage|p1a: Tenta|296\/363 brn|[from] sandstorm
|-damage|p2a: Amoonguss|208\/429|[from] sandstorm
|-heal|p1a: Tenta|318\/363 brn|[from] item: Black Sludge
|-damage|p1a: Tenta|273\/363 brn|[from] brn
|turn|11
|
|switch|p2a: Empoleon|Empoleon, F|372\/372
|-damage|p2a: Empoleon|349\/372|[from] Stealth Rock
|move|p1a: Tenta|Scald|p2a: Empoleon
|-resisted|p2a: Empoleon
|-damage|p2a: Empoleon|312\/372
|
|-weather|Sandstorm|[upkeep]
|-damage|p1a: Tenta|251\/363 brn|[from] sandstorm
|-heal|p1a: Tenta|273\/363 brn|[from] item: Black Sludge
|-heal|p2a: Empoleon|335\/372|[from] item: Leftovers
|-damage|p1a: Tenta|228\/363 brn|[from] brn
|turn|12
|
|move|p1a: Tenta|Scald|p2a: Empoleon
|-resisted|p2a: Empoleon
|-damage|p2a: Empoleon|298\/372
|move|p2a: Empoleon|Stealth Rock|p1a: Tenta
|-sidestart|p1: The Last Hero|move: Stealth Rock
|
|-weather|Sandstorm|[upkeep]
|-damage|p1a: Tenta|206\/363 brn|[from] sandstorm
|-heal|p1a: Tenta|228\/363 brn|[from] item: Black Sludge
|-heal|p2a: Empoleon|321\/372|[from] item: Leftovers
|-damage|p1a: Tenta|183\/363 brn|[from] brn
|turn|13
|
|move|p1a: Tenta|Rapid Spin|p2a: Empoleon
|-resisted|p2a: Empoleon
|-damage|p2a: Empoleon|319\/372
|-sideend|p1: The Last Hero|Stealth Rock|[from] move: Rapid Spin|[of] p1a: Tenta
|move|p2a: Empoleon|Stealth Rock|p1a: Tenta
|-sidestart|p1: The Last Hero|move: Stealth Rock
|
|-weather|Sandstorm|[upkeep]
|-damage|p1a: Tenta|161\/363 brn|[from] sandstorm
|-heal|p1a: Tenta|183\/363 brn|[from] item: Black Sludge
|-heal|p2a: Empoleon|342\/372|[from] item: Leftovers
|-damage|p1a: Tenta|138\/363 brn|[from] brn
|turn|14
|
|move|p1a: Tenta|Scald|p2a: Empoleon
|-resisted|p2a: Empoleon
|-damage|p2a: Empoleon|304\/372
|-status|p2a: Empoleon|brn
|move|p2a: Empoleon|Roar|p1a: Tenta
|drag|p1a: Magnetroll|Magnezone|281\/281
|-damage|p1a: Magnetroll|264\/281|[from] Stealth Rock
|
|-weather|none
|-heal|p2a: Empoleon|327\/372 brn|[from] item: Leftovers
|-damage|p2a: Empoleon|281\/372 brn|[from] brn
|turn|15
|
|move|p1a: Magnetroll|Thunderbolt|p2a: Empoleon
|-supereffective|p2a: Empoleon
|-damage|p2a: Empoleon|0 fnt
|faint|p2a: Empoleon
|
|
|switch|p2a: Latios|Latios, M|271\/301
|-damage|p2a: Latios|234\/301|[from] Stealth Rock
|turn|16
|
|move|p1a: Magnetroll|Thunderbolt|p2a: Latios
|-resisted|p2a: Latios
|-damage|p2a: Latios|159\/301
|move|p2a: Latios|Psyshock|p1a: Magnetroll
|-resisted|p1a: Magnetroll
|-damage|p1a: Magnetroll|186\/281
|-damage|p2a: Latios|129\/301|[from] item: Life Orb
|
|turn|17
|
|switch|p1a: Whimsitroll|Whimsicott, M|243\/323
|-damage|p1a: Whimsitroll|203\/323|[from] Stealth Rock
|move|p2a: Latios|Roost|p2a: Latios
|-heal|p2a: Latios|280\/301
|
|-heal|p1a: Whimsitroll|223\/323|[from] item: Leftovers
|turn|18
|
|switch|p1a: Tenta|Tentacruel, M|138\/363 brn
|-damage|p1a: Tenta|93\/363 brn|[from] Stealth Rock
|move|p2a: Latios|Psyshock|p1a: Tenta
|-supereffective|p1a: Tenta
|-damage|p1a: Tenta|0 fnt
|-damage|p2a: Latios|250\/301|[from] item: Life Orb
|faint|p1a: Tenta
|
|
|switch|p1a: Aero|Aerodactyl, M|305\/305
|-damage|p1a: Aero|229\/305|[from] Stealth Rock
|-ability|p1a: Aero|Pressure
|turn|19
|
|detailschange|p1a: Aero|Aerodactyl-Mega, M
|message|Aerodactyl has Mega Evolved into Mega Aerodactyl!
|move|p1a: Aero|Stone Edge|p2a: Latios
|-damage|p2a: Latios|0 fnt
|faint|p2a: Latios
|
|
|switch|p2a: Landorus-Therian|Landorus-Therian, M|319\/319
|-damage|p2a: Landorus-Therian|280\/319|[from] Stealth Rock
|-ability|p2a: Landorus-Therian|Intimidate|[of] p1a: Aero
|-unboost|p1a: Aero|atk|1
|turn|20
|
|move|p2a: Landorus-Therian|Stone Edge|p1a: Aero|[miss]
|-miss|p2a: Landorus-Therian|p1a: Aero
|move|p1a: Aero|Aqua Tail|p2a: Landorus-Therian
|-supereffective|p2a: Landorus-Therian
|-damage|p2a: Landorus-Therian|52\/319
|
|turn|21
|
|switch|p2a: Rotom-Wash|Rotom-Wash|303\/303
|-damage|p2a: Rotom-Wash|266\/303|[from] Stealth Rock
|switch|p1a: Hippo|Hippowdon, M|356\/419
|-damage|p1a: Hippo|330\/419|[from] Stealth Rock
|-weather|Sandstorm
|
|-weather|Sandstorm|[upkeep]
|-damage|p2a: Rotom-Wash|248\/303|[from] sandstorm
|-heal|p2a: Rotom-Wash|266\/303|[from] item: Leftovers
|turn|22
|
|switch|p1a: Whimsitroll|Whimsicott, M|223\/323
|-damage|p1a: Whimsitroll|183\/323|[from] Stealth Rock
|move|p2a: Rotom-Wash|Will-O-Wisp|p1a: Whimsitroll
|-status|p1a: Whimsitroll|brn
|
|-weather|Sandstorm|[upkeep]
|-damage|p1a: Whimsitroll|163\/323 brn|[from] sandstorm
|-damage|p2a: Rotom-Wash|248\/303|[from] sandstorm
|-heal|p1a: Whimsitroll|183\/323 brn|[from] item: Leftovers
|-heal|p2a: Rotom-Wash|266\/303|[from] item: Leftovers
|-damage|p1a: Whimsitroll|143\/323 brn|[from] brn
|turn|23
|
|switch|p2a: Amoonguss|Amoonguss, M|351\/429
|-damage|p2a: Amoonguss|298\/429|[from] Stealth Rock
|move|p1a: Whimsitroll|Knock Off|p2a: Amoonguss
|-damage|p2a: Amoonguss|283\/429
|
|-weather|Sandstorm|[upkeep]
|-damage|p1a: Whimsitroll|123\/323 brn|[from] sandstorm
|-damage|p2a: Amoonguss|257\/429|[from] sandstorm
|-heal|p1a: Whimsitroll|143\/323 brn|[from] item: Leftovers
|-damage|p1a: Whimsitroll|103\/323 brn|[from] brn
|turn|24
|
|move|p1a: Whimsitroll|Moonblast|p2a: Amoonguss
|-resisted|p2a: Amoonguss
|-damage|p2a: Amoonguss|207\/429
|move|p2a: Amoonguss|Clear Smog|p1a: Whimsitroll
|-supereffective|p1a: Whimsitroll
|-damage|p1a: Whimsitroll|0 fnt
|-clearboost|p1a: Whimsitroll
|faint|p1a: Whimsitroll
|
|-weather|Sandstorm|[upkeep]
|-damage|p2a: Amoonguss|181\/429|[from] sandstorm
|
|switch|p1a: Rastreator|Stoutland, M|311\/311
|-damage|p1a: Rastreator|273\/311|[from] Stealth Rock
|turn|25
|
|switch|p2a: Landorus-Therian|Landorus-Therian, M|52\/319
|-damage|p2a: Landorus-Therian|13\/319|[from] Stealth Rock
|-ability|p2a: Landorus-Therian|Intimidate|[of] p1a: Rastreator
|-unboost|p1a: Rastreator|atk|1
|move|p1a: Rastreator|Return|p2a: Landorus-Therian
|-damage|p2a: Landorus-Therian|0 fnt
|faint|p2a: Landorus-Therian
|
|-weather|Sandstorm|[upkeep]
|
|switch|p2a: Lopunny|Lopunny, M|271\/271
|-damage|p2a: Lopunny|238\/271|[from] Stealth Rock
|turn|26
|
|switch|p2a: Amoonguss|Amoonguss, M|324\/429
|-damage|p2a: Amoonguss|271\/429|[from] Stealth Rock
|move|p1a: Rastreator|Return|p2a: Amoonguss
|-damage|p2a: Amoonguss|93\/429
|
|-weather|Sandstorm|[upkeep]
|-damage|p2a: Amoonguss|67\/429|[from] sandstorm
|turn|27
|c|âTheMundane|??????
|
|switch|p2a: Lopunny|Lopunny, M|238\/271
|-damage|p2a: Lopunny|205\/271|[from] Stealth Rock
|move|p1a: Rastreator|Return|p2a: Lopunny
|-crit|p2a: Lopunny
|-damage|p2a: Lopunny|0 fnt
|faint|p2a: Lopunny
|
|-weather|Sandstorm|[upkeep]
|
|switch|p2a: Rotom-Wash|Rotom-Wash|266\/303
|-damage|p2a: Rotom-Wash|229\/303|[from] Stealth Rock
|turn|28
|
|move|p1a: Rastreator|Return|p2a: Rotom-Wash
|-damage|p2a: Rotom-Wash|94\/303
|move|p2a: Rotom-Wash|Will-O-Wisp|p1a: Rastreator
|-status|p1a: Rastreator|brn
|
|-weather|none
|-heal|p2a: Rotom-Wash|112\/303|[from] item: Leftovers
|-damage|p1a: Rastreator|235\/311 brn|[from] brn
|turn|29
|
|move|p1a: Rastreator|Return|p2a: Rotom-Wash
|-damage|p2a: Rotom-Wash|51\/303
|move|p2a: Rotom-Wash|Pain Split|p1a: Rastreator
|-sethp|p1a: Rastreator|143\/311 brn|p2a: Rotom-Wash|143\/303|[from] move: Pain Split
|
|-heal|p2a: Rotom-Wash|161\/303|[from] item: Leftovers
|-damage|p1a: Rastreator|105\/311 brn|[from] brn
|turn|30
|
|move|p1a: Rastreator|Return|p2a: Rotom-Wash
|-damage|p2a: Rotom-Wash|103\/303
|move|p2a: Rotom-Wash|Volt Switch|p1a: Rastreator
|-crit|p1a: Rastreator
|-damage|p1a: Rastreator|0 fnt
|faint|p1a: Rastreator
|
|switch|p2a: Amoonguss|Amoonguss, M|210\/429
|-damage|p2a: Amoonguss|157\/429|[from] Stealth Rock
|
|
|switch|p1a: Aero|Aerodactyl-Mega, M|229\/305
|-damage|p1a: Aero|153\/305|[from] Stealth Rock
|turn|31
|
|switch|p2a: Rotom-Wash|Rotom-Wash|103\/303
|-damage|p2a: Rotom-Wash|66\/303|[from] Stealth Rock
|move|p1a: Aero|Aerial Ace|p2a: Rotom-Wash
|-resisted|p2a: Rotom-Wash
|-damage|p2a: Rotom-Wash|6\/303
|
|-heal|p2a: Rotom-Wash|24\/303|[from] item: Leftovers
|turn|32
|
|move|p1a: Aero|Aerial Ace|p2a: Rotom-Wash
|-resisted|p2a: Rotom-Wash
|-damage|p2a: Rotom-Wash|0 fnt
|faint|p2a: Rotom-Wash
|
|
|switch|p2a: Amoonguss|Amoonguss, M|300\/429
|-damage|p2a: Amoonguss|247\/429|[from] Stealth Rock
|turn|33
|
|move|p1a: Aero|Aerial Ace|p2a: Amoonguss
|-supereffective|p2a: Amoonguss
|-damage|p2a: Amoonguss|0 fnt
|faint|p2a: Amoonguss
|
|win|The Last Hero
|raw|Ladder updating...
|raw|The Last Hero's rating: 1652 &rarr; <strong>1665<\/strong><br \/>(+13 for winning)
|raw|TheMundane's rating: 1527 &rarr; <strong>1514<\/strong><br \/>(-13 for losing)
|leave|TheMundane
|player|p2