|join|TheMUNDANE
|join|MLOPTEST
|player|p1|TheMUNDANE|238
|player|p2|MLOPTEST|292
|gametype|singles
|gen|6
|tier|OU
|rated
|clearpoke
|poke|p1|Breloom, F
|poke|p1|Landorus-Therian, M
|poke|p1|Rotom-Wash
|poke|p1|Lopunny, M
|poke|p1|Empoleon, F
|poke|p1|Latios, M
|poke|p2|Rotom-Wash
|poke|p2|Diggersby, F
|poke|p2|Talonflame, F
|poke|p2|Xatu, F
|poke|p2|Lopunny, F, shiny
|poke|p2|Celebi
|rule|Swagger Clause: Swagger is banned
|rule|Baton Pass Clause: Limit one PokÃ©mon knowing Baton Pass
|rule|Sleep Clause Mod: Limit one foe put to sleep
|rule|Species Clause: Limit one of each PokÃ©mon
|rule|OHKO Clause: OHKO moves are banned
|rule|Moody Clause: Moody is banned
|rule|Evasion Moves Clause: Evasion moves are banned
|rule|Endless Battle Clause: Forcing endless battles is banned
|rule|HP Percentage Mod: HP is shown in percentages
|teampreview
|
|start
|switch|p1a: Landorus-Therian|Landorus-Therian, M|319\/319
|switch|p2a: Celebi|Celebi|351\/351
|-ability|p1a: Landorus-Therian|Intimidate|[of] p2a: Celebi
|-unboost|p2a: Celebi|atk|1
|turn|1
|
|switch|p2a: Xatu|Xatu, F|333\/333
|move|p1a: Landorus-Therian|U-turn|p2a: Xatu
|-damage|p2a: Xatu|250\/333
|-damage|p1a: Landorus-Therian|266\/319|[from] item: Rocky Helmet|[of] p2a: Xatu
|
|switch|p1a: Latios|Latios, M|301\/301
|
|turn|2
|
|switch|p2a: Celebi|Celebi|351\/351
|move|p1a: Latios|Draco Meteor|p2a: Celebi
|-damage|p2a: Celebi|113\/351
|-unboost|p1a: Latios|spa|2
|-damage|p1a: Latios|271\/301|[from] item: Life Orb
|
|-heal|p2a: Celebi|134\/351|[from] item: Leftovers
|turn|3
|
|move|p1a: Latios|Calm Mind|p1a: Latios
|-boost|p1a: Latios|spa|1
|-boost|p1a: Latios|spd|1
|move|p2a: Celebi|Stealth Rock|p1a: Latios
|-sidestart|p1: TheMUNDANE|move: Stealth Rock
|
|-heal|p2a: Celebi|155\/351|[from] item: Leftovers
|turn|4
|
|move|p1a: Latios|Calm Mind|p1a: Latios
|-boost|p1a: Latios|spa|1
|-boost|p1a: Latios|spd|1
|move|p2a: Celebi|U-turn|p1a: Latios
|-supereffective|p1a: Latios
|-damage|p1a: Latios|153\/301
|
|switch|p2a: Diggersby|Diggersby, F|311\/311
|
|turn|5
|
|switch|p1a: Empoleon|Empoleon, F|372\/372
|-damage|p1a: Empoleon|349\/372|[from] Stealth Rock
|move|p2a: Diggersby|U-turn|p1a: Empoleon
|-resisted|p1a: Empoleon
|-damage|p1a: Empoleon|303\/372
|
|switch|p2a: Lopunny|Lopunny, F, shiny|272\/272
|
|-heal|p1a: Empoleon|326\/372|[from] item: Leftovers
|turn|6
|
|switch|p1a: Landorus-Therian|Landorus-Therian, M|266\/319
|-damage|p1a: Landorus-Therian|227\/319|[from] Stealth Rock
|-ability|p1a: Landorus-Therian|Intimidate|[of] p2a: Lopunny
|-unboost|p2a: Lopunny|atk|1
|detailschange|p2a: Lopunny|Lopunny-Mega, F, shiny
|message|Lopunny has Mega Evolved into Mega Lopunny!
|move|p2a: Lopunny|High Jump Kick|p1a: Landorus-Therian
|-resisted|p1a: Landorus-Therian
|-damage|p1a: Landorus-Therian|147\/319
|
|turn|7
|
|switch|p2a: Xatu|Xatu, F|250\/333
|move|p1a: Landorus-Therian|Superpower|p2a: Xatu
|-resisted|p2a: Xatu
|-damage|p2a: Xatu|216\/333
|-damage|p1a: Landorus-Therian|94\/319|[from] item: Rocky Helmet|[of] p2a: Xatu
|-unboost|p1a: Landorus-Therian|atk|1
|-unboost|p1a: Landorus-Therian|def|1
|
|turn|8
|
|switch|p1a: Empoleon|Empoleon, F|326\/372
|-damage|p1a: Empoleon|303\/372|[from] Stealth Rock
|move|p2a: Xatu|U-turn|p1a: Empoleon
|-resisted|p1a: Empoleon
|-damage|p1a: Empoleon|284\/372
|
|switch|p2a: Lopunny|Lopunny-Mega, F, shiny|272\/272
|
|-heal|p1a: Empoleon|307\/372|[from] item: Leftovers
|turn|9
|
|move|p2a: Lopunny|High Jump Kick|p1a: Empoleon|[miss]
|-miss|p2a: Lopunny|p1a: Empoleon
|-damage|p2a: Lopunny|136\/272|[from] highjumpkick
|move|p1a: Empoleon|Stealth Rock|p2a: Lopunny
|-sidestart|p2: MLOPTEST|move: Stealth Rock
|
|-heal|p1a: Empoleon|330\/372|[from] item: Leftovers
|turn|10
|
|move|p2a: Lopunny|High Jump Kick|p1a: Empoleon
|-supereffective|p1a: Empoleon
|-damage|p1a: Empoleon|0 fnt
|faint|p1a: Empoleon
|
|
|switch|p1a: Breloom|Breloom, F|261\/261
|-damage|p1a: Breloom|245\/261|[from] Stealth Rock
|turn|11
|
|switch|p2a: Celebi|Celebi|155\/351
|-damage|p2a: Celebi|112\/351|[from] Stealth Rock
|move|p1a: Breloom|Swords Dance|p1a: Breloom
|-boost|p1a: Breloom|atk|2
|
|-heal|p2a: Celebi|133\/351|[from] item: Leftovers
|-status|p1a: Breloom|tox|[from] item: Toxic Orb
|turn|12
|
|move|p2a: Celebi|Earth Power|p1a: Breloom
|-resisted|p1a: Breloom
|-damage|p1a: Breloom|193\/261 tox
|move|p1a: Breloom|Facade|p2a: Celebi
|-damage|p2a: Celebi|0 fnt
|faint|p2a: Celebi
|
|-heal|p1a: Breloom|225\/261 tox|[from] ability: Poison Heal
|
|switch|p2a: Talonflame|Talonflame, F|298\/298
|-damage|p2a: Talonflame|149\/298|[from] Stealth Rock
|turn|13
|
|switch|p1a: Rotom-Wash|Rotom-Wash|303\/303
|-damage|p1a: Rotom-Wash|266\/303|[from] Stealth Rock
|move|p2a: Talonflame|Brave Bird|p1a: Rotom-Wash
|-resisted|p1a: Rotom-Wash
|-damage|p1a: Rotom-Wash|175\/303
|-damage|p2a: Talonflame|119\/298|[from] recoil|[of] p1a: Rotom-Wash
|
|-heal|p1a: Rotom-Wash|193\/303|[from] item: Leftovers
|turn|14
|
|move|p2a: Talonflame|Brave Bird|p1a: Rotom-Wash
|-resisted|p1a: Rotom-Wash
|-damage|p1a: Rotom-Wash|109\/303
|-damage|p2a: Talonflame|91\/298|[from] recoil|[of] p1a: Rotom-Wash
|move|p1a: Rotom-Wash|Volt Switch|p2a: Talonflame
|-supereffective|p2a: Talonflame
|-damage|p2a: Talonflame|0 fnt
|faint|p2a: Talonflame
|
|switch|p1a: Lopunny|Lopunny, M|271\/271
|-damage|p1a: Lopunny|238\/271|[from] Stealth Rock
|
|
|switch|p2a: Rotom-Wash|Rotom-Wash|304\/304
|-damage|p2a: Rotom-Wash|266\/304|[from] Stealth Rock
|turn|15
|
|switch|p1a: Breloom|Breloom, F|225\/261 tox
|-damage|p1a: Breloom|209\/261 tox|[from] Stealth Rock
|move|p2a: Rotom-Wash|Volt Switch|p1a: Breloom
|-resisted|p1a: Breloom
|-damage|p1a: Breloom|147\/261 tox
|
|switch|p2a: Diggersby|Diggersby, F|311\/311
|-damage|p2a: Diggersby|292\/311|[from] Stealth Rock
|
|-heal|p1a: Breloom|179\/261 tox|[from] ability: Poison Heal
|turn|16
|
|move|p2a: Diggersby|Return|p1a: Breloom
|-damage|p1a: Breloom|0 fnt
|faint|p1a: Breloom
|
|
|switch|p1a: Landorus-Therian|Landorus-Therian, M|94\/319
|-damage|p1a: Landorus-Therian|55\/319|[from] Stealth Rock
|-ability|p1a: Landorus-Therian|Intimidate|[of] p2a: Diggersby
|-unboost|p2a: Diggersby|atk|1
|turn|17
|
|switch|p1a: Latios|Latios, M|153\/301
|-damage|p1a: Latios|116\/301|[from] Stealth Rock
|switch|p2a: Xatu|Xatu, F|216\/333
|-damage|p2a: Xatu|133\/333|[from] Stealth Rock
|
|turn|18
|
|move|p1a: Latios|Draco Meteor|p2a: Xatu
|-damage|p2a: Xatu|0 fnt
|-unboost|p1a: Latios|spa|2
|-damage|p1a: Latios|86\/301|[from] item: Life Orb
|faint|p2a: Xatu
|
|
|switch|p2a: Diggersby|Diggersby, F|292\/311
|-damage|p2a: Diggersby|273\/311|[from] Stealth Rock
|turn|19
|
|switch|p1a: Rotom-Wash|Rotom-Wash|109\/303
|-damage|p1a: Rotom-Wash|72\/303|[from] Stealth Rock
|move|p2a: Diggersby|Return|p1a: Rotom-Wash
|-damage|p1a: Rotom-Wash|0 fnt
|faint|p1a: Rotom-Wash
|
|
|switch|p1a: Lopunny|Lopunny, M|238\/271
|-damage|p1a: Lopunny|205\/271|[from] Stealth Rock
|turn|20
|
|detailschange|p1a: Lopunny|Lopunny-Mega, M
|message|Lopunny has Mega Evolved into Mega Lopunny!
|move|p2a: Diggersby|Return|p1a: Lopunny
|-crit|p1a: Lopunny
|-damage|p1a: Lopunny|0 fnt
|faint|p1a: Lopunny
|
|
|switch|p1a: Landorus-Therian|Landorus-Therian, M|55\/319
|-damage|p1a: Landorus-Therian|16\/319|[from] Stealth Rock
|-ability|p1a: Landorus-Therian|Intimidate|[of] p2a: Diggersby
|-unboost|p2a: Diggersby|atk|1
|turn|21
|
|move|p1a: Landorus-Therian|Superpower|p2a: Diggersby
|-supereffective|p2a: Diggersby
|-damage|p2a: Diggersby|0 fnt
|-unboost|p1a: Landorus-Therian|atk|1
|-unboost|p1a: Landorus-Therian|def|1
|faint|p2a: Diggersby
|
|
|switch|p2a: Rotom-Wash|Rotom-Wash|266\/304
|-damage|p2a: Rotom-Wash|228\/304|[from] Stealth Rock
|turn|22
|c|âMLOPTEST|gg
|
|move|p1a: Landorus-Therian|Superpower|p2a: Rotom-Wash
|-damage|p2a: Rotom-Wash|156\/304
|-unboost|p1a: Landorus-Therian|atk|1
|-unboost|p1a: Landorus-Therian|def|1
|move|p2a: Rotom-Wash|Hydro Pump|p1a: Landorus-Therian
|-supereffective|p1a: Landorus-Therian
|-damage|p1a: Landorus-Therian|0 fnt
|faint|p1a: Landorus-Therian
|
|-heal|p2a: Rotom-Wash|175\/304|[from] item: Leftovers
|c|âTheMUNDANE|gg
|
|switch|p1a: Latios|Latios, M|86\/301
|-damage|p1a: Latios|49\/301|[from] Stealth Rock
|turn|23
|
|move|p1a: Latios|Draco Meteor|p2a: Rotom-Wash
|-damage|p2a: Rotom-Wash|0 fnt
|-unboost|p1a: Latios|spa|2
|-damage|p1a: Latios|19\/301|[from] item: Life Orb
|faint|p2a: Rotom-Wash
|
|
|switch|p2a: Lopunny|Lopunny-Mega, F, shiny|136\/272
|-damage|p2a: Lopunny|119\/272|[from] Stealth Rock
|turn|24
|
|move|p2a: Lopunny|Return|p1a: Latios
|-damage|p1a: Latios|0 fnt
|faint|p1a: Latios
|
|win|MLOPTEST
|raw|Ladder updating...
|raw|TheMUNDANE's rating: 1637 &rarr; <strong>1609<\/strong><br \/>(-28 for losing)
|raw|MLOPTEST's rating: 1479 &rarr; <strong>1507<\/strong><br \/>(+28 for winning)
|leave|TheMUNDANE
|player|p1