|join|TheMundane
|join|ThisGameIs4Phags
|player|p1|TheMundane|238
|player|p2|ThisGameIs4Phags|102
|gametype|singles
|gen|6
|tier|OU
|rated
|clearpoke
|poke|p1|Greninja, F
|poke|p1|Gallade, M
|poke|p1|Rotom-Wash
|poke|p1|Clefable, F
|poke|p1|Landorus-Therian, M
|poke|p1|Empoleon, F
|poke|p2|Froslass, F
|poke|p2|Bisharp, M
|poke|p2|Garchomp, M
|poke|p2|Talonflame, M
|poke|p2|Thundurus, M
|poke|p2|Diancie
|rule|Swagger Clause: Swagger is banned
|rule|Baton Pass Clause: Limit one PokÃ©mon knowing Baton Pass
|rule|Sleep Clause Mod: Limit one foe put to sleep
|rule|Species Clause: Limit one of each PokÃ©mon
|rule|OHKO Clause: OHKO moves are banned
|rule|Moody Clause: Moody is banned
|rule|Evasion Moves Clause: Evasion moves are banned
|rule|Endless Battle Clause: Forcing endless battles is banned
|rule|HP Percentage Mod: HP is shown in percentages
|teampreview
|
|start
|switch|p1a: Landorus-Therian|Landorus-Therian, M|325\/325
|switch|p2a: Diancie|Diancie|241\/241
|-ability|p1a: Landorus-Therian|Intimidate|[of] p2a: Diancie
|-fail|p2a: Diancie|unboost|[from] ability: Clear Body|[of] p2a: Diancie
|turn|1
|
|detailschange|p2a: Diancie|Diancie-Mega
|message|Diancie has Mega Evolved into Mega Diancie!
|move|p2a: Diancie|Protect|p2a: Diancie
|-singleturn|p2a: Diancie|Protect
|move|p1a: Landorus-Therian|Earthquake|p2a: Diancie
|-activate|p2a: Diancie|Protect
|
|turn|2
|
|switch|p1a: Greninja|Greninja, F|285\/285
|switch|p2a: Talonflame|Talonflame, M|297\/297
|
|turn|3
|
|switch|p1a: Rotom-Wash|Rotom-Wash|304\/304
|move|p2a: Talonflame|Brave Bird|p1a: Rotom-Wash
|-resisted|p1a: Rotom-Wash
|-damage|p1a: Rotom-Wash|208\/304
|-damage|p2a: Talonflame|265\/297|[from] recoil|[of] p1a: Rotom-Wash
|
|-heal|p1a: Rotom-Wash|227\/304|[from] item: Leftovers
|turn|4
|
|switch|p2a: Garchomp|Garchomp, M|357\/357
|move|p1a: Rotom-Wash|Volt Switch|p2a: Garchomp
|-immune|p2a: Garchomp|[msg]
|
|-heal|p1a: Rotom-Wash|246\/304|[from] item: Leftovers
|turn|5
|
|switch|p2a: Diancie|Diancie-Mega|241\/241
|move|p1a: Rotom-Wash|Hydro Pump|p2a: Diancie
|-supereffective|p2a: Diancie
|-damage|p2a: Diancie|7\/241
|
|-heal|p1a: Rotom-Wash|265\/304|[from] item: Leftovers
|turn|6
|
|switch|p1a: Landorus-Therian|Landorus-Therian, M|325\/325
|-ability|p1a: Landorus-Therian|Intimidate|[of] p2a: Diancie
|-unboost|p2a: Diancie|atk|1
|move|p2a: Diancie|Stealth Rock|p1a: Landorus-Therian
|-sidestart|p1: TheMundane|move: Stealth Rock
|
|turn|7
|
|move|p1a: Landorus-Therian|U-turn|p2a: Diancie
|-crit|p2a: Diancie
|-resisted|p2a: Diancie
|-damage|p2a: Diancie|0 fnt
|faint|p2a: Diancie
|
|switch|p1a: Gallade|Gallade, M|277\/277
|-damage|p1a: Gallade|260\/277|[from] Stealth Rock
|
|
|switch|p2a: Froslass|Froslass, F|281\/281
|turn|8
|
|detailschange|p1a: Gallade|Gallade-Mega, M
|message|Gallade has Mega Evolved into Mega Gallade!
|move|p2a: Froslass|Taunt|p1a: Gallade
|-start|p1a: Gallade|move: Taunt
|move|p1a: Gallade|Knock Off|p2a: Froslass
|-supereffective|p2a: Froslass
|-enditem|p2a: Froslass|Focus Sash
|-damage|p2a: Froslass|1\/281
|
|turn|9
|
|move|p1a: Gallade|Knock Off|p2a: Froslass
|-supereffective|p2a: Froslass
|-damage|p2a: Froslass|0 fnt
|-start|p1a: Gallade|Disable|Knock Off
|faint|p2a: Froslass
|
|
|switch|p2a: Talonflame|Talonflame, M|265\/297
|turn|10
|
|switch|p1a: Empoleon|Empoleon, F|372\/372
|-damage|p1a: Empoleon|349\/372|[from] Stealth Rock
|move|p2a: Talonflame|U-turn|p1a: Empoleon
|-resisted|p1a: Empoleon
|-damage|p1a: Empoleon|312\/372
|
|switch|p2a: Garchomp|Garchomp, M|357\/357
|
|-heal|p1a: Empoleon|335\/372|[from] item: Leftovers
|turn|11
|
|move|p2a: Garchomp|Earthquake|p1a: Empoleon
|-supereffective|p1a: Empoleon
|-damage|p1a: Empoleon|65\/372
|move|p1a: Empoleon|Defog|p2a: Garchomp
|-unboost|p2a: Garchomp|evasion|1
|-sideend|p1: TheMundane|Stealth Rock|[from] move: Defog|[of] p1a: Empoleon
|
|-heal|p1a: Empoleon|88\/372|[from] item: Leftovers
|turn|12
|
|switch|p1a: Landorus-Therian|Landorus-Therian, M|325\/325
|-ability|p1a: Landorus-Therian|Intimidate|[of] p2a: Garchomp
|-unboost|p2a: Garchomp|atk|1
|move|p2a: Garchomp|Earthquake|p1a: Landorus-Therian
|-immune|p1a: Landorus-Therian|[msg]
|
|turn|13
|
|switch|p2a: Talonflame|Talonflame, M|265\/297
|move|p1a: Landorus-Therian|U-turn|p2a: Talonflame
|-resisted|p2a: Talonflame
|-damage|p2a: Talonflame|234\/297
|
|switch|p1a: Rotom-Wash|Rotom-Wash|265\/304
|
|-heal|p1a: Rotom-Wash|284\/304|[from] item: Leftovers
|turn|14
|
|move|p2a: Talonflame|U-turn|p1a: Rotom-Wash
|-damage|p1a: Rotom-Wash|218\/304
|
|switch|p2a: Garchomp|Garchomp, M|357\/357
|move|p1a: Rotom-Wash|Will-O-Wisp|p2a: Garchomp|[miss]
|-miss|p1a: Rotom-Wash|p2a: Garchomp
|
|-heal|p1a: Rotom-Wash|237\/304|[from] item: Leftovers
|turn|15
|-message|ThisGameIs4Phags forfeited.
|
|win|TheMundane
|raw|Ladder updating...
|leave|ThisGameIs4Phags
|player|p2
|raw|TheMundane's rating: 1734 &rarr; <strong>1745<\/strong><br \/>(+11 for winning)
|raw|ThisGameIs4Phags's rating: 1563 &rarr; <strong>1552<\/strong><br \/>(-11 for losing)