|join|Greninja Ban
|join|TheMundane
|player|p1|Greninja Ban|29
|player|p2|TheMundane|274
|gametype|singles
|gen|6
|tier|OU
|rated
|clearpoke
|poke|p1|Scizor, F
|poke|p1|Latios, M
|poke|p1|Greninja, F, shiny
|poke|p1|Clefable, F
|poke|p1|Bisharp, M
|poke|p1|Landorus-Therian, M
|poke|p2|Greninja, F
|poke|p2|Gallade, M
|poke|p2|Rotom-Wash
|poke|p2|Clefable, F
|poke|p2|Landorus-Therian, M
|poke|p2|Empoleon, F
|rule|Swagger Clause: Swagger is banned
|rule|Baton Pass Clause: Limit one PokÃ©mon knowing Baton Pass
|rule|Sleep Clause Mod: Limit one foe put to sleep
|rule|Species Clause: Limit one of each PokÃ©mon
|rule|OHKO Clause: OHKO moves are banned
|rule|Moody Clause: Moody is banned
|rule|Evasion Moves Clause: Evasion moves are banned
|rule|Endless Battle Clause: Forcing endless battles is banned
|rule|HP Percentage Mod: HP is shown in percentages
|teampreview
|c|âTheMundane|Gren stays
|c|âTheMundane|gl
|c|âGreninja Ban|noooooo
|
|start
|switch|p1a: Landorus-Therian|Landorus-Therian, M|325\/325
|switch|p2a: Rotom-Wash|Rotom-Wash|304\/304
|-ability|p1a: Landorus-Therian|Intimidate|[of] p2a: Rotom-Wash
|-unboost|p2a: Rotom-Wash|atk|1
|turn|1
|
|move|p1a: Landorus-Therian|U-turn|p2a: Rotom-Wash
|-damage|p2a: Rotom-Wash|238\/304
|
|switch|p1a: Clefable|Clefable, F|394\/394
|move|p2a: Rotom-Wash|Volt Switch|p1a: Clefable
|-damage|p1a: Clefable|301\/394
|
|switch|p2a: Greninja|Greninja, F|285\/285
|
|turn|2
|
|switch|p1a: Scizor|Scizor, F|289\/289
|move|p2a: Greninja|Gunk Shot|p1a: Scizor
|-start|p2a: Greninja|typechange|Poison|[from] Protean
|-immune|p1a: Scizor|[msg]
|
|turn|3
|
|switch|p2a: Empoleon|Empoleon, F|372\/372
|detailschange|p1a: Scizor|Scizor-Mega, F
|message|Scizor has Mega Evolved into Mega Scizor!
|move|p1a: Scizor|Bullet Punch|p2a: Empoleon
|-resisted|p2a: Empoleon
|-damage|p2a: Empoleon|345\/372
|
|-heal|p2a: Empoleon|368\/372|[from] item: Leftovers
|turn|4
|
|move|p1a: Scizor|Swords Dance|p1a: Scizor
|-boost|p1a: Scizor|atk|2
|move|p2a: Empoleon|Stealth Rock|p1a: Scizor
|-sidestart|p1: Greninja Ban|move: Stealth Rock
|
|-heal|p2a: Empoleon|372\/372|[from] item: Leftovers
|turn|5
|
|move|p1a: Scizor|Superpower|p2a: Empoleon
|-supereffective|p2a: Empoleon
|-damage|p2a: Empoleon|0 fnt
|-unboost|p1a: Scizor|atk|1
|-unboost|p1a: Scizor|def|1
|faint|p2a: Empoleon
|
|
|switch|p2a: Rotom-Wash|Rotom-Wash|238\/304
|turn|6
|
|move|p1a: Scizor|Superpower|p2a: Rotom-Wash
|-damage|p2a: Rotom-Wash|68\/304
|-unboost|p1a: Scizor|atk|1
|-unboost|p1a: Scizor|def|1
|move|p2a: Rotom-Wash|Will-O-Wisp|p1a: Scizor
|-status|p1a: Scizor|brn
|
|-heal|p2a: Rotom-Wash|87\/304|[from] item: Leftovers
|-damage|p1a: Scizor|253\/289 brn|[from] brn
|turn|7
|
|switch|p1a: Clefable|Clefable, F|301\/394
|switch|p2a: Landorus-Therian|Landorus-Therian, M|325\/325
|-ability|p2a: Landorus-Therian|Intimidate|[of] p1a: Clefable
|-unboost|p1a: Clefable|atk|1
|
|turn|8
|
|move|p2a: Landorus-Therian|Explosion|p1a: Clefable
|-damage|p1a: Clefable|0 fnt
|faint|p2a: Landorus-Therian
|faint|p1a: Clefable
|
|
|switch|p1a: Greninja|Greninja, F, shiny|285\/285
|switch|p2a: Gallade|Gallade, M|277\/277
|-damage|p1a: Greninja|250\/285|[from] Stealth Rock
|turn|9
|
|switch|p1a: Landorus-Therian|Landorus-Therian, M|325\/325
|-damage|p1a: Landorus-Therian|285\/325|[from] Stealth Rock
|-ability|p1a: Landorus-Therian|Intimidate|[of] p2a: Gallade
|-unboost|p2a: Gallade|atk|1
|detailschange|p2a: Gallade|Gallade-Mega, M
|message|Gallade has Mega Evolved into Mega Gallade!
|move|p2a: Gallade|Zen Headbutt|p1a: Landorus-Therian
|-damage|p1a: Landorus-Therian|161\/325
|
|turn|10
|
|move|p1a: Landorus-Therian|U-turn|p2a: Gallade
|-damage|p2a: Gallade|177\/277
|
|switch|p1a: Latios|Latios, M|299\/299
|-damage|p1a: Latios|262\/299|[from] Stealth Rock
|move|p2a: Gallade|Swords Dance|p2a: Gallade
|-boost|p2a: Gallade|atk|2
|
|turn|11
|c|âGreninja Ban|am i fucked
|
|move|p2a: Gallade|Knock Off|p1a: Latios
|-supereffective|p1a: Latios
|-damage|p1a: Latios|0 fnt
|-enditem|p1a: Latios|Life Orb|[from] move: Knock Off|[of] p2a: Gallade
|faint|p1a: Latios
|
|
|switch|p1a: Landorus-Therian|Landorus-Therian, M|161\/325
|-damage|p1a: Landorus-Therian|121\/325|[from] Stealth Rock
|-ability|p1a: Landorus-Therian|Intimidate|[of] p2a: Gallade
|-unboost|p2a: Gallade|atk|1
|turn|12
|
|move|p1a: Landorus-Therian|U-turn|p2a: Gallade
|-damage|p2a: Gallade|80\/277
|
|switch|p1a: Scizor|Scizor-Mega, F|253\/289 brn
|-damage|p1a: Scizor|217\/289 brn|[from] Stealth Rock
|move|p2a: Gallade|Close Combat|p1a: Scizor
|-damage|p1a: Scizor|34\/289 brn
|-unboost|p2a: Gallade|def|1
|-unboost|p2a: Gallade|spd|1
|
|-damage|p1a: Scizor|0 fnt|[from] brn
|faint|p1a: Scizor
|
|switch|p1a: Landorus-Therian|Landorus-Therian, M|121\/325
|-damage|p1a: Landorus-Therian|81\/325|[from] Stealth Rock
|-ability|p1a: Landorus-Therian|Intimidate|[of] p2a: Gallade
|-unboost|p2a: Gallade|atk|1
|turn|13
|
|switch|p2a: Clefable|Clefable, F|394\/394
|move|p1a: Landorus-Therian|U-turn|p2a: Clefable
|-resisted|p2a: Clefable
|-damage|p2a: Clefable|347\/394
|
|switch|p1a: Bisharp|Bisharp, M|272\/272
|-damage|p1a: Bisharp|255\/272|[from] Stealth Rock
|
|-heal|p2a: Clefable|371\/394|[from] item: Leftovers
|turn|14
|
|move|p1a: Bisharp|Iron Head|p2a: Clefable
|-supereffective|p2a: Clefable
|-damage|p2a: Clefable|0 fnt
|-damage|p1a: Bisharp|228\/272|[from] item: Life Orb
|faint|p2a: Clefable
|
|
|switch|p2a: Greninja|Greninja, F|285\/285
|turn|15
|
|move|p1a: Bisharp|Sucker Punch|p2a: Greninja
|-resisted|p2a: Greninja
|-damage|p2a: Greninja|145\/285
|-damage|p1a: Bisharp|201\/272|[from] item: Life Orb
|move|p2a: Greninja|Low Kick|p1a: Bisharp
|-start|p2a: Greninja|typechange|Fighting|[from] Protean
|-supereffective|p1a: Bisharp
|-damage|p1a: Bisharp|0 fnt
|-damage|p2a: Greninja|117\/285|[from] item: Life Orb
|faint|p1a: Bisharp
|
|
|switch|p1a: Greninja|Greninja, F, shiny|250\/285
|-damage|p1a: Greninja|215\/285|[from] Stealth Rock
|turn|16
|
|move|p2a: Greninja|Low Kick|p1a: Greninja
|-supereffective|p1a: Greninja
|-damage|p1a: Greninja|0 fnt
|-damage|p2a: Greninja|89\/285|[from] item: Life Orb
|faint|p1a: Greninja
|
|
|switch|p1a: Landorus-Therian|Landorus-Therian, M|81\/325
|-damage|p1a: Landorus-Therian|41\/325|[from] Stealth Rock
|-ability|p1a: Landorus-Therian|Intimidate|[of] p2a: Greninja
|-unboost|p2a: Greninja|atk|1
|turn|17
|
|move|p1a: Landorus-Therian|Stone Edge|p2a: Greninja
|-resisted|p2a: Greninja
|-damage|p2a: Greninja|0 fnt
|faint|p2a: Greninja
|
|
|switch|p2a: Rotom-Wash|Rotom-Wash|87\/304
|turn|18
|c|âGreninja Ban|theres no way i hit all 3
|
|move|p1a: Landorus-Therian|Stone Edge|p2a: Rotom-Wash|[miss]
|-miss|p1a: Landorus-Therian|p2a: Rotom-Wash
|move|p2a: Rotom-Wash|Will-O-Wisp|p1a: Landorus-Therian|[miss]
|-miss|p2a: Rotom-Wash|p1a: Landorus-Therian
|
|-heal|p2a: Rotom-Wash|106\/304|[from] item: Leftovers
|turn|19
|
|move|p1a: Landorus-Therian|Stone Edge|p2a: Rotom-Wash
|-damage|p2a: Rotom-Wash|8\/304
|move|p2a: Rotom-Wash|Will-O-Wisp|p1a: Landorus-Therian
|-status|p1a: Landorus-Therian|brn
|
|-heal|p2a: Rotom-Wash|27\/304|[from] item: Leftovers
|-damage|p1a: Landorus-Therian|1\/325 brn|[from] brn
|turn|20
|c|âTheMundane|gg
|
|move|p1a: Landorus-Therian|Stone Edge|p2a: Rotom-Wash|[miss]
|-miss|p1a: Landorus-Therian|p2a: Rotom-Wash
|move|p2a: Rotom-Wash|Hydro Pump|p1a: Landorus-Therian
|-supereffective|p1a: Landorus-Therian
|-damage|p1a: Landorus-Therian|0 fnt
|faint|p1a: Landorus-Therian
|
|win|TheMundane
|raw|Ladder updating...
|leave|Greninja Ban
|player|p1