|join|TheMundane
|join|shadow pokeaim
|player|p1|TheMundane|238
|player|p2|shadow pokeaim|276
|gametype|singles
|gen|6
|tier|OU
|clearpoke
|poke|p1|Conkeldurr, F
|poke|p1|Landorus-Therian, M
|poke|p1|Rotom-Wash
|poke|p1|Sharpedo, F
|poke|p1|Latios, M
|poke|p1|Empoleon, M
|poke|p2|Landorus, M
|poke|p2|Gyarados, M
|poke|p2|Slowbro, F
|poke|p2|Ferrothorn, M
|poke|p2|Latias, F
|poke|p2|Darmanitan, M
|rule|Swagger Clause: Swagger is banned
|rule|Baton Pass Clause: Limit one PokÃ©mon knowing Baton Pass
|rule|Sleep Clause Mod: Limit one foe put to sleep
|rule|Species Clause: Limit one of each PokÃ©mon
|rule|OHKO Clause: OHKO moves are banned
|rule|Moody Clause: Moody is banned
|rule|Evasion Moves Clause: Evasion moves are banned
|rule|Endless Battle Clause: Forcing endless battles is banned
|rule|HP Percentage Mod: HP is shown in percentages
|teampreview
|join|billyjack77
|join|thespiritinthesky
|join|Shavon ll
|join|manfredogalbano
|c|âshadow pokeaim|gl :]
|join|jeffrawr
|join|UnB0lievable
|join|Mouzourides
|join|pyromaniac 963
|join|Rammasaur
|c|âTheMundane|2u2
|
|start
|switch|p1a: Landorus-Therian|Landorus-Therian, M|319\/319
|switch|p2a: Ferrothorn|Ferrothorn, M|351\/351
|-ability|p1a: Landorus-Therian|Intimidate|[of] p2a: Ferrothorn
|-unboost|p2a: Ferrothorn|atk|1
|turn|1
|
|switch|p1a: Conkeldurr|Conkeldurr, F|364\/364
|move|p2a: Ferrothorn|Stealth Rock|p1a: Conkeldurr
|-sidestart|p1: TheMundane|move: Stealth Rock
|
|turn|2
|join|Specs Fake-Out
|
|switch|p2a: the Big Show|Gyarados, M|394\/394
|-ability|p2a: the Big Show|Intimidate|[of] p1a: Conkeldurr
|-unboost|p1a: Conkeldurr|atk|1
|move|p1a: Conkeldurr|Drain Punch|p2a: the Big Show
|-resisted|p2a: the Big Show
|-damage|p2a: the Big Show|349\/394
|
|-heal|p2a: the Big Show|373\/394|[from] item: Leftovers
|turn|3
|join|King Time Stall
|
|move|p2a: the Big Show|Substitute|p2a: the Big Show
|-start|p2a: the Big Show|Substitute
|-damage|p2a: the Big Show|275\/394
|move|p1a: Conkeldurr|Thunder Punch|p2a: the Big Show
|-supereffective|p2a: the Big Show
|-end|p2a: the Big Show|Substitute
|
|-heal|p2a: the Big Show|299\/394|[from] item: Leftovers
|turn|4
|c| Rammasaur|here it comes boys
|join|PikachuTheThunder
|c|âshadow pokeaim|ooft
|c| Rammasaur|nvm
|c| pyromaniac 963|Innovation
|c| Rammasaur|get out
|
|move|p2a: the Big Show|Substitute|p2a: the Big Show
|-start|p2a: the Big Show|Substitute
|-damage|p2a: the Big Show|201\/394
|move|p1a: Conkeldurr|Drain Punch|p2a: the Big Show
|-resisted|p2a: the Big Show
|-activate|p2a: the Big Show|Substitute|[damage]
|
|-heal|p2a: the Big Show|225\/394|[from] item: Leftovers
|turn|5
|c| pyromaniac 963|At it's finest
|c| billyjack77|well its the big slow
|join|Alliance - Twig
|
|switch|p1a: Empoleon|Empoleon, M|372\/372
|-damage|p1a: Empoleon|349\/372|[from] Stealth Rock
|move|p2a: the Big Show|Waterfall|p1a: Empoleon
|-resisted|p1a: Empoleon
|-damage|p1a: Empoleon|303\/372
|
|-heal|p2a: the Big Show|249\/394|[from] item: Leftovers
|-heal|p1a: Empoleon|326\/372|[from] item: Leftovers
|turn|6
|
|move|p2a: the Big Show|Crunch|p1a: Empoleon
|-damage|p1a: Empoleon|265\/372
|-unboost|p1a: Empoleon|def|1
|move|p1a: Empoleon|Defog|p2a: the Big Show
|-sideend|p1: TheMundane|Stealth Rock|[from] move: Defog|[of] p1a: Empoleon
|
|-heal|p2a: the Big Show|273\/394|[from] item: Leftovers
|-heal|p1a: Empoleon|288\/372|[from] item: Leftovers
|turn|7
|
|move|p2a: the Big Show|Crunch|p1a: Empoleon
|-damage|p1a: Empoleon|195\/372
|move|p1a: Empoleon|Stealth Rock|p2a: the Big Show
|-sidestart|p2: shadow pokeaim|move: Stealth Rock
|
|-heal|p2a: the Big Show|297\/394|[from] item: Leftovers
|-heal|p1a: Empoleon|218\/372|[from] item: Leftovers
|turn|8
|c| Alliance - Twig|lol didnt expect you get to the end Shadow pokeaim
|
|move|p2a: the Big Show|Crunch|p1a: Empoleon
|-damage|p1a: Empoleon|119\/372
|move|p1a: Empoleon|Roar|p2a: the Big Show
|drag|p2a: alexander|Slowbro, F|394\/394
|-damage|p2a: alexander|345\/394|[from] Stealth Rock
|
|-heal|p1a: Empoleon|142\/372|[from] item: Leftovers
|turn|9
|join|AdvanceShip
|c|âshadow pokeaim|lol
|join|Lycon
|c|âshadow pokeaim|not quite the end bro
|c| Alliance - Twig|true
|c| pyromaniac 963|Idk why you let your lati check get so weak lol
|join|uss destroyer
|
|detailschange|p2a: alexander|Slowbro-Mega, F
|message|Slowbro has Mega Evolved into Mega Slowbro!
|move|p2a: alexander|Scald|p1a: Empoleon
|-resisted|p1a: Empoleon
|-damage|p1a: Empoleon|85\/372
|move|p1a: Empoleon|Roar|p2a: alexander
|drag|p2a: Darmanitan|Darmanitan, M|351\/351
|-damage|p2a: Darmanitan|264\/351|[from] Stealth Rock
|
|-heal|p1a: Empoleon|108\/372|[from] item: Leftovers
|turn|10
|c| Alliance - Twig|good luck man, I'm cheering for ya
|
|move|p2a: Darmanitan|Flare Blitz|p1a: Empoleon
|-damage|p1a: Empoleon|0 fnt
|-damage|p2a: Darmanitan|228\/351|[from] recoil|[of] p1a: Empoleon
|faint|p1a: Empoleon
|
|c|âshadow pokeaim|thx buddy!
|
|switch|p1a: Rotom-Wash|Rotom-Wash|304\/304
|turn|11
|join|segijohe
|
|switch|p2a: Latias|Latias, F|301\/301
|-damage|p2a: Latias|264\/301|[from] Stealth Rock
|move|p1a: Rotom-Wash|Volt Switch|p2a: Latias
|-resisted|p2a: Latias
|-damage|p2a: Latias|239\/301
|
|switch|p1a: Sharpedo|Sharpedo, F|281\/281
|
|turn|12
|
|switch|p1a: Conkeldurr|Conkeldurr, F|364\/364
|switch|p2a: Ferrothorn|Ferrothorn, M|351\/351
|-damage|p2a: Ferrothorn|330\/351|[from] Stealth Rock
|
|-heal|p2a: Ferrothorn|351\/351|[from] item: Leftovers
|turn|13
|leave|jeffrawr
|
|switch|p2a: Latias|Latias, F|239\/301
|-damage|p2a: Latias|202\/301|[from] Stealth Rock
|move|p1a: Conkeldurr|Drain Punch|p2a: Latias
|-resisted|p2a: Latias
|-damage|p2a: Latias|124\/301
|
|turn|14
|
|move|p2a: Latias|Psyshock|p1a: Conkeldurr
|-supereffective|p1a: Conkeldurr
|-damage|p1a: Conkeldurr|36\/364
|-damage|p2a: Latias|94\/301|[from] item: Life Orb
|move|p1a: Conkeldurr|Ice Punch|p2a: Latias
|-supereffective|p2a: Latias
|-damage|p2a: Latias|0 fnt
|faint|p2a: Latias
|
|c| Rammasaur|oh lawd
|c| Rammasaur|smack
|join|EternusDraco
|
|switch|p2a: Fateh|Landorus, M|319\/319
|-damage|p2a: Fateh|280\/319|[from] Stealth Rock
|turn|15
|join|Goat Warrior
|join|wajer weow
|
|switch|p1a: Latios|Latios, M|301\/301
|move|p2a: Fateh|Earth Power|p1a: Latios
|-immune|p1a: Latios|[msg]
|
|turn|16
|
|switch|p2a: Ferrothorn|Ferrothorn, M|351\/351
|-damage|p2a: Ferrothorn|330\/351|[from] Stealth Rock
|move|p1a: Latios|Hidden Power|p2a: Ferrothorn
|-supereffective|p2a: Ferrothorn
|-damage|p2a: Ferrothorn|96\/351
|-damage|p1a: Latios|271\/301|[from] item: Life Orb
|
|-heal|p2a: Ferrothorn|117\/351|[from] item: Leftovers
|turn|17
|c|âshadow pokeaim|corrrrrr
|
|switch|p2a: the Big Show|Gyarados, M|297\/394
|-damage|p2a: the Big Show|199\/394|[from] Stealth Rock
|-ability|p2a: the Big Show|Intimidate|[of] p1a: Latios
|-unboost|p1a: Latios|atk|1
|move|p1a: Latios|Hidden Power|p2a: the Big Show
|-resisted|p2a: the Big Show
|-damage|p2a: the Big Show|160\/394
|-damage|p1a: Latios|241\/301|[from] item: Life Orb
|
|-heal|p2a: the Big Show|184\/394|[from] item: Leftovers
|turn|18
|c| Specs Fake-Out|not real imo
|c| Specs Fake-Out|woulda dropped a draco
|c|âshadow pokeaim|i thought it was inevitble
|c| Rammasaur|Here comes the dream
|leave|Goat Warrior
|
|move|p1a: Latios|Draco Meteor|p2a: the Big Show
|-damage|p2a: the Big Show|0 fnt
|-unboost|p1a: Latios|spa|2
|-damage|p1a: Latios|211\/301|[from] item: Life Orb
|faint|p2a: the Big Show
|
|join|azogue
|
|switch|p2a: Fateh|Landorus, M|280\/319
|-damage|p2a: Fateh|241\/319|[from] Stealth Rock
|turn|19
|
|switch|p1a: Conkeldurr|Conkeldurr, F|36\/364
|move|p2a: Fateh|Earth Power|p1a: Conkeldurr
|-damage|p1a: Conkeldurr|0 fnt
|faint|p1a: Conkeldurr
|
|
|switch|p1a: Latios|Latios, M|211\/301
|turn|20
|c| Lycon|aim lost
|c| Rammasaur|what was the point of that lol
|
|switch|p2a: Ferrothorn|Ferrothorn, M|117\/351
|-damage|p2a: Ferrothorn|96\/351|[from] Stealth Rock
|move|p1a: Latios|Draco Meteor|p2a: Ferrothorn
|-resisted|p2a: Ferrothorn
|-damage|p2a: Ferrothorn|2\/351
|-unboost|p1a: Latios|spa|2
|-damage|p1a: Latios|181\/301|[from] item: Life Orb
|
|-heal|p2a: Ferrothorn|23\/351|[from] item: Leftovers
|turn|21
|c| AdvanceShip|he should have cm with bro if he had it
|c|âshadow pokeaim|of what?
|
|move|p1a: Latios|Hidden Power|p2a: Ferrothorn
|-supereffective|p2a: Ferrothorn
|-damage|p2a: Ferrothorn|0 fnt
|-damage|p1a: Latios|151\/301|[from] item: Life Orb
|faint|p2a: Ferrothorn
|
|
|switch|p2a: alexander|Slowbro-Mega, F|345\/394
|-damage|p2a: alexander|296\/394|[from] Stealth Rock
|turn|22
|c| UnB0lievable|he can now
|c|âTheMundane|It's pedo time
|
|switch|p1a: Rotom-Wash|Rotom-Wash|304\/304
|move|p2a: alexander|Calm Mind|p2a: alexander
|-boost|p2a: alexander|spa|1
|-boost|p2a: alexander|spd|1
|
|turn|23
|c| Rammasaur|oh boy
|
|move|p1a: Rotom-Wash|Will-O-Wisp|p2a: alexander|[miss]
|-miss|p1a: Rotom-Wash|p2a: alexander
|move|p2a: alexander|Calm Mind|p2a: alexander
|-boost|p2a: alexander|spa|1
|-boost|p2a: alexander|spd|1
|
|turn|24
|join|TheHannt
|
|move|p1a: Rotom-Wash|Will-O-Wisp|p2a: alexander|[miss]
|-miss|p1a: Rotom-Wash|p2a: alexander
|move|p2a: alexander|Calm Mind|p2a: alexander
|-boost|p2a: alexander|spa|1
|-boost|p2a: alexander|spd|1
|
|turn|25
|join|Risky OU
|c| Rammasaur|THE MISS
|c| Lycon|hes just gonna get cruncheds and gg
|c| Specs Fake-Out|ez dodge
|c| Rammasaur|x2
|c| UnB0lievable|lol
|join|Kung Fu Pancham
|c| billyjack77|hax
|c|âshadow pokeaim|slowbro got them evasive skills
|
|move|p1a: Rotom-Wash|Will-O-Wisp|p2a: alexander
|-status|p2a: alexander|brn
|move|p2a: alexander|Calm Mind|p2a: alexander
|-boost|p2a: alexander|spa|1
|-boost|p2a: alexander|spd|1
|
|-damage|p2a: alexander|247\/394 brn|[from] brn
|turn|26
|c| Rammasaur|that slowbro is nimble as fuck
|c| Specs Fake-Out|well trained slowbro
|
|move|p1a: Rotom-Wash|Volt Switch|p2a: alexander
|-supereffective|p2a: alexander
|-damage|p2a: alexander|181\/394 brn
|c| Lycon|he gonna slack off
|c| Lycon|go sharp
|
|switch|p1a: Landorus-Therian|Landorus-Therian, M|319\/319
|-ability|p1a: Landorus-Therian|Intimidate|[of] p2a: alexander
|-unboost|p2a: alexander|atk|1
|move|p2a: alexander|Scald|p1a: Landorus-Therian
|-supereffective|p1a: Landorus-Therian
|-damage|p1a: Landorus-Therian|0 fnt
|faint|p1a: Landorus-Therian
|
|-damage|p2a: alexander|132\/394 brn|[from] brn
|
|switch|p1a: Sharpedo|Sharpedo, F|281\/281
|turn|27
|c| billyjack77|whats the mega animation have not seen it in game yet?
|c| Rammasaur|you were so wrong
|c| billyjack77|does it spin like ferroseed?
|
|move|p1a: Sharpedo|Protect|p1a: Sharpedo
|-singleturn|p1a: Sharpedo|Protect
|move|p2a: alexander|Rest|p2a: alexander
|-status|p2a: alexander|slp
|-heal|p2a: alexander|394\/394 slp|[silent]
|-status|p2a: alexander|slp|[from] move: Rest
|
|-boost|p1a: Sharpedo|spe|1|[from] ability: Speed Boost
|turn|28
|c| Rammasaur|oh LAWD
|c| Lycon|whyyyy
|c| AdvanceShip|why
|c| Specs Fake-Out|naah the attack drop is more important
|
|detailschange|p1a: Sharpedo|Sharpedo-Mega, F
|message|Sharpedo has Mega Evolved into Mega Sharpedo!
|move|p1a: Sharpedo|Crunch|p2a: alexander
|-supereffective|p2a: alexander
|-damage|p2a: alexander|158\/394 slp
|-unboost|p2a: alexander|def|1
|cant|p2a: alexander|slp
|move|p2a: alexander|Sleep Talk|p2a: alexander
|move|p2a: alexander|Scald|p1a: Sharpedo|[from]Sleep Talk
|-resisted|p1a: Sharpedo
|-damage|p1a: Sharpedo|32\/281
|-status|p1a: Sharpedo|brn
|
|-damage|p1a: Sharpedo|0 fnt|[from] brn
|faint|p1a: Sharpedo
|c| UnB0lievable|you had no reason to protect
|join|AssaultBreast
|c| Lycon|rekt
|c| Rammasaur|BAP
|c|âshadow pokeaim|wow
|
|switch|p1a: Rotom-Wash|Rotom-Wash|304\/304
|turn|29
|c| AdvanceShip|ooh
|c| King Time Stall|lol
|c| Specs Fake-Out|e
|c| Specs Fake-Out|z
|c| Rammasaur|haxrus
|c| Lycon|yeah thats what u get
|c| Kung Fu Pancham|no
|
|move|p1a: Rotom-Wash|Volt Switch|p2a: alexander
|-supereffective|p2a: alexander
|-damage|p2a: alexander|80\/394 slp
|c| TheHannt|s-sorry
|
|switch|p1a: Latios|Latios, M|151\/301
|cant|p2a: alexander|slp
|move|p2a: alexander|Sleep Talk|p2a: alexander
|move|p2a: alexander|Calm Mind|p2a: alexander|[from]Sleep Talk
|-boost|p2a: alexander|spa|1
|-boost|p2a: alexander|spd|1
|
|turn|30
|c| Kung Fu Pancham|if only it did not burn
|
|move|p1a: Latios|Draco Meteor|p2a: alexander
|-damage|p2a: alexander|0 fnt
|-unboost|p1a: Latios|spa|2
|-damage|p1a: Latios|121\/301|[from] item: Life Orb
|faint|p2a: alexander
|
|c| Rammasaur|oh mah god
|c| Rammasaur|the dream
|c| billyjack77|uh oh
|c| Specs Fake-Out|darm cleans
|c| Specs Fake-Out|ez
|
|switch|p2a: Darmanitan|Darmanitan, M|228\/351
|-damage|p2a: Darmanitan|141\/351|[from] Stealth Rock
|turn|31
|
|switch|p1a: Rotom-Wash|Rotom-Wash|304\/304
|move|p2a: Darmanitan|Flare Blitz|p1a: Rotom-Wash
|-resisted|p1a: Rotom-Wash
|-damage|p1a: Rotom-Wash|199\/304
|-damage|p2a: Darmanitan|106\/351|[from] recoil|[of] p1a: Rotom-Wash
|
|-heal|p1a: Rotom-Wash|218\/304|[from] item: Leftovers
|turn|32
|join|Schoard
|c| Specs Fake-Out|mfw didnt u turn
|c|âTheMundane|Makin bad plays; still winning
|c|âTheMundane|that's me
|c|âTheMundane|:]
|c| Lycon|u won aim
|c|âTheMundane|gg
|c| billyjack77|oh mur god
|c| wajer weow|mudane now wins
|c| AdvanceShip|nah mundane won
|c| Specs Fake-Out|mundane wins here
|c| billyjack77|uturn
|c| Lycon|no i mean u defeated aim
|c| Lycon|;p
|c| Specs Fake-Out|stfu
|c| Specs Fake-Out|jk
|c| Lycon|just finish it
|
|move|p2a: Darmanitan|Flare Blitz|p1a: Rotom-Wash
|-resisted|p1a: Rotom-Wash
|-damage|p1a: Rotom-Wash|117\/304
|-damage|p2a: Darmanitan|73\/351|[from] recoil|[of] p1a: Rotom-Wash
|move|p1a: Rotom-Wash|Hydro Pump|p2a: Darmanitan
|-supereffective|p2a: Darmanitan
|-damage|p2a: Darmanitan|0 fnt
|faint|p2a: Darmanitan
|
|-heal|p1a: Rotom-Wash|136\/304|[from] item: Leftovers
|
|switch|p2a: Fateh|Landorus, M|241\/319
|-damage|p2a: Fateh|202\/319|[from] Stealth Rock
|turn|33
|
|move|p2a: Fateh|Psychic|p1a: Rotom-Wash
|-damage|p1a: Rotom-Wash|0 fnt
|faint|p1a: Rotom-Wash
|
|c| UnB0lievable|now rock polish on the miss
|
|switch|p1a: Latios|Latios, M|121\/301
|turn|34
|c| UnB0lievable|..
|c|âTheMundane|gg
|
|move|p1a: Latios|Draco Meteor|p2a: Fateh
|-damage|p2a: Fateh|0 fnt
|-unboost|p1a: Latios|spa|2
|-damage|p1a: Latios|91\/301|[from] item: Life Orb
|faint|p2a: Fateh
|
|win|TheMundane
|c| Rammasaur|WHOA
|leave|TheMundane
|player|p1
|c|âshadow pokeaim|gah
|c| wajer weow|then draco meteor missed
|c| Rammasaur|the dream
|c|âshadow pokeaim|gg i played so bad
|c| Rammasaur|GG