|join|TheMundane
|join|NagariNewMeta
|player|p1|TheMundane|238
|player|p2|NagariNewMeta|192
|gametype|singles
|gen|6
|tier|OU
|rated
|clearpoke
|poke|p1|Tangrowth, M
|poke|p1|Rotom-Wash
|poke|p1|Charizard, M
|poke|p1|Tyranitar, M
|poke|p1|Empoleon, M
|poke|p1|Latios, M
|poke|p2|Rhyperior, M, shiny
|poke|p2|Tyranitar, M, shiny
|poke|p2|Scizor, M
|poke|p2|Breloom, F
|poke|p2|Heatran, F
|poke|p2|Latios, M
|rule|Swagger Clause: Swagger is banned
|rule|Baton Pass Clause: Limit one PokÃ©mon knowing Baton Pass
|rule|Sleep Clause Mod: Limit one foe put to sleep
|rule|Species Clause: Limit one of each PokÃ©mon
|rule|OHKO Clause: OHKO moves are banned
|rule|Moody Clause: Moody is banned
|rule|Evasion Moves Clause: Evasion moves are banned
|rule|Endless Battle Clause: Forcing endless battles is banned
|rule|HP Percentage Mod: HP is shown in percentages
|teampreview
|
|start
|switch|p1a: Tyranitar|Tyranitar, M|341\/341
|switch|p2a: Shukaku|Tyranitar, M, shiny|342\/342
|-weather|Sandstorm
|turn|1
|
|move|p1a: Tyranitar|Superpower|p2a: Shukaku
|-supereffective|p2a: Shukaku
|-enditem|p2a: Shukaku|Focus Sash
|-damage|p2a: Shukaku|1\/342
|-unboost|p1a: Tyranitar|atk|1
|-unboost|p1a: Tyranitar|def|1
|move|p2a: Shukaku|Stealth Rock|p1a: Tyranitar
|-sidestart|p1: TheMundane|move: Stealth Rock
|
|-weather|Sandstorm|[upkeep]
|turn|2
|
|move|p1a: Tyranitar|Superpower|p2a: Shukaku
|-supereffective|p2a: Shukaku
|-damage|p2a: Shukaku|0 fnt
|-unboost|p1a: Tyranitar|atk|1
|-unboost|p1a: Tyranitar|def|1
|faint|p2a: Shukaku
|
|-weather|Sandstorm|[upkeep]
|join|Emoninja23
|
|switch|p2a: Scizor|Scizor, M|281\/281
|turn|3
|
|switch|p1a: Rotom-Wash|Rotom-Wash|303\/303
|-damage|p1a: Rotom-Wash|266\/303|[from] Stealth Rock
|detailschange|p2a: Scizor|Scizor-Mega, M
|message|Scizor has Mega Evolved into Mega Scizor!
|move|p2a: Scizor|Knock Off|p1a: Rotom-Wash
|-damage|p1a: Rotom-Wash|170\/303
|-enditem|p1a: Rotom-Wash|Leftovers|[from] move: Knock Off|[of] p2a: Scizor
|
|-weather|Sandstorm|[upkeep]
|-damage|p1a: Rotom-Wash|152\/303|[from] sandstorm
|turn|4
|
|switch|p2a: Lavaster|Heatran, F|378\/378
|move|p1a: Rotom-Wash|Volt Switch|p2a: Lavaster
|-damage|p2a: Lavaster|297\/378
|
|switch|p1a: Empoleon|Empoleon, M|372\/372
|-damage|p1a: Empoleon|349\/372|[from] Stealth Rock
|
|-weather|Sandstorm|[upkeep]
|-heal|p1a: Empoleon|372\/372|[from] item: Leftovers
|turn|5
|
|move|p2a: Lavaster|Earth Power|p1a: Empoleon
|-supereffective|p1a: Empoleon
|-damage|p1a: Empoleon|52\/372
|move|p1a: Empoleon|Defog|p2a: Lavaster
|-unboost|p2a: Lavaster|evasion|1
|-sideend|p1: TheMundane|Stealth Rock|[from] move: Defog|[of] p1a: Empoleon
|
|-weather|none
|-heal|p1a: Empoleon|75\/372|[from] item: Leftovers
|turn|6
|
|switch|p2a: ShroomThreat|Breloom, F|262\/262
|move|p1a: Empoleon|Stealth Rock|p2a: ShroomThreat
|-sidestart|p2: NagariNewMeta|move: Stealth Rock
|
|-heal|p1a: Empoleon|98\/372|[from] item: Leftovers
|turn|7
|
|switch|p1a: Tangrowth|Tangrowth, M|404\/404
|move|p2a: ShroomThreat|Bullet Seed|p1a: Tangrowth
|-crit|p1a: Tangrowth
|-resisted|p1a: Tangrowth
|-damage|p1a: Tangrowth|362\/404
|-resisted|p1a: Tangrowth
|-damage|p1a: Tangrowth|335\/404
|-resisted|p1a: Tangrowth
|-damage|p1a: Tangrowth|305\/404
|-resisted|p1a: Tangrowth
|-damage|p1a: Tangrowth|275\/404
|-resisted|p1a: Tangrowth
|-damage|p1a: Tangrowth|245\/404
|-hitcount|p1a: Tangrowth|5
|
|turn|8
|
|switch|p2a: Scizor|Scizor-Mega, M|281\/281
|-damage|p2a: Scizor|246\/281|[from] Stealth Rock
|move|p1a: Tangrowth|Knock Off|p2a: Scizor
|-damage|p2a: Scizor|213\/281
|
|turn|9
|
|switch|p1a: Charizard|Charizard, M|301\/301
|move|p2a: Scizor|Knock Off|p1a: Charizard
|-damage|p1a: Charizard|189\/301
|
|turn|10
|
|switch|p2a: Rhyfight|Rhyperior, M, shiny|372\/372
|-damage|p2a: Rhyfight|349\/372|[from] Stealth Rock
|move|p1a: Charizard|Roost|p1a: Charizard
|-heal|p1a: Charizard|301\/301
|
|turn|11
|
|switch|p1a: Tangrowth|Tangrowth, M|379\/404
|move|p2a: Rhyfight|Stone Edge|p1a: Tangrowth
|-damage|p1a: Tangrowth|235\/404
|
|turn|12
|
|switch|p2a: Lavaster|Heatran, F|297\/378
|-damage|p2a: Lavaster|250\/378|[from] Stealth Rock
|move|p1a: Tangrowth|Leaf Storm|p2a: Lavaster
|-resisted|p2a: Lavaster
|-damage|p2a: Lavaster|210\/378
|-unboost|p1a: Tangrowth|spa|2
|
|turn|13
|
|switch|p1a: Charizard|Charizard, M|301\/301
|move|p2a: Lavaster|Fire Blast|p1a: Charizard|[miss]
|-miss|p2a: Lavaster|p1a: Charizard
|
|turn|14
|
|switch|p2a: FlightGanon|Latios, M|302\/302
|-damage|p2a: FlightGanon|265\/302|[from] Stealth Rock
|detailschange|p1a: Charizard|Charizard-Mega-Y, M
|message|Charizard has Mega Evolved into Mega Charizard!
|-weather|SunnyDay
|move|p1a: Charizard|Solar Beam|p2a: FlightGanon|[still]
|-prepare|p1a: Charizard|Solar Beam|p2a: FlightGanon
|-anim|p1a: Charizard|Solar Beam|p2a: FlightGanon
|-resisted|p2a: FlightGanon
|-damage|p2a: FlightGanon|187\/302
|
|-weather|SunnyDay|[upkeep]
|turn|15
|
|switch|p1a: Tyranitar|Tyranitar, M|341\/341
|-weather|Sandstorm
|move|p2a: FlightGanon|Draco Meteor|p1a: Tyranitar
|-crit|p1a: Tyranitar
|-damage|p1a: Tyranitar|60\/341
|-unboost|p2a: FlightGanon|spa|2
|-damage|p2a: FlightGanon|157\/302|[from] item: Life Orb
|
|-weather|Sandstorm|[upkeep]
|-damage|p2a: FlightGanon|139\/302|[from] sandstorm
|turn|16
|
|move|p1a: Tyranitar|Crunch|p2a: FlightGanon
|-supereffective|p2a: FlightGanon
|-damage|p2a: FlightGanon|0 fnt
|faint|p2a: FlightGanon
|
|-weather|Sandstorm|[upkeep]
|
|switch|p2a: Rhyfight|Rhyperior, M, shiny|349\/372
|-damage|p2a: Rhyfight|326\/372|[from] Stealth Rock
|turn|17
|
|switch|p1a: Tangrowth|Tangrowth, M|369\/404
|move|p2a: Rhyfight|Rock Polish|p2a: Rhyfight
|-boost|p2a: Rhyfight|spe|2
|
|-weather|Sandstorm|[upkeep]
|-damage|p1a: Tangrowth|344\/404|[from] sandstorm
|turn|18
|
|switch|p2a: Scizor|Scizor-Mega, M|213\/281
|-damage|p2a: Scizor|178\/281|[from] Stealth Rock
|move|p1a: Tangrowth|Leaf Storm|p2a: Scizor
|-resisted|p2a: Scizor
|-damage|p2a: Scizor|137\/281
|-unboost|p1a: Tangrowth|spa|2
|
|-weather|Sandstorm|[upkeep]
|-damage|p1a: Tangrowth|319\/404|[from] sandstorm
|turn|19
|
|switch|p1a: Charizard|Charizard-Mega-Y, M|301\/301
|-weather|SunnyDay
|move|p2a: Scizor|Swords Dance|p2a: Scizor
|-boost|p2a: Scizor|atk|2
|
|-weather|SunnyDay|[upkeep]
|turn|20
|
|switch|p2a: Lavaster|Heatran, F|210\/378
|-damage|p2a: Lavaster|163\/378|[from] Stealth Rock
|move|p1a: Charizard|Fire Blast|p2a: Lavaster
|-start|p2a: Lavaster|ability: Flash Fire
|
|-weather|SunnyDay|[upkeep]
|turn|21
|
|switch|p1a: Empoleon|Empoleon, M|98\/372
|move|p2a: Lavaster|Fire Blast|p1a: Empoleon
|-damage|p1a: Empoleon|0 fnt
|faint|p1a: Empoleon
|
|-weather|SunnyDay|[upkeep]
|
|switch|p1a: Tyranitar|Tyranitar, M|60\/341
|-weather|Sandstorm
|turn|22
|
|switch|p1a: Latios|Latios, M|301\/301
|switch|p2a: ShroomThreat|Breloom, F|262\/262
|-damage|p2a: ShroomThreat|246\/262|[from] Stealth Rock
|
|-weather|Sandstorm|[upkeep]
|-damage|p1a: Latios|283\/301|[from] sandstorm
|-damage|p2a: ShroomThreat|230\/262|[from] sandstorm
|turn|23
|
|move|p1a: Latios|Psyshock|p2a: ShroomThreat
|-supereffective|p2a: ShroomThreat
|-damage|p2a: ShroomThreat|0 fnt
|faint|p2a: ShroomThreat
|
|-weather|Sandstorm|[upkeep]
|-damage|p1a: Latios|265\/301|[from] sandstorm
|
|switch|p2a: Scizor|Scizor-Mega, M|137\/281
|-damage|p2a: Scizor|102\/281|[from] Stealth Rock
|turn|24
|
|switch|p1a: Charizard|Charizard-Mega-Y, M|301\/301
|-weather|SunnyDay
|switch|p2a: Lavaster|Heatran, F|163\/378
|-damage|p2a: Lavaster|116\/378|[from] Stealth Rock
|
|-weather|SunnyDay|[upkeep]
|turn|25
|
|switch|p1a: Tyranitar|Tyranitar, M|60\/341
|-weather|Sandstorm
|move|p2a: Lavaster|Fire Blast|p1a: Tyranitar
|-resisted|p1a: Tyranitar
|-damage|p1a: Tyranitar|0 fnt
|faint|p1a: Tyranitar
|
|-weather|Sandstorm|[upkeep]
|
|switch|p1a: Latios|Latios, M|265\/301
|turn|26
|
|move|p1a: Latios|Draco Meteor|p2a: Lavaster
|-resisted|p2a: Lavaster
|-damage|p2a: Lavaster|3\/378
|-unboost|p1a: Latios|spa|2
|move|p2a: Lavaster|Fire Blast|p1a: Latios
|-resisted|p1a: Latios
|-damage|p1a: Latios|109\/301
|
|-weather|Sandstorm|[upkeep]
|-damage|p1a: Latios|91\/301|[from] sandstorm
|turn|27
|
|move|p1a: Latios|Draco Meteor|p2a: Lavaster
|-resisted|p2a: Lavaster
|-damage|p2a: Lavaster|0 fnt
|-unboost|p1a: Latios|spa|2
|faint|p2a: Lavaster
|
|-weather|Sandstorm|[upkeep]
|-damage|p1a: Latios|73\/301|[from] sandstorm
|
|switch|p2a: Rhyfight|Rhyperior, M, shiny|326\/372
|-damage|p2a: Rhyfight|303\/372|[from] Stealth Rock
|turn|28
|
|switch|p1a: Tangrowth|Tangrowth, M|404\/404
|move|p2a: Rhyfight|Rock Polish|p2a: Rhyfight
|-boost|p2a: Rhyfight|spe|2
|
|-weather|Sandstorm|[upkeep]
|-damage|p1a: Tangrowth|379\/404|[from] sandstorm
|turn|29
|
|move|p2a: Rhyfight|Ice Punch|p1a: Tangrowth
|-crit|p1a: Tangrowth
|-supereffective|p1a: Tangrowth
|-damage|p1a: Tangrowth|161\/404
|move|p1a: Tangrowth|Leaf Storm|p2a: Rhyfight
|-supereffective|p2a: Rhyfight
|-damage|p2a: Rhyfight|0 fnt
|-unboost|p1a: Tangrowth|spa|2
|faint|p2a: Rhyfight
|
|-weather|none
|
|switch|p2a: Scizor|Scizor-Mega, M|102\/281
|-damage|p2a: Scizor|67\/281|[from] Stealth Rock
|turn|30
|
|switch|p1a: Charizard|Charizard-Mega-Y, M|301\/301
|-weather|SunnyDay
|move|p2a: Scizor|Roost|p2a: Scizor
|-heal|p2a: Scizor|208\/281
|
|-weather|SunnyDay|[upkeep]
|turn|31
|c|âTheMundane|gg
|
|move|p1a: Charizard|Fire Blast|p2a: Scizor
|-supereffective|p2a: Scizor
|-damage|p2a: Scizor|0 fnt
|faint|p2a: Scizor
|
|win|TheMundane
|raw|Ladder updating...
|c|âNagariNewMeta|gg
|raw|TheMundane's rating: 1660 &rarr; <strong>1678<\/strong><br \/>(+18 for winning)
|raw|NagariNewMeta's rating: 1627 &rarr; <strong>1609<\/strong><br \/>(-18 for losing)