|join|Snickered
|join|TheMundane
|player|p1|Snickered|34
|player|p2|TheMundane|238
|gametype|singles
|gen|6
|tier|OU
|clearpoke
|poke|p1|Diancie
|poke|p1|Landorus-Therian, M
|poke|p1|Greninja, M
|poke|p1|Rotom-Wash
|poke|p1|Talonflame, M
|poke|p1|Mamoswine, F
|poke|p2|Lopunny, F
|poke|p2|Bisharp, F
|poke|p2|Landorus-Therian, M
|poke|p2|Rotom-Wash
|poke|p2|Empoleon, M
|poke|p2|Gothitelle, M
|rule|Swagger Clause: Swagger is banned
|rule|Baton Pass Clause: Limit one PokÃ©mon knowing Baton Pass
|rule|Sleep Clause Mod: Limit one foe put to sleep
|rule|Species Clause: Limit one of each PokÃ©mon
|rule|OHKO Clause: OHKO moves are banned
|rule|Moody Clause: Moody is banned
|rule|Evasion Moves Clause: Evasion moves are banned
|rule|Endless Battle Clause: Forcing endless battles is banned
|rule|HP Percentage Mod: HP is shown in percentages
|teampreview
|join|PhantomGaming
|join|Kama Sutra
|join|Savage_hr
|join|Politoed in Green
|join|Grumtastic
|join|joseph1103
|join|pear juice
|c|âSnickered|in this corner.
|join|LMay
|join|GoomyWasFrozen
|c| Politoed in Green|Oh
|join|UnB0lievable
|c|âTheMundane|gl
|c| Politoed in Green|I know mudanes team
|leave|LMay
|join|Lord Ras Al Ghul
|c| Politoed in Green|lol
|join|Bristleback
|join|Hollands97
|c|âSnickered|Fighting for the pink team
|join|LadderSoTall
|join|Ferocca
|c|âSnickered|DIANCIEEEE
|join|AllJokesAside
|c|âSnickered|gl hf man
|leave|Bristleback
|c| AllJokesAside|finale
|join|Bristleback
|c| AllJokesAside|no
|
|start
|switch|p1a: Mamoswine|Mamoswine, F|361\/361
|switch|p2a: Rotom-Wash|Rotom-Wash|303\/303
|turn|1
|
|move|p1a: Mamoswine|Stealth Rock|p2a: Rotom-Wash
|-sidestart|p2: TheMundane|move: Stealth Rock
|move|p2a: Rotom-Wash|Will-O-Wisp|p1a: Mamoswine
|-status|p1a: Mamoswine|brn
|
|-damage|p1a: Mamoswine|316\/361 brn|[from] brn
|turn|2
|join|Idkanymorewtfomg
|
|switch|p2a: Empoleon|Empoleon, M|372\/372
|-damage|p2a: Empoleon|349\/372|[from] Stealth Rock
|move|p1a: Mamoswine|Knock Off|p2a: Empoleon
|-damage|p2a: Empoleon|298\/372
|-enditem|p2a: Empoleon|Leftovers|[from] move: Knock Off|[of] p1a: Mamoswine
|
|-damage|p1a: Mamoswine|271\/361 brn|[from] brn
|turn|3
|join|LoganUnderFire
|join|azogue
|
|move|p1a: Mamoswine|Earthquake|p2a: Empoleon
|-supereffective|p2a: Empoleon
|-damage|p2a: Empoleon|140\/372
|move|p2a: Empoleon|Stealth Rock|p1a: Mamoswine
|-sidestart|p1: Snickered|move: Stealth Rock
|
|-damage|p1a: Mamoswine|226\/361 brn|[from] brn
|turn|4
|
|switch|p2a: Rotom-Wash|Rotom-Wash|303\/303
|-damage|p2a: Rotom-Wash|266\/303|[from] Stealth Rock
|move|p1a: Mamoswine|Earthquake|p2a: Rotom-Wash
|-immune|p2a: Rotom-Wash|[msg]
|
|-heal|p2a: Rotom-Wash|284\/303|[from] item: Leftovers
|-damage|p1a: Mamoswine|181\/361 brn|[from] brn
|turn|5
|
|move|p1a: Mamoswine|Knock Off|p2a: Rotom-Wash
|-damage|p2a: Rotom-Wash|239\/303
|-enditem|p2a: Rotom-Wash|Leftovers|[from] move: Knock Off|[of] p1a: Mamoswine
|move|p2a: Rotom-Wash|Hydro Pump|p1a: Mamoswine
|-supereffective|p1a: Mamoswine
|-damage|p1a: Mamoswine|0 fnt
|faint|p1a: Mamoswine
|
|leave|PhantomGaming
|
|switch|p1a: Greninja|Greninja, M|285\/285
|-damage|p1a: Greninja|250\/285|[from] Stealth Rock
|turn|6
|c| Grumtastic|i still havent watched the new kora episode
|leave|GoomyWasFrozen
|join|Grande VGC
|
|switch|p2a: Empoleon|Empoleon, M|140\/372
|-damage|p2a: Empoleon|117\/372|[from] Stealth Rock
|move|p1a: Greninja|Dark Pulse|p2a: Empoleon
|-start|p1a: Greninja|typechange|Dark|[from] Protean
|-damage|p2a: Empoleon|0 fnt
|-damage|p1a: Greninja|222\/285|[from] item: Life Orb
|faint|p2a: Empoleon
|
|join|cynicproject
|
|switch|p2a: Landorus-Therian|Landorus-Therian, M|319\/319
|-damage|p2a: Landorus-Therian|280\/319|[from] Stealth Rock
|-ability|p2a: Landorus-Therian|Intimidate|[of] p1a: Greninja
|-unboost|p1a: Greninja|atk|1
|turn|7
|c| Savage_hr|I'm wating it now
|
|switch|p2a: Bisharp|Bisharp, F|271\/271
|-damage|p2a: Bisharp|255\/271|[from] Stealth Rock
|switch|p1a: Rotom-Wash|Rotom-Wash|304\/304
|-damage|p1a: Rotom-Wash|266\/304|[from] Stealth Rock
|
|-heal|p1a: Rotom-Wash|285\/304|[from] item: Leftovers
|turn|8
|c| Savage_hr|About to spoil
|c| Savage_hr|G_G
|
|move|p2a: Bisharp|Knock Off|p1a: Rotom-Wash
|-damage|p1a: Rotom-Wash|117\/304
|-enditem|p1a: Rotom-Wash|Leftovers|[from] move: Knock Off|[of] p2a: Bisharp
|-damage|p2a: Bisharp|228\/271|[from] item: Life Orb
|move|p1a: Rotom-Wash|Will-O-Wisp|p2a: Bisharp
|-status|p2a: Bisharp|brn
|
|-damage|p2a: Bisharp|195\/271 brn|[from] brn
|turn|9
|join|vzmkcv
|c| Grumtastic|spoil and ill molest you
|c| Savage_hr|Go ahead ;)
|join|DT miss
|
|move|p2a: Bisharp|Iron Head|p1a: Rotom-Wash
|-resisted|p1a: Rotom-Wash
|-damage|p1a: Rotom-Wash|100\/304
|-damage|p2a: Bisharp|168\/271 brn|[from] item: Life Orb
|move|p1a: Rotom-Wash|Pain Split|p2a: Bisharp
|-sethp|p2a: Bisharp|134\/271 brn|p1a: Rotom-Wash|134\/304|[from] move: Pain Split
|
|-damage|p2a: Bisharp|101\/271 brn|[from] brn
|turn|10
|
|move|p2a: Bisharp|Knock Off|p1a: Rotom-Wash
|-damage|p1a: Rotom-Wash|79\/304
|-damage|p2a: Bisharp|74\/271 brn|[from] item: Life Orb
|move|p1a: Rotom-Wash|Hydro Pump|p2a: Bisharp
|-damage|p2a: Bisharp|0 fnt
|faint|p2a: Bisharp
|
|c| Grumtastic|fine let me get  the broom and the rusty nails
|
|switch|p2a: Lopunny|Lopunny, F|271\/271
|-damage|p2a: Lopunny|238\/271|[from] Stealth Rock
|turn|11
|c| Savage_hr|Spoiler: Only the avatar can master all 4 elements
|c| Savage_hr|Lol
|c|âSnickered|lmfao
|c|âSnickered|that spiler.
|c|âSnickered|spoiler
|c| Savage_hr|Rofl
|
|detailschange|p2a: Lopunny|Lopunny-Mega, F
|message|Lopunny has Mega Evolved into Mega Lopunny!
|move|p2a: Lopunny|Frustration|p1a: Rotom-Wash
|-damage|p1a: Rotom-Wash|0 fnt
|faint|p1a: Rotom-Wash
|
|
|switch|p1a: Landorus-Therian|Landorus-Therian, M|320\/320
|-damage|p1a: Landorus-Therian|280\/320|[from] Stealth Rock
|-ability|p1a: Landorus-Therian|Intimidate|[of] p2a: Lopunny
|-unboost|p2a: Lopunny|atk|1
|turn|12
|c| Grumtastic|lol i looked
|
|move|p1a: Landorus-Therian|Knock Off|p2a: Lopunny
|-resisted|p2a: Lopunny
|-damage|p2a: Lopunny|193\/271
|move|p2a: Lopunny|Ice Punch|p1a: Landorus-Therian
|-supereffective|p1a: Landorus-Therian
|-damage|p1a: Landorus-Therian|0 fnt
|faint|p1a: Landorus-Therian
|
|c|âSnickered|fuck
|
|switch|p1a: Talonflame|Talonflame, M|298\/298
|-damage|p1a: Talonflame|149\/298|[from] Stealth Rock
|turn|13
|
|switch|p2a: Rotom-Wash|Rotom-Wash|239\/303
|-damage|p2a: Rotom-Wash|202\/303|[from] Stealth Rock
|move|p1a: Talonflame|Brave Bird|p2a: Rotom-Wash
|-resisted|p2a: Rotom-Wash
|-damage|p2a: Rotom-Wash|127\/303
|-damage|p1a: Talonflame|124\/298|[from] recoil|[of] p2a: Rotom-Wash
|-damage|p1a: Talonflame|95\/298|[from] item: Life Orb
|
|turn|14
|c| Savage_hr|Grum was about to be pissed
|c| Savage_hr|Lmao
|join|RotomSock
|leave|vzmkcv
|
|move|p1a: Talonflame|Tailwind|p1a: Talonflame
|-sidestart|p1: Snickered|move: Tailwind
|move|p2a: Rotom-Wash|Hydro Pump|p1a: Talonflame
|-supereffective|p1a: Talonflame
|-damage|p1a: Talonflame|0 fnt
|faint|p1a: Talonflame
|
|leave|RotomSock
|
|switch|p1a: Diancie|Diancie|241\/241
|-damage|p1a: Diancie|211\/241|[from] Stealth Rock
|turn|15
|
|switch|p2a: Gothitelle|Gothitelle, M|310\/310
|-damage|p2a: Gothitelle|272\/310|[from] Stealth Rock
|detailschange|p1a: Diancie|Diancie-Mega
|message|Diancie has Mega Evolved into Mega Diancie!
|move|p1a: Diancie|Moonblast|p2a: Gothitelle
|-damage|p2a: Gothitelle|71\/310
|-unboost|p2a: Gothitelle|spa|1
|
|turn|16
|
|move|p1a: Diancie|Moonblast|p2a: Gothitelle
|-damage|p2a: Gothitelle|0 fnt
|faint|p2a: Gothitelle
|
|
|switch|p2a: Lopunny|Lopunny-Mega, F|193\/271
|-damage|p2a: Lopunny|177\/271|[from] Stealth Rock
|turn|17
|
|move|p2a: Lopunny|Fake Out|p1a: Diancie
|-resisted|p1a: Diancie
|-damage|p1a: Diancie|171\/241
|cant|p1a: Diancie|flinch
|
|-sideend|p1: Snickered|move: Tailwind
|turn|18
|c| LadderSoTall|why no rp
|
|switch|p2a: Rotom-Wash|Rotom-Wash|127\/303
|-damage|p2a: Rotom-Wash|90\/303|[from] Stealth Rock
|move|p1a: Diancie|Rock Polish|p1a: Diancie
|-boost|p1a: Diancie|spe|2
|
|turn|19
|c| LadderSoTall|u threw the game
|c| DT miss|don't switcfh
|c|âSnickered|its over
|
|move|p1a: Diancie|Moonblast|p2a: Rotom-Wash
|-damage|p2a: Rotom-Wash|0 fnt
|faint|p2a: Rotom-Wash
|
|c| LadderSoTall|ok now ur good lol
|c|âSnickered|psh
|c|âSnickered|i was thinking long term :p
|c|âTheMundane|Can Lando live moonblast at at 70
|c|âTheMundane|lol
|c| pear juice|n
|join|Team 3 star
|c|âSnickered|true
|c| Grumtastic|if you are sp.d yeh
|c| LadderSoTall|not a modest one
|
|switch|p2a: Landorus-Therian|Landorus-Therian, M|280\/319
|-damage|p2a: Landorus-Therian|241\/319|[from] Stealth Rock
|-ability|p2a: Landorus-Therian|Intimidate|[of] p1a: Diancie
|-unboost|p1a: Diancie|atk|1
|turn|20
|
|move|p1a: Diancie|Moonblast|p2a: Landorus-Therian
|-damage|p2a: Landorus-Therian|0 fnt
|faint|p2a: Landorus-Therian
|
|c| Politoed in Green|no
|
|switch|p2a: Lopunny|Lopunny-Mega, F|177\/271
|-damage|p2a: Lopunny|161\/271|[from] Stealth Rock
|turn|21
|join|pure indifference
|c|âSnickered|and
|c|âSnickered|that's all she wrote
|join|frostleaf
|join|PhantomGaming
|
|move|p2a: Lopunny|Fake Out|p1a: Diancie
|-resisted|p1a: Diancie
|-damage|p1a: Diancie|135\/241
|cant|p1a: Diancie|flinch
|
|turn|22
|c| Grumtastic|not sp.d  lando
|leave|DT miss
|
|move|p1a: Diancie|Moonblast|p2a: Lopunny
|-supereffective|p2a: Lopunny
|-damage|p2a: Lopunny|0 fnt
|faint|p2a: Lopunny
|
|win|Snickered
|c|âSnickered|gg man.
|c|âTheMundane|gg
|c| PhantomGaming|gg
|leave|LadderSoTall
|c| Politoed in Green|gg
|leave|TheMundane
|player|p2
|c| Grumtastic|gg diance