|join|TheMundane
|join|Jeevs
|player|p1|TheMundane|274
|player|p2|Jeevs|52
|gametype|singles
|gen|6
|tier|OU
|rated
|clearpoke
|poke|p1|Greninja, F
|poke|p1|Gallade, M
|poke|p1|Rotom-Wash
|poke|p1|Clefable, F
|poke|p1|Landorus-Therian, M
|poke|p1|Empoleon, F
|poke|p2|Salamence, F
|poke|p2|Dragonite, F
|poke|p2|Magnezone
|poke|p2|Scizor, M
|poke|p2|Mamoswine, M
|poke|p2|Kyurem
|rule|Swagger Clause: Swagger is banned
|rule|Baton Pass Clause: Limit one PokÃ©mon knowing Baton Pass
|rule|Sleep Clause Mod: Limit one foe put to sleep
|rule|Species Clause: Limit one of each PokÃ©mon
|rule|OHKO Clause: OHKO moves are banned
|rule|Moody Clause: Moody is banned
|rule|Evasion Moves Clause: Evasion moves are banned
|rule|Endless Battle Clause: Forcing endless battles is banned
|rule|HP Percentage Mod: HP is shown in percentages
|teampreview
|
|start
|switch|p1a: Rotom-Wash|Rotom-Wash|304\/304
|switch|p2a: Scizor|Scizor, M|343\/343
|turn|1
|
|switch|p2a: Magnezone|Magnezone|291\/291
|move|p1a: Rotom-Wash|Will-O-Wisp|p2a: Magnezone|[miss]
|-miss|p1a: Rotom-Wash|p2a: Magnezone
|
|turn|2
|
|move|p2a: Magnezone|Volt Switch|p1a: Rotom-Wash
|-damage|p1a: Rotom-Wash|138\/304
|
|switch|p2a: Mamoswine|Mamoswine, M|361\/361
|move|p1a: Rotom-Wash|Will-O-Wisp|p2a: Mamoswine
|-status|p2a: Mamoswine|brn
|
|-heal|p1a: Rotom-Wash|157\/304|[from] item: Leftovers
|-damage|p2a: Mamoswine|316\/361 brn|[from] brn
|turn|3
|
|move|p2a: Mamoswine|Knock Off|p1a: Rotom-Wash
|-damage|p1a: Rotom-Wash|95\/304
|-enditem|p1a: Rotom-Wash|Leftovers|[from] move: Knock Off|[of] p2a: Mamoswine
|-damage|p2a: Mamoswine|280\/361 brn|[from] item: Life Orb
|move|p1a: Rotom-Wash|Pain Split|p2a: Mamoswine
|-sethp|p2a: Mamoswine|187\/361 brn|p1a: Rotom-Wash|187\/304|[from] move: Pain Split
|
|-damage|p2a: Mamoswine|142\/361 brn|[from] brn
|turn|4
|
|move|p2a: Mamoswine|Stealth Rock|p1a: Rotom-Wash
|-sidestart|p1: TheMundane|move: Stealth Rock
|move|p1a: Rotom-Wash|Hydro Pump|p2a: Mamoswine
|-supereffective|p2a: Mamoswine
|-damage|p2a: Mamoswine|0 fnt
|faint|p2a: Mamoswine
|
|
|switch|p2a: Magnezone|Magnezone|291\/291
|turn|5
|
|move|p2a: Magnezone|Thunderbolt|p1a: Rotom-Wash
|-damage|p1a: Rotom-Wash|0 fnt
|faint|p1a: Rotom-Wash
|
|
|switch|p1a: Landorus-Therian|Landorus-Therian, M|325\/325
|-damage|p1a: Landorus-Therian|285\/325|[from] Stealth Rock
|-ability|p1a: Landorus-Therian|Intimidate|[of] p2a: Magnezone
|-unboost|p2a: Magnezone|atk|1
|turn|6
|
|switch|p2a: Scizor|Scizor, M|343\/343
|move|p1a: Landorus-Therian|Stone Edge|p2a: Scizor
|-damage|p2a: Scizor|216\/343
|
|-heal|p2a: Scizor|237\/343|[from] item: Leftovers
|turn|7
|
|move|p1a: Landorus-Therian|Stone Edge|p2a: Scizor
|-damage|p2a: Scizor|104\/343
|move|p2a: Scizor|U-turn|p1a: Landorus-Therian
|-crit|p1a: Landorus-Therian
|-resisted|p1a: Landorus-Therian
|-damage|p1a: Landorus-Therian|179\/325
|
|switch|p2a: Magnezone|Magnezone|291\/291
|
|turn|8
|
|move|p1a: Landorus-Therian|Stone Edge|p2a: Magnezone
|-resisted|p2a: Magnezone
|-damage|p2a: Magnezone|229\/291
|move|p2a: Magnezone|Volt Switch|p1a: Landorus-Therian
|-immune|p1a: Landorus-Therian|[msg]
|
|turn|9
|
|move|p1a: Landorus-Therian|Stone Edge|p2a: Magnezone
|-resisted|p2a: Magnezone
|-damage|p2a: Magnezone|168\/291
|move|p2a: Magnezone|Volt Switch|p1a: Landorus-Therian
|-immune|p1a: Landorus-Therian|[msg]
|
|turn|10
|
|move|p1a: Landorus-Therian|Stone Edge|p2a: Magnezone
|-resisted|p2a: Magnezone
|-damage|p2a: Magnezone|110\/291
|move|p2a: Magnezone|Volt Switch|p1a: Landorus-Therian
|-immune|p1a: Landorus-Therian|[msg]
|
|turn|11
|
|move|p1a: Landorus-Therian|Stone Edge|p2a: Magnezone
|-resisted|p2a: Magnezone
|-damage|p2a: Magnezone|56\/291
|move|p2a: Magnezone|Volt Switch|p1a: Landorus-Therian
|-immune|p1a: Landorus-Therian|[msg]
|
|turn|12
|
|move|p1a: Landorus-Therian|Stone Edge|p2a: Magnezone
|-resisted|p2a: Magnezone
|-damage|p2a: Magnezone|0 fnt
|faint|p2a: Magnezone
|
|
|switch|p2a: Scizor|Scizor, M|104\/343
|turn|13
|
|switch|p1a: Empoleon|Empoleon, F|372\/372
|-damage|p1a: Empoleon|349\/372|[from] Stealth Rock
|move|p2a: Scizor|Bullet Punch|p1a: Empoleon
|-resisted|p1a: Empoleon
|-damage|p1a: Empoleon|329\/372
|
|-heal|p2a: Scizor|125\/343|[from] item: Leftovers
|-heal|p1a: Empoleon|352\/372|[from] item: Leftovers
|turn|14
|
|move|p2a: Scizor|U-turn|p1a: Empoleon
|-resisted|p1a: Empoleon
|-damage|p1a: Empoleon|301\/372
|
|switch|p2a: Kyurem|Kyurem|413\/413
|-ability|p2a: Kyurem|Pressure
|move|p1a: Empoleon|Defog|p2a: Kyurem
|-unboost|p2a: Kyurem|evasion|1
|-sideend|p1: TheMundane|Stealth Rock|[from] move: Defog|[of] p1a: Empoleon
|
|-heal|p1a: Empoleon|324\/372|[from] item: Leftovers
|turn|15
|
|move|p2a: Kyurem|Substitute|p2a: Kyurem
|-start|p2a: Kyurem|Substitute
|-damage|p2a: Kyurem|310\/413
|move|p1a: Empoleon|Roar|p2a: Kyurem
|drag|p2a: Salamence|Salamence, F|331\/331
|-ability|p2a: Salamence|Intimidate|[of] p1a: Empoleon
|-unboost|p1a: Empoleon|atk|1
|
|-heal|p1a: Empoleon|347\/372|[from] item: Leftovers
|turn|16
|
|detailschange|p2a: Salamence|Salamence-Mega, F
|message|Salamence has Mega Evolved into Mega Salamence!
|move|p2a: Salamence|Earthquake|p1a: Empoleon
|-supereffective|p1a: Empoleon
|-damage|p1a: Empoleon|139\/372
|move|p1a: Empoleon|Ice Beam|p2a: Salamence
|-crit|p2a: Salamence
|-supereffective|p2a: Salamence
|-damage|p2a: Salamence|0 fnt
|faint|p2a: Salamence
|
|-heal|p1a: Empoleon|162\/372|[from] item: Leftovers
|
|switch|p2a: Kyurem|Kyurem|310\/413
|-ability|p2a: Kyurem|Pressure
|turn|17
|
|switch|p1a: Landorus-Therian|Landorus-Therian, M|179\/325
|-ability|p1a: Landorus-Therian|Intimidate|[of] p2a: Kyurem
|-unboost|p2a: Kyurem|atk|1
|move|p2a: Kyurem|Earth Power|p1a: Landorus-Therian
|-immune|p1a: Landorus-Therian|[msg]
|
|-heal|p2a: Kyurem|335\/413|[from] item: Leftovers
|turn|18
|
|switch|p2a: Scizor|Scizor, M|125\/343
|move|p1a: Landorus-Therian|Explosion|p2a: Scizor
|-resisted|p2a: Scizor
|-damage|p2a: Scizor|0 fnt
|faint|p1a: Landorus-Therian
|faint|p2a: Scizor
|
|
|switch|p1a: Greninja|Greninja, F|285\/285
|switch|p2a: Kyurem|Kyurem|335\/413
|-ability|p2a: Kyurem|Pressure
|turn|19
|
|move|p1a: Greninja|Low Kick|p2a: Kyurem
|-start|p1a: Greninja|typechange|Fighting|[from] Protean
|-supereffective|p2a: Kyurem
|-damage|p2a: Kyurem|0 fnt
|-damage|p1a: Greninja|257\/285|[from] item: Life Orb
|faint|p2a: Kyurem
|
|
|switch|p2a: Dragonite|Dragonite, F|337\/337
|turn|20
|
|move|p2a: Dragonite|Extreme Speed|p1a: Greninja
|-damage|p1a: Greninja|17\/285
|move|p1a: Greninja|Ice Beam|p2a: Dragonite
|-start|p1a: Greninja|typechange|Ice|[from] Protean
|-supereffective|p2a: Dragonite
|-damage|p2a: Dragonite|9\/337
|-damage|p1a: Greninja|0 fnt|[from] item: Life Orb
|faint|p1a: Greninja
|
|
|switch|p1a: Gallade|Gallade, M|277\/277
|turn|21
|
|detailschange|p1a: Gallade|Gallade-Mega, M
|message|Gallade has Mega Evolved into Mega Gallade!
|move|p2a: Dragonite|Extreme Speed|p1a: Gallade
|-damage|p1a: Gallade|100\/277
|move|p1a: Gallade|Close Combat|p2a: Dragonite
|-resisted|p2a: Dragonite
|-damage|p2a: Dragonite|0 fnt
|-unboost|p1a: Gallade|def|1
|-unboost|p1a: Gallade|spd|1
|faint|p2a: Dragonite
|
|win|TheMundane
|raw|Ladder updating...
|raw|TheMundane's rating: 1449 &rarr; <strong>1470<\/strong><br \/>(+21 for winning)
|raw|Jeevs's rating: 1458 &rarr; <strong>1437<\/strong><br \/>(-21 for losing)
|c|âTheMundane|gg
|leave|Jeevs
|player|p2