|join|hersheyvin
|join|TheMundane
|player|p1|hersheyvin|1
|player|p2|TheMundane|222
|gametype|singles
|gen|6
|tier|OU
|rated
|clearpoke
|poke|p1|Sylveon, M
|poke|p1|Scizor, F
|poke|p1|Lopunny, F
|poke|p1|Heatran, M
|poke|p1|Breloom, M
|poke|p1|Gastrodon, M
|poke|p2|Gyarados, F
|poke|p2|Gengar, M
|poke|p2|Landorus-Therian, M
|poke|p2|Latias, F
|poke|p2|Raikou
|poke|p2|Breloom, M
|rule|Swagger Clause: Swagger is banned
|rule|Baton Pass Clause: Limit one PokÃ©mon knowing Baton Pass
|rule|Sleep Clause Mod: Limit one foe put to sleep
|rule|Species Clause: Limit one of each PokÃ©mon
|rule|OHKO Clause: OHKO moves are banned
|rule|Moody Clause: Moody is banned
|rule|Evasion Moves Clause: Evasion moves are banned
|rule|Endless Battle Clause: Forcing endless battles is banned
|rule|HP Percentage Mod: HP is shown in percentages
|teampreview
|
|start
|switch|p1a: Lopunny|Lopunny, F|271\/271
|switch|p2a: Raikou|Raikou|327\/327
|-ability|p2a: Raikou|Pressure
|turn|1
|
|switch|p2a: Landorus-Therian|Landorus-Therian, M|379\/379
|-ability|p2a: Landorus-Therian|Intimidate|[of] p1a: Lopunny
|-unboost|p1a: Lopunny|atk|1
|detailschange|p1a: Lopunny|Lopunny-Mega, F
|-mega|p1a: Lopunny|Lopunny|Lopunnite
|move|p1a: Lopunny|Fake Out|p2a: Landorus-Therian
|-damage|p2a: Landorus-Therian|342\/379
|
|-heal|p2a: Landorus-Therian|365\/379|[from] item: Leftovers
|turn|2
|
|switch|p1a: Scizor|Scizor, F|344\/344
|switch|p2a: Gyarados|Gyarados, F|333\/333
|-ability|p2a: Gyarados|Intimidate|[of] p1a: Scizor
|-unboost|p1a: Scizor|atk|1
|
|turn|3
|
|switch|p1a: Sylveon|Sylveon, M|394\/394
|move|p2a: Gyarados|Dragon Dance|p2a: Gyarados
|-boost|p2a: Gyarados|atk|1
|-boost|p2a: Gyarados|spe|1
|
|turn|4
|
|move|p2a: Gyarados|Waterfall|p1a: Sylveon
|-damage|p1a: Sylveon|195\/394
|move|p1a: Sylveon|Hyper Voice|p2a: Gyarados
|-damage|p2a: Gyarados|197\/333
|
|-heal|p1a: Sylveon|219\/394|[from] item: Leftovers
|turn|5
|
|move|p2a: Gyarados|Dragon Dance|p2a: Gyarados
|-boost|p2a: Gyarados|atk|1
|-boost|p2a: Gyarados|spe|1
|move|p1a: Sylveon|Hyper Voice|p2a: Gyarados
|-damage|p2a: Gyarados|40\/333
|
|-heal|p1a: Sylveon|243\/394|[from] item: Leftovers
|turn|6
|
|switch|p1a: Gastrodon|Gastrodon, M|426\/426
|detailschange|p2a: Gyarados|Gyarados-Mega, F
|-mega|p2a: Gyarados|Gyarados|Gyaradosite
|-ability|p2a: Gyarados|Mold Breaker
|move|p2a: Gyarados|Crunch|p1a: Gastrodon
|-damage|p1a: Gastrodon|111\/426
|
|-heal|p1a: Gastrodon|137\/426|[from] item: Leftovers
|turn|7
|
|move|p2a: Gyarados|Crunch|p1a: Gastrodon
|-damage|p1a: Gastrodon|0 fnt
|faint|p1a: Gastrodon
|
|
|switch|p1a: Breloom|Breloom, M|261\/261
|turn|8
|
|switch|p2a: Raikou|Raikou|327\/327
|-ability|p2a: Raikou|Pressure
|move|p1a: Breloom|Mach Punch|p2a: Raikou
|-damage|p2a: Raikou|191\/327
|
|turn|9
|
|move|p2a: Raikou|Volt Switch|p1a: Breloom
|-resisted|p1a: Breloom
|-damage|p1a: Breloom|171\/261
|
|switch|p2a: Breloom|Breloom, M|261\/261
|move|p1a: Breloom|Rock Tomb|p2a: Breloom
|-resisted|p2a: Breloom
|-damage|p2a: Breloom|201\/261
|-unboost|p2a: Breloom|spe|1
|
|turn|10
|
|switch|p2a: Gengar|Gengar, M|261\/261
|move|p1a: Breloom|Mach Punch|p2a: Gengar
|-immune|p2a: Gengar|[msg]
|
|turn|11
|
|switch|p1a: Heatran|Heatran, M|386\/386
|move|p2a: Gengar|Focus Blast|p1a: Heatran
|-supereffective|p1a: Heatran
|-damage|p1a: Heatran|118\/386
|-damage|p2a: Gengar|235\/261|[from] item: Life Orb
|
|-heal|p1a: Heatran|142\/386|[from] item: Leftovers
|turn|12
|
|move|p2a: Gengar|Focus Blast|p1a: Heatran|[miss]
|-miss|p2a: Gengar|p1a: Heatran
|move|p1a: Heatran|Stealth Rock|p2a: Gengar
|-sidestart|p2: TheMundane|move: Stealth Rock
|
|-heal|p1a: Heatran|166\/386|[from] item: Leftovers
|turn|13
|
|move|p2a: Gengar|Focus Blast|p1a: Heatran|[miss]
|-miss|p2a: Gengar|p1a: Heatran
|move|p1a: Heatran|Lava Plume|p2a: Gengar
|-damage|p2a: Gengar|85\/261
|
|-heal|p1a: Heatran|190\/386|[from] item: Leftovers
|turn|14
|
|switch|p1a: Sylveon|Sylveon, M|243\/394
|move|p2a: Gengar|Focus Blast|p1a: Sylveon|[miss]
|-miss|p2a: Gengar|p1a: Sylveon
|
|-heal|p1a: Sylveon|267\/394|[from] item: Leftovers
|turn|15
|
|switch|p1a: Scizor|Scizor, F|344\/344
|move|p2a: Gengar|Sludge Wave|p1a: Scizor
|-immune|p1a: Scizor|[msg]
|
|turn|16
|
|switch|p2a: Landorus-Therian|Landorus-Therian, M|365\/379
|-damage|p2a: Landorus-Therian|318\/379|[from] Stealth Rock
|-ability|p2a: Landorus-Therian|Intimidate|[of] p1a: Scizor
|-unboost|p1a: Scizor|atk|1
|move|p1a: Scizor|Bullet Punch|p2a: Landorus-Therian
|-damage|p2a: Landorus-Therian|269\/379
|
|-heal|p2a: Landorus-Therian|292\/379|[from] item: Leftovers
|turn|17
|
|move|p2a: Landorus-Therian|Stealth Rock|p1a: Scizor
|-sidestart|p1: hersheyvin|move: Stealth Rock
|move|p1a: Scizor|Swords Dance|p1a: Scizor
|-boost|p1a: Scizor|atk|2
|
|-heal|p2a: Landorus-Therian|315\/379|[from] item: Leftovers
|turn|18
|
|move|p2a: Landorus-Therian|Earthquake|p1a: Scizor
|-damage|p1a: Scizor|235\/344
|move|p1a: Scizor|Swords Dance|p1a: Scizor
|-boost|p1a: Scizor|atk|2
|
|-heal|p2a: Landorus-Therian|338\/379|[from] item: Leftovers
|-heal|p1a: Scizor|256\/344|[from] item: Leftovers
|turn|19
|
|move|p2a: Landorus-Therian|U-turn|p1a: Scizor
|-resisted|p1a: Scizor
|-damage|p1a: Scizor|227\/344
|
|switch|p2a: Gengar|Gengar, M|85\/261
|-damage|p2a: Gengar|53\/261|[from] Stealth Rock
|move|p1a: Scizor|Swords Dance|p1a: Scizor
|-boost|p1a: Scizor|atk|2
|
|-heal|p1a: Scizor|248\/344|[from] item: Leftovers
|turn|20
|
|move|p1a: Scizor|Bullet Punch|p2a: Gengar
|-damage|p2a: Gengar|0 fnt
|faint|p2a: Gengar
|
|-heal|p1a: Scizor|269\/344|[from] item: Leftovers
|
|switch|p2a: Landorus-Therian|Landorus-Therian, M|338\/379
|-damage|p2a: Landorus-Therian|291\/379|[from] Stealth Rock
|-ability|p2a: Landorus-Therian|Intimidate|[of] p1a: Scizor
|-unboost|p1a: Scizor|atk|1
|turn|21
|
|move|p2a: Landorus-Therian|Earthquake|p1a: Scizor
|-damage|p1a: Scizor|160\/344
|move|p1a: Scizor|Swords Dance|p1a: Scizor
|-boost|p1a: Scizor|atk|2
|
|-heal|p2a: Landorus-Therian|314\/379|[from] item: Leftovers
|-heal|p1a: Scizor|181\/344|[from] item: Leftovers
|turn|22
|
|move|p1a: Scizor|Bullet Punch|p2a: Landorus-Therian
|-damage|p2a: Landorus-Therian|19\/379
|move|p2a: Landorus-Therian|Earthquake|p1a: Scizor
|-damage|p1a: Scizor|70\/344
|
|-heal|p2a: Landorus-Therian|42\/379|[from] item: Leftovers
|-heal|p1a: Scizor|91\/344|[from] item: Leftovers
|turn|23
|
|move|p1a: Scizor|Bullet Punch|p2a: Landorus-Therian
|-damage|p2a: Landorus-Therian|0 fnt
|faint|p2a: Landorus-Therian
|
|-heal|p1a: Scizor|112\/344|[from] item: Leftovers
|
|switch|p2a: Breloom|Breloom, M|201\/261
|-damage|p2a: Breloom|185\/261|[from] Stealth Rock
|turn|24
|
|move|p2a: Breloom|Mach Punch|p1a: Scizor
|-damage|p1a: Scizor|31\/344
|move|p1a: Scizor|Bullet Punch|p2a: Breloom
|-damage|p2a: Breloom|0 fnt
|faint|p2a: Breloom
|
|-heal|p1a: Scizor|52\/344|[from] item: Leftovers
|
|switch|p2a: Raikou|Raikou|191\/327
|-damage|p2a: Raikou|151\/327|[from] Stealth Rock
|-ability|p2a: Raikou|Pressure
|turn|25
|c|âTheMundane|gg
|
|move|p1a: Scizor|Bullet Punch|p2a: Raikou
|-resisted|p2a: Raikou
|-damage|p2a: Raikou|0 fnt
|faint|p2a: Raikou
|
|-heal|p1a: Scizor|73\/344|[from] item: Leftovers
|c|âhersheyvin|bullet sweep bruh.
|c|âhersheyvin|haha.
|-message|TheMundane forfeited.
|
|win|hersheyvin
|raw|Ladder updating...
|raw|hersheyvin's rating: 1535 &rarr; <strong>1561<\/strong><br \/>(+26 for winning)
|raw|TheMundane's rating: 1641 &rarr; <strong>1615<\/strong><br \/>(-26 for losing)
|c|âTheMundane|:]
|leave|TheMundane
|player|p2