|join|TheMundane
|join|Alkov
|player|p1|TheMundane|222
|player|p2|Alkov|256
|gametype|singles
|gen|6
|tier|OU
|rated
|clearpoke
|poke|p1|Metagross
|poke|p1|Landorus-Therian, M
|poke|p1|Heatran, M
|poke|p1|Latios, M
|poke|p1|Chesnaught, F
|poke|p1|Keldeo
|poke|p2|Gothitelle, F
|poke|p2|Skarmory, M
|poke|p2|Cresselia, F
|poke|p2|Quagsire, M
|poke|p2|Sableye, M
|poke|p2|Chansey, F
|rule|Swagger Clause: Swagger is banned
|rule|Baton Pass Clause: Limit one PokÃ©mon knowing Baton Pass
|rule|Sleep Clause Mod: Limit one foe put to sleep
|rule|Species Clause: Limit one of each PokÃ©mon
|rule|OHKO Clause: OHKO moves are banned
|rule|Moody Clause: Moody is banned
|rule|Evasion Moves Clause: Evasion moves are banned
|rule|Endless Battle Clause: Forcing endless battles is banned
|rule|HP Percentage Mod: HP is shown in percentages
|teampreview
|join|Madam Keldeo
|join|Dyanna
|
|start
|switch|p1a: Heatran|Heatran, M|323\/323
|switch|p2a: Chansey|Chansey, F|704\/704
|turn|1
|
|switch|p1a: Landorus-Therian|Landorus-Therian, M|379\/379
|-ability|p1a: Landorus-Therian|Intimidate|[of] p2a: Chansey
|-unboost|p2a: Chansey|atk|1
|move|p2a: Chansey|Stealth Rock|p1a: Landorus-Therian
|-sidestart|p1: TheMundane|move: Stealth Rock
|
|turn|2
|
|switch|p2a: Skarmory|Skarmory, M|334\/334
|move|p1a: Landorus-Therian|Stealth Rock|p2a: Skarmory
|-sidestart|p2: Alkov|move: Stealth Rock
|
|turn|3
|
|move|p1a: Landorus-Therian|U-turn|p2a: Skarmory
|-resisted|p2a: Skarmory
|-damage|p2a: Skarmory|323\/334
|
|switch|p1a: Heatran|Heatran, M|323\/323
|-damage|p1a: Heatran|283\/323|[from] Stealth Rock
|move|p2a: Skarmory|Spikes|p1a: Heatran
|-sidestart|p1: TheMundane|Spikes
|
|turn|4
|
|switch|p1a: Latios|Latios, M|299\/299
|-damage|p1a: Latios|262\/299|[from] Stealth Rock
|switch|p2a: Cresselia|Cresselia, F|444\/444
|-damage|p2a: Cresselia|389\/444|[from] Stealth Rock
|
|-heal|p2a: Cresselia|416\/444|[from] item: Leftovers
|turn|5
|
|move|p1a: Latios|Calm Mind|p1a: Latios
|-boost|p1a: Latios|spa|1
|-boost|p1a: Latios|spd|1
|move|p2a: Cresselia|Thunder Wave|p1a: Latios
|-status|p1a: Latios|par
|
|-heal|p2a: Cresselia|443\/444|[from] item: Leftovers
|turn|6
|
|move|p2a: Cresselia|Moonblast|p1a: Latios
|-supereffective|p1a: Latios
|-damage|p1a: Latios|194\/299 par
|move|p1a: Latios|Calm Mind|p1a: Latios
|-boost|p1a: Latios|spa|1
|-boost|p1a: Latios|spd|1
|
|-heal|p2a: Cresselia|444\/444|[from] item: Leftovers
|turn|7
|
|move|p2a: Cresselia|Moonblast|p1a: Latios
|-supereffective|p1a: Latios
|-damage|p1a: Latios|142\/299 par
|move|p1a: Latios|Roost|p1a: Latios
|-heal|p1a: Latios|292\/299 par
|
|turn|8
|
|switch|p2a: Gothitelle|Gothitelle, F|301\/301
|-damage|p2a: Gothitelle|264\/301|[from] Stealth Rock
|move|p1a: Latios|Calm Mind|p1a: Latios
|-boost|p1a: Latios|spa|1
|-boost|p1a: Latios|spd|1
|
|turn|9
|
|move|p2a: Gothitelle|Trick|p1a: Latios
|-activate|p2a: Gothitelle|move: Trick|[of] p1a: Latios
|-item|p1a: Latios|Choice Scarf|[from] move: Trick
|-item|p2a: Gothitelle|Life Orb|[from] move: Trick
|move|p1a: Latios|Draco Meteor|p2a: Gothitelle
|-damage|p2a: Gothitelle|0 fnt
|-unboost|p1a: Latios|spa|2
|faint|p2a: Gothitelle
|
|
|switch|p2a: Cresselia|Cresselia, F|444\/444
|-damage|p2a: Cresselia|389\/444|[from] Stealth Rock
|turn|10
|
|move|p2a: Cresselia|Moonblast|p1a: Latios
|-supereffective|p1a: Latios
|-damage|p1a: Latios|244\/299 par
|move|p1a: Latios|Draco Meteor|p2a: Cresselia
|-damage|p2a: Cresselia|152\/444
|-unboost|p1a: Latios|spa|2
|
|-heal|p2a: Cresselia|179\/444|[from] item: Leftovers
|turn|11
|join|l123
|
|switch|p1a: Keldeo|Keldeo|323\/323
|-damage|p1a: Keldeo|303\/323|[from] Stealth Rock
|-damage|p1a: Keldeo|263\/323|[from] Spikes
|move|p2a: Cresselia|Moonlight|p2a: Cresselia
|-heal|p2a: Cresselia|401\/444
|
|-heal|p1a: Keldeo|283\/323|[from] item: Leftovers
|-heal|p2a: Cresselia|428\/444|[from] item: Leftovers
|turn|12
|
|move|p1a: Keldeo|Calm Mind|p1a: Keldeo
|-boost|p1a: Keldeo|spa|1
|-boost|p1a: Keldeo|spd|1
|move|p2a: Cresselia|Moonblast|p1a: Keldeo
|-supereffective|p1a: Keldeo
|-damage|p1a: Keldeo|191\/323
|
|-heal|p1a: Keldeo|211\/323|[from] item: Leftovers
|-heal|p2a: Cresselia|444\/444|[from] item: Leftovers
|turn|13
|
|move|p1a: Keldeo|Substitute|p1a: Keldeo
|-start|p1a: Keldeo|Substitute
|-damage|p1a: Keldeo|131\/323
|move|p2a: Cresselia|Thunder Wave|p1a: Keldeo
|
|-heal|p1a: Keldeo|151\/323|[from] item: Leftovers
|turn|14
|
|move|p1a: Keldeo|Calm Mind|p1a: Keldeo
|-boost|p1a: Keldeo|spa|1
|-boost|p1a: Keldeo|spd|1
|move|p2a: Cresselia|Moonblast|p1a: Keldeo
|-supereffective|p1a: Keldeo
|-activate|p1a: Keldeo|Substitute|[damage]
|
|-heal|p1a: Keldeo|171\/323|[from] item: Leftovers
|turn|15
|
|move|p1a: Keldeo|Scald|p2a: Cresselia
|-damage|p2a: Cresselia|234\/444
|move|p2a: Cresselia|Moonblast|p1a: Keldeo
|-supereffective|p1a: Keldeo
|-end|p1a: Keldeo|Substitute
|
|-heal|p1a: Keldeo|191\/323|[from] item: Leftovers
|-heal|p2a: Cresselia|261\/444|[from] item: Leftovers
|turn|16
|
|move|p1a: Keldeo|Substitute|p1a: Keldeo
|-start|p1a: Keldeo|Substitute
|-damage|p1a: Keldeo|111\/323
|move|p2a: Cresselia|Moonblast|p1a: Keldeo
|-supereffective|p1a: Keldeo
|-activate|p1a: Keldeo|Substitute|[damage]
|
|-heal|p1a: Keldeo|131\/323|[from] item: Leftovers
|-heal|p2a: Cresselia|288\/444|[from] item: Leftovers
|turn|17
|
|move|p1a: Keldeo|Scald|p2a: Cresselia
|-damage|p2a: Cresselia|74\/444
|move|p2a: Cresselia|Moonlight|p2a: Cresselia
|-heal|p2a: Cresselia|296\/444
|
|-heal|p1a: Keldeo|151\/323|[from] item: Leftovers
|-heal|p2a: Cresselia|323\/444|[from] item: Leftovers
|turn|18
|
|move|p1a: Keldeo|Scald|p2a: Cresselia
|-damage|p2a: Cresselia|127\/444
|-status|p2a: Cresselia|brn
|move|p2a: Cresselia|Moonblast|p1a: Keldeo
|-supereffective|p1a: Keldeo
|-end|p1a: Keldeo|Substitute
|
|-heal|p1a: Keldeo|171\/323|[from] item: Leftovers
|-heal|p2a: Cresselia|154\/444 brn|[from] item: Leftovers
|-damage|p2a: Cresselia|99\/444 brn|[from] brn
|turn|19
|
|move|p1a: Keldeo|Scald|p2a: Cresselia
|-damage|p2a: Cresselia|0 fnt
|faint|p2a: Cresselia
|
|-heal|p1a: Keldeo|191\/323|[from] item: Leftovers
|
|switch|p2a: Quagsire|Quagsire, M|394\/394
|-damage|p2a: Quagsire|370\/394|[from] Stealth Rock
|turn|20
|
|move|p1a: Keldeo|Scald|p2a: Quagsire
|-damage|p2a: Quagsire|180\/394
|move|p2a: Quagsire|Earthquake|p1a: Keldeo
|-damage|p1a: Keldeo|77\/323
|
|-heal|p1a: Keldeo|97\/323|[from] item: Leftovers
|-heal|p2a: Quagsire|204\/394|[from] item: Leftovers
|turn|21
|
|move|p1a: Keldeo|Substitute|p1a: Keldeo
|-start|p1a: Keldeo|Substitute
|-damage|p1a: Keldeo|17\/323
|move|p2a: Quagsire|Recover|p2a: Quagsire
|-heal|p2a: Quagsire|394\/394
|
|-heal|p1a: Keldeo|37\/323|[from] item: Leftovers
|turn|22
|
|move|p1a: Keldeo|Scald|p2a: Quagsire
|-damage|p2a: Quagsire|202\/394
|-status|p2a: Quagsire|brn
|move|p2a: Quagsire|Earthquake|p1a: Keldeo
|-activate|p1a: Keldeo|Substitute|[damage]
|
|-heal|p1a: Keldeo|57\/323|[from] item: Leftovers
|-heal|p2a: Quagsire|226\/394 brn|[from] item: Leftovers
|-damage|p2a: Quagsire|177\/394 brn|[from] brn
|turn|23
|c|âAlkov|......
|c|âAlkov|that burn
|c|âAlkov|zzz
|-message|Alkov forfeited.
|
|win|TheMundane
|raw|Ladder updating...
|leave|Alkov
|player|p2
|c|âTheMundane|zzz
|raw|TheMundane's rating: 1676 &rarr; <strong>1689<\/strong><br \/>(+13 for winning)
|raw|Alkov's rating: 1536 &rarr; <strong>1524<\/strong><br \/>(-12 for losing)