|join|TheMundane
|join|Flarebot
|player|p1|TheMundane|222
|player|p2|Flarebot|218
|gametype|singles
|gen|6
|tier|OU
|rated
|clearpoke
|poke|p1|Metagross
|poke|p1|Landorus-Therian, M
|poke|p1|Heatran, F
|poke|p1|Latios, M
|poke|p1|Chesnaught, M
|poke|p1|Keldeo
|poke|p2|Diancie
|poke|p2|Dragonite, F
|poke|p2|Keldeo
|poke|p2|Heatran, M
|poke|p2|Ferrothorn, M
|poke|p2|Slowbro, F
|rule|Swagger Clause: Swagger is banned
|rule|Baton Pass Clause: Limit one PokÃ©mon knowing Baton Pass
|rule|Sleep Clause Mod: Limit one foe put to sleep
|rule|Species Clause: Limit one of each PokÃ©mon
|rule|OHKO Clause: OHKO moves are banned
|rule|Moody Clause: Moody is banned
|rule|Evasion Moves Clause: Evasion moves are banned
|rule|Endless Battle Clause: Forcing endless battles is banned
|rule|HP Percentage Mod: HP is shown in percentages
|teampreview
|
|start
|switch|p1a: Landorus-Therian|Landorus-Therian, M|379\/379
|switch|p2a: Jasmine|Diancie|241\/241
|-ability|p1a: Landorus-Therian|Intimidate|[of] p2a: Jasmine
|-fail|p2a: Jasmine|unboost|[from] ability: Clear Body|[of] p2a: Jasmine
|turn|1
|
|switch|p2a: Belle|Dragonite, F|323\/323
|move|p1a: Landorus-Therian|Earthquake|p2a: Belle
|-immune|p2a: Belle|[msg]
|
|turn|2
|
|move|p2a: Belle|Outrage|p1a: Landorus-Therian
|-damage|p1a: Landorus-Therian|144\/379
|move|p1a: Landorus-Therian|Stealth Rock|p2a: Belle
|-sidestart|p2: Flarebot|move: Stealth Rock
|
|-heal|p1a: Landorus-Therian|167\/379|[from] item: Leftovers
|turn|3
|
|switch|p1a: Metagross|Metagross|301\/301
|move|p2a: Belle|Outrage|p1a: Metagross
|-resisted|p1a: Metagross
|-damage|p1a: Metagross|181\/301
|
|-end|p2a: Belle|rampage
|-start|p2a: Belle|confusion
|turn|4
|
|switch|p2a: Ursula|Slowbro, F|394\/394
|-damage|p2a: Ursula|345\/394|[from] Stealth Rock
|switch|p1a: Latios|Latios, M|301\/301
|
|-heal|p2a: Ursula|369\/394|[from] item: Leftovers
|turn|5
|
|switch|p2a: Beast|Heatran, M|385\/385
|-damage|p2a: Beast|337\/385|[from] Stealth Rock
|move|p1a: Latios|Calm Mind|p1a: Latios
|-boost|p1a: Latios|spa|1
|-boost|p1a: Latios|spd|1
|
|-heal|p2a: Beast|361\/385|[from] item: Leftovers
|turn|6
|
|move|p1a: Latios|Psyshock|p2a: Beast
|-resisted|p2a: Beast
|-damage|p2a: Beast|239\/385
|-damage|p1a: Latios|271\/301|[from] item: Life Orb
|move|p2a: Beast|Toxic|p1a: Latios
|-status|p1a: Latios|tox
|
|-heal|p2a: Beast|263\/385|[from] item: Leftovers
|-damage|p1a: Latios|253\/301 tox|[from] psn
|turn|7
|
|move|p1a: Latios|Psyshock|p2a: Beast
|-resisted|p2a: Beast
|-damage|p2a: Beast|137\/385
|-damage|p1a: Latios|223\/301 tox|[from] item: Life Orb
|move|p2a: Beast|Stealth Rock|p1a: Latios
|-sidestart|p1: TheMundane|move: Stealth Rock
|
|-heal|p2a: Beast|161\/385|[from] item: Leftovers
|-damage|p1a: Latios|187\/301 tox|[from] psn
|turn|8
|
|switch|p2a: Ursula|Slowbro, F|394\/394
|-damage|p2a: Ursula|345\/394|[from] Stealth Rock
|move|p1a: Latios|Calm Mind|p1a: Latios
|-boost|p1a: Latios|spa|1
|-boost|p1a: Latios|spd|1
|
|-heal|p2a: Ursula|369\/394|[from] item: Leftovers
|-damage|p1a: Latios|133\/301 tox|[from] psn
|turn|9
|
|switch|p2a: Beast|Heatran, M|161\/385
|-damage|p2a: Beast|113\/385|[from] Stealth Rock
|move|p1a: Latios|Psyshock|p2a: Beast
|-resisted|p2a: Beast
|-damage|p2a: Beast|0 fnt
|-damage|p1a: Latios|103\/301 tox|[from] item: Life Orb
|faint|p2a: Beast
|
|-damage|p1a: Latios|31\/301 tox|[from] psn
|
|switch|p2a: Malificent|Ferrothorn, M|352\/352
|-damage|p2a: Malificent|330\/352|[from] Stealth Rock
|turn|10
|
|switch|p1a: Chesnaught|Chesnaught, M|320\/320
|-damage|p1a: Chesnaught|300\/320|[from] Stealth Rock
|move|p2a: Malificent|Protect|p2a: Malificent
|-fail|p2a: Malificent
|
|-heal|p2a: Malificent|352\/352|[from] item: Leftovers
|turn|11
|
|switch|p2a: Jasmine|Diancie|241\/241
|-damage|p2a: Jasmine|211\/241|[from] Stealth Rock
|move|p1a: Chesnaught|Substitute|p1a: Chesnaught
|-start|p1a: Chesnaught|Substitute
|-damage|p1a: Chesnaught|220\/320
|
|turn|12
|
|detailschange|p2a: Jasmine|Diancie-Mega
|-mega|p2a: Jasmine|Diancie|Diancite
|move|p1a: Chesnaught|Belly Drum|p1a: Chesnaught
|-damage|p1a: Chesnaught|60\/320
|-setboost|p1a: Chesnaught|atk|6|[from] move: Belly Drum
|-enditem|p1a: Chesnaught|Salac Berry|[eat]
|-boost|p1a: Chesnaught|spe|1|[from] item: Salac Berry
|move|p2a: Jasmine|Moonblast|p1a: Chesnaught
|-supereffective|p1a: Chesnaught
|-end|p1a: Chesnaught|Substitute
|
|turn|13
|c|âFlarebot|wow...
|
|switch|p2a: Malificent|Ferrothorn, M|352\/352
|-damage|p2a: Malificent|330\/352|[from] Stealth Rock
|move|p1a: Chesnaught|Drain Punch|p2a: Malificent
|-supereffective|p2a: Malificent
|-damage|p2a: Malificent|0 fnt
|-heal|p1a: Chesnaught|225\/320|[from] drain|[of] p2a: Malificent
|-damage|p1a: Chesnaught|185\/320|[from] ability: Iron Barbs|[of] p2a: Malificent
|faint|p2a: Malificent
|
|
|switch|p2a: Belle|Dragonite, F|323\/323
|-damage|p2a: Belle|243\/323|[from] Stealth Rock
|turn|14
|c|âFlarebot|i think i lose LOL
|
|move|p2a: Belle|Extreme Speed|p1a: Chesnaught
|-damage|p1a: Chesnaught|62\/320
|move|p1a: Chesnaught|Drain Punch|p2a: Belle
|-resisted|p2a: Belle
|-damage|p2a: Belle|15\/323
|-heal|p1a: Chesnaught|176\/320|[from] drain|[of] p2a: Belle
|
|turn|15
|c|âFlarebot|to this thing ...
|c|âFlarebot|ye gg
|c|âFlarebot|unless crit here *-*
|
|move|p2a: Belle|Extreme Speed|p1a: Chesnaught
|-damage|p1a: Chesnaught|61\/320
|move|p1a: Chesnaught|Drain Punch|p2a: Belle
|-resisted|p2a: Belle
|-damage|p2a: Belle|0 fnt
|-heal|p1a: Chesnaught|69\/320|[from] drain|[of] p2a: Belle
|faint|p2a: Belle
|
|c|âTheMundane|Don't forfeit I want to save replay if you don't mind :]
|
|switch|p2a: Ursula|Slowbro, F|394\/394
|-damage|p2a: Ursula|345\/394|[from] Stealth Rock
|turn|16
|c|âTheMundane|testing out stuff
|c|âFlarebot|sure xD
|
|move|p1a: Chesnaught|Seed Bomb|p2a: Ursula
|-supereffective|p2a: Ursula
|-damage|p2a: Ursula|0 fnt
|faint|p2a: Ursula
|
|
|switch|p2a: Charming|Keldeo|323\/323
|-damage|p2a: Charming|303\/323|[from] Stealth Rock
|turn|17
|
|move|p1a: Chesnaught|Seed Bomb|p2a: Charming
|-supereffective|p2a: Charming
|-damage|p2a: Charming|0 fnt
|faint|p2a: Charming
|
|c|âFlarebot|gg
|
|switch|p2a: Jasmine|Diancie-Mega|211\/241
|-damage|p2a: Jasmine|181\/241|[from] Stealth Rock
|turn|18
|c|âTheMundane|gg :]
|
|move|p1a: Chesnaught|Drain Punch|p2a: Jasmine
|-damage|p2a: Jasmine|0 fnt
|-heal|p1a: Chesnaught|160\/320|[from] drain|[of] p2a: Jasmine
|faint|p2a: Jasmine
|
|win|TheMundane
|raw|Ladder updating...
|raw|TheMundane's rating: 1535 &rarr; <strong>1559<\/strong><br \/>(+24 for winning)
|raw|Flarebot's rating: 1608 &rarr; <strong>1584<\/strong><br \/>(-24 for losing)