|join|nightsblade
|join|TheMundane
|player|p1|nightsblade|40
|player|p2|TheMundane|224
|gametype|singles
|gen|6
|tier|OU
|rated
|clearpoke
|poke|p1|Latios, M
|poke|p1|Bisharp, F
|poke|p1|Landorus-Therian, M
|poke|p1|Manectric, F
|poke|p1|Clefable, M
|poke|p1|Gengar, M
|poke|p2|Landorus-Therian, M
|poke|p2|Azumarill, F
|poke|p2|Latios, M
|poke|p2|Keldeo
|poke|p2|Heatran, M
|poke|p2|Breloom, M
|rule|Swagger Clause: Swagger is banned
|rule|Baton Pass Clause: Limit one PokÃ©mon knowing Baton Pass
|rule|Sleep Clause Mod: Limit one foe put to sleep
|rule|Species Clause: Limit one of each PokÃ©mon
|rule|OHKO Clause: OHKO moves are banned
|rule|Moody Clause: Moody is banned
|rule|Evasion Moves Clause: Evasion moves are banned
|rule|Endless Battle Clause: Forcing endless battles is banned
|rule|HP Percentage Mod: HP is shown in percentages
|teampreview
|
|start
|switch|p1a: Manectric|Manectric, F|281\/281
|switch|p2a: Latios|Latios, M|301\/301
|turn|1
|
|switch|p1a: Clefable|Clefable, M|394\/394
|move|p2a: Latios|Psyshock|p1a: Clefable
|-damage|p1a: Clefable|217\/394
|
|-heal|p1a: Clefable|241\/394|[from] item: Leftovers
|turn|2
|
|switch|p2a: Breloom|Breloom, M|261\/261
|move|p1a: Clefable|Moonblast|p2a: Breloom
|-supereffective|p2a: Breloom
|-damage|p2a: Breloom|0 fnt
|faint|p2a: Breloom
|
|-heal|p1a: Clefable|265\/394|[from] item: Leftovers
|
|switch|p2a: Azumarill|Azumarill, F|403\/403
|turn|3
|
|move|p1a: Clefable|Moonblast|p2a: Azumarill
|-damage|p2a: Azumarill|268\/403
|-unboost|p2a: Azumarill|spa|1
|move|p2a: Azumarill|Waterfall|p1a: Clefable
|-crit|p1a: Clefable
|-damage|p1a: Clefable|0 fnt
|faint|p1a: Clefable
|
|
|switch|p1a: Manectric|Manectric, F|281\/281
|turn|4
|
|switch|p2a: Heatran|Heatran, M|323\/323
|detailschange|p1a: Manectric|Manectric-Mega, F
|-mega|p1a: Manectric|Manectric|Manectite
|-ability|p1a: Manectric|Intimidate|[of] p2a: Heatran
|-unboost|p2a: Heatran|atk|1
|move|p1a: Manectric|Thunderbolt|p2a: Heatran
|-damage|p2a: Heatran|133\/323
|
|turn|5
|
|switch|p2a: Landorus-Therian|Landorus-Therian, M|319\/319
|-ability|p2a: Landorus-Therian|Intimidate|[of] p1a: Manectric
|-unboost|p1a: Manectric|atk|1
|move|p1a: Manectric|Thunderbolt|p2a: Landorus-Therian
|-immune|p2a: Landorus-Therian|[msg]
|
|turn|6
|
|switch|p1a: Landorus-Therian|Landorus-Therian, M|382\/382
|-ability|p1a: Landorus-Therian|Intimidate|[of] p2a: Landorus-Therian
|-unboost|p2a: Landorus-Therian|atk|1
|move|p2a: Landorus-Therian|Stealth Rock|p1a: Landorus-Therian
|-sidestart|p1: nightsblade|move: Stealth Rock
|
|turn|7
|
|switch|p2a: Keldeo|Keldeo|323\/323
|move|p1a: Landorus-Therian|Stone Edge|p2a: Keldeo
|-resisted|p2a: Keldeo
|-damage|p2a: Keldeo|239\/323
|
|turn|8
|
|move|p2a: Keldeo|Icy Wind|p1a: Landorus-Therian
|-supereffective|p1a: Landorus-Therian
|-damage|p1a: Landorus-Therian|0 fnt
|faint|p1a: Landorus-Therian
|
|
|switch|p1a: Latios|Latios, M|301\/301
|-damage|p1a: Latios|264\/301|[from] Stealth Rock
|turn|9
|
|switch|p2a: Landorus-Therian|Landorus-Therian, M|319\/319
|-ability|p2a: Landorus-Therian|Intimidate|[of] p1a: Latios
|-unboost|p1a: Latios|atk|1
|move|p1a: Latios|Psyshock|p2a: Landorus-Therian
|-damage|p2a: Landorus-Therian|175\/319
|
|turn|10
|
|move|p2a: Landorus-Therian|U-turn|p1a: Latios
|-supereffective|p1a: Latios
|-damage|p1a: Latios|60\/301
|
|switch|p2a: Azumarill|Azumarill, F|268\/403
|move|p1a: Latios|Surf|p2a: Azumarill
|-resisted|p2a: Azumarill
|-damage|p2a: Azumarill|202\/403
|
|turn|11
|
|move|p2a: Azumarill|Aqua Jet|p1a: Latios
|-resisted|p1a: Latios
|-damage|p1a: Latios|0 fnt
|faint|p1a: Latios
|
|
|switch|p1a: Manectric|Manectric-Mega, F|281\/281
|-damage|p1a: Manectric|246\/281|[from] Stealth Rock
|-ability|p1a: Manectric|Intimidate|[of] p2a: Azumarill
|-unboost|p2a: Azumarill|atk|1
|turn|12
|
|switch|p2a: Latios|Latios, M|301\/301
|move|p1a: Manectric|Thunderbolt|p2a: Latios
|-resisted|p2a: Latios
|-damage|p2a: Latios|232\/301
|
|turn|13
|
|move|p1a: Manectric|Hidden Power|p2a: Latios
|-supereffective|p2a: Latios
|-damage|p2a: Latios|96\/301
|move|p2a: Latios|Draco Meteor|p1a: Manectric
|-damage|p1a: Manectric|0 fnt
|-unboost|p2a: Latios|spa|2
|faint|p1a: Manectric
|
|
|switch|p1a: Bisharp|Bisharp, F|333\/333
|-damage|p1a: Bisharp|313\/333|[from] Stealth Rock
|turn|14
|
|move|p1a: Bisharp|Sucker Punch|p2a: Latios
|-supereffective|p2a: Latios
|-damage|p2a: Latios|0 fnt
|faint|p2a: Latios
|
|
|switch|p2a: Keldeo|Keldeo|239\/323
|turn|15
|
|move|p1a: Bisharp|Sucker Punch|p2a: Keldeo
|-resisted|p2a: Keldeo
|-damage|p2a: Keldeo|104\/323
|-boost|p2a: Keldeo|atk|1|[from] ability: Justified
|move|p2a: Keldeo|Scald|p1a: Bisharp
|-damage|p1a: Bisharp|40\/333
|
|turn|16
|
|switch|p2a: Azumarill|Azumarill, F|202\/403
|move|p1a: Bisharp|Sucker Punch|p2a: Azumarill
|-fail|p2a: Azumarill
|
|turn|17
|
|move|p1a: Bisharp|Sucker Punch|p2a: Azumarill
|-resisted|p2a: Azumarill
|-damage|p2a: Azumarill|75\/403
|move|p2a: Azumarill|Aqua Jet|p1a: Bisharp
|-damage|p1a: Bisharp|0 fnt
|faint|p1a: Bisharp
|
|
|switch|p1a: Gengar|Gengar, M|261\/261
|-damage|p1a: Gengar|229\/261|[from] Stealth Rock
|turn|18
|
|move|p2a: Azumarill|Aqua Jet|p1a: Gengar
|-damage|p1a: Gengar|19\/261
|move|p1a: Gengar|Shadow Ball|p2a: Azumarill
|-damage|p2a: Azumarill|0 fnt
|faint|p2a: Azumarill
|
|
|switch|p2a: Landorus-Therian|Landorus-Therian, M|175\/319
|-ability|p2a: Landorus-Therian|Intimidate|[of] p1a: Gengar
|-unboost|p1a: Gengar|atk|1
|turn|19
|
|move|p1a: Gengar|Shadow Ball|p2a: Landorus-Therian
|-damage|p2a: Landorus-Therian|7\/319
|move|p2a: Landorus-Therian|Knock Off|p1a: Gengar
|-supereffective|p1a: Gengar
|-damage|p1a: Gengar|0 fnt
|-enditem|p1a: Gengar|Choice Scarf|[from] move: Knock Off|[of] p2a: Landorus-Therian
|faint|p1a: Gengar
|
|win|TheMundane
|raw|Ladder updating...
|raw|nightsblade's rating: 1618 &rarr; <strong>1600<\/strong><br \/>(-18 for losing)
|raw|TheMundane's rating: 1640 &rarr; <strong>1659<\/strong><br \/>(+19 for winning)
|c|âTheMundane|gg