|join|Elite Kneepads
|join|TheMundane
|player|p1|Elite Kneepads|252
|player|p2|TheMundane|222
|gametype|singles
|gen|6
|tier|OU
|clearpoke
|poke|p1|Sableye, F
|poke|p1|Tentacruel, M
|poke|p1|Sylveon, F
|poke|p1|Landorus-Therian, M
|poke|p1|Heatran, M
|poke|p1|Skarmory, M
|poke|p2|Klefki, M
|poke|p2|Heatran, M
|poke|p2|Landorus-Therian, M
|poke|p2|Latios, M
|poke|p2|Keldeo
|poke|p2|Metagross
|rule|Swagger Clause: Swagger is banned
|rule|Baton Pass Clause: Limit one PokÃ©mon knowing Baton Pass
|rule|Sleep Clause Mod: Limit one foe put to sleep
|rule|Species Clause: Limit one of each PokÃ©mon
|rule|OHKO Clause: OHKO moves are banned
|rule|Moody Clause: Moody is banned
|rule|Evasion Moves Clause: Evasion moves are banned
|rule|Endless Battle Clause: Forcing endless battles is banned
|rule|HP Percentage Mod: HP is shown in percentages
|teampreview
|c|âTheMundane|glhf
|join|thepack
|c|âElite Kneepads|u2
|join|Karxrida
|c| Karxrida|Fuck up the goblin!
|join|darkpwns
|
|start
|switch|p1a: Landorus-Therian|Landorus-Therian, M|381\/381
|switch|p2a: Latios|Latios, M|301\/301
|-ability|p1a: Landorus-Therian|Intimidate|[of] p2a: Latios
|-unboost|p2a: Latios|atk|1
|turn|1
|join|NostalgiaTesting
|c|âElite Kneepads|lol why do I expect swagger lum kelfki? xD
|c|âTheMundane|Lol
|
|switch|p2a: Landorus-Therian|Landorus-Therian, M|379\/379
|-ability|p2a: Landorus-Therian|Intimidate|[of] p1a: Landorus-Therian
|-unboost|p1a: Landorus-Therian|atk|1
|switch|p1a: Heatran|Heatran, M|386\/386
|
|turn|2
|c| Karxrida|That's illegal
|c| NostalgiaTesting|truuuuuu
|
|switch|p1a: Landorus-Therian|Landorus-Therian, M|381\/381
|-ability|p1a: Landorus-Therian|Intimidate|[of] p2a: Landorus-Therian
|-unboost|p2a: Landorus-Therian|atk|1
|move|p2a: Landorus-Therian|Stealth Rock|p1a: Landorus-Therian
|-sidestart|p1: Elite Kneepads|move: Stealth Rock
|
|turn|3
|c| darkpwns|swagger so 'legal
|
|move|p2a: Landorus-Therian|U-turn|p1a: Landorus-Therian
|-resisted|p1a: Landorus-Therian
|-damage|p1a: Landorus-Therian|362\/381
|
|switch|p2a: Keldeo|Keldeo|323\/323
|move|p1a: Landorus-Therian|Stealth Rock|p2a: Keldeo
|-sidestart|p2: TheMundane|move: Stealth Rock
|
|-heal|p1a: Landorus-Therian|381\/381|[from] item: Leftovers
|turn|4
|c|âElite Kneepads|oh right
|
|switch|p2a: Metagross|Metagross|301\/301
|-damage|p2a: Metagross|283\/301|[from] Stealth Rock
|switch|p1a: Sylveon|Sylveon, F|394\/394
|-damage|p1a: Sylveon|345\/394|[from] Stealth Rock
|
|-heal|p1a: Sylveon|369\/394|[from] item: Leftovers
|turn|5
|
|switch|p1a: Skarmory|Skarmory, M|334\/334
|-damage|p1a: Skarmory|293\/334|[from] Stealth Rock
|move|p2a: Metagross|Meteor Mash|p1a: Skarmory
|-resisted|p1a: Skarmory
|-damage|p1a: Skarmory|249\/334
|
|turn|6
|c| NostalgiaTesting|is that a stall team?
|
|switch|p2a: Heatran|Heatran, M|323\/323
|-damage|p2a: Heatran|283\/323|[from] Stealth Rock
|move|p1a: Skarmory|Roost|p1a: Skarmory
|-heal|p1a: Skarmory|334\/334
|
|turn|7
|
|switch|p2a: Keldeo|Keldeo|323\/323
|-damage|p2a: Keldeo|303\/323|[from] Stealth Rock
|switch|p1a: Heatran|Heatran, M|386\/386
|-damage|p1a: Heatran|338\/386|[from] Stealth Rock
|
|-heal|p1a: Heatran|362\/386|[from] item: Leftovers
|turn|8
|c| Karxrida|Yes?
|
|switch|p1a: Sylveon|Sylveon, F|369\/394
|-damage|p1a: Sylveon|320\/394|[from] Stealth Rock
|move|p2a: Keldeo|Scald|p1a: Sylveon
|-damage|p1a: Sylveon|187\/394
|
|-heal|p1a: Sylveon|211\/394|[from] item: Leftovers
|turn|9
|c| NostalgiaTesting|lol
|c|âElite Kneepads|seems like one
|c| NostalgiaTesting|i dunno
|
|move|p2a: Keldeo|Scald|p1a: Sylveon
|-damage|p1a: Sylveon|73\/394
|-status|p1a: Sylveon|brn
|move|p1a: Sylveon|Wish|p1a: Sylveon
|
|-heal|p1a: Sylveon|97\/394 brn|[from] item: Leftovers
|-damage|p1a: Sylveon|48\/394 brn|[from] brn
|turn|10
|c| NostalgiaTesting|never play stall
|
|move|p1a: Sylveon|Protect|p1a: Sylveon
|-singleturn|p1a: Sylveon|Protect
|move|p2a: Keldeo|Scald|p1a: Sylveon
|-activate|p1a: Sylveon|Protect
|
|-heal|p1a: Sylveon|245\/394 brn|[from] move: Wish|[wisher] Sylveon
|-heal|p1a: Sylveon|269\/394 brn|[from] item: Leftovers
|-damage|p1a: Sylveon|220\/394 brn|[from] brn
|turn|11
|c| NostalgiaTesting|but it looks like on i guess
|c| Karxrida|Look, just send out Klefki and Elite send out Sableye and we'll see if this works
|
|switch|p2a: Metagross|Metagross|283\/301
|-damage|p2a: Metagross|265\/301|[from] Stealth Rock
|move|p1a: Sylveon|Wish|p1a: Sylveon
|
|-heal|p1a: Sylveon|244\/394 brn|[from] item: Leftovers
|-damage|p1a: Sylveon|195\/394 brn|[from] brn
|turn|12
|c| thepack|Its got Mega Sableye. That instantly turns it into stall.
|
|move|p1a: Sylveon|Protect|p1a: Sylveon
|-singleturn|p1a: Sylveon|Protect
|move|p2a: Metagross|Meteor Mash|p1a: Sylveon
|-activate|p1a: Sylveon|Protect
|
|-heal|p1a: Sylveon|392\/394 brn|[from] move: Wish|[wisher] Sylveon
|-heal|p1a: Sylveon|394\/394 brn|[from] item: Leftovers
|-damage|p1a: Sylveon|345\/394 brn|[from] brn
|turn|13
|
|switch|p2a: Keldeo|Keldeo|303\/323
|-damage|p2a: Keldeo|283\/323|[from] Stealth Rock
|switch|p1a: Skarmory|Skarmory, M|334\/334
|-damage|p1a: Skarmory|293\/334|[from] Stealth Rock
|
|turn|14
|
|switch|p1a: Tentacruel|Tentacruel, M|363\/363
|-damage|p1a: Tentacruel|318\/363|[from] Stealth Rock
|move|p2a: Keldeo|Scald|p1a: Tentacruel
|-resisted|p1a: Tentacruel
|-damage|p1a: Tentacruel|243\/363
|
|-heal|p1a: Tentacruel|265\/363|[from] item: Black Sludge
|turn|15
|c| Karxrida|I agree, though. Fuck Stall
|c| NostalgiaTesting|the predictions
|
|move|p2a: Keldeo|Scald|p1a: Tentacruel
|-resisted|p1a: Tentacruel
|-damage|p1a: Tentacruel|197\/363
|move|p1a: Tentacruel|Knock Off|p2a: Keldeo
|-resisted|p2a: Keldeo
|-damage|p2a: Keldeo|258\/323
|-boost|p2a: Keldeo|atk|1|[from] ability: Justified
|-enditem|p2a: Keldeo|Choice Specs|[from] move: Knock Off|[of] p1a: Tentacruel
|
|-heal|p1a: Tentacruel|219\/363|[from] item: Black Sludge
|turn|16
|c|âElite Kneepads|thats how u have to play against stall
|
|move|p2a: Keldeo|Scald|p1a: Tentacruel
|-resisted|p1a: Tentacruel
|-damage|p1a: Tentacruel|177\/363
|move|p1a: Tentacruel|Knock Off|p2a: Keldeo
|-resisted|p2a: Keldeo
|-damage|p2a: Keldeo|240\/323
|-boost|p2a: Keldeo|atk|1|[from] ability: Justified
|
|-heal|p1a: Tentacruel|199\/363|[from] item: Black Sludge
|turn|17
|
|switch|p2a: Metagross|Metagross|265\/301
|-damage|p2a: Metagross|247\/301|[from] Stealth Rock
|move|p1a: Tentacruel|Rapid Spin|p2a: Metagross
|-resisted|p2a: Metagross
|-damage|p2a: Metagross|243\/301
|-sideend|p1: Elite Kneepads|Stealth Rock|[from] move: Rapid Spin|[of] p1a: Tentacruel
|
|-heal|p1a: Tentacruel|221\/363|[from] item: Black Sludge
|turn|18
|c| thepack|That's because the way to play stall is to play safe. Hence, you really need to be aggressive to have any chance of winning :[
|
|switch|p2a: Heatran|Heatran, M|283\/323
|-damage|p2a: Heatran|243\/323|[from] Stealth Rock
|switch|p1a: Skarmory|Skarmory, M|293\/334
|
|turn|19
|c| Karxrida|QUick, double to Klefki!
|c| Karxrida|Or not!
|
|switch|p2a: Landorus-Therian|Landorus-Therian, M|379\/379
|-damage|p2a: Landorus-Therian|332\/379|[from] Stealth Rock
|-ability|p2a: Landorus-Therian|Intimidate|[of] p1a: Skarmory
|-unboost|p1a: Skarmory|atk|1
|switch|p1a: Landorus-Therian|Landorus-Therian, M|381\/381
|-ability|p1a: Landorus-Therian|Intimidate|[of] p2a: Landorus-Therian
|-unboost|p2a: Landorus-Therian|atk|1
|
|-heal|p2a: Landorus-Therian|355\/379|[from] item: Leftovers
|turn|20
|
|move|p2a: Landorus-Therian|Stealth Rock|p1a: Landorus-Therian
|-sidestart|p1: Elite Kneepads|move: Stealth Rock
|move|p1a: Landorus-Therian|U-turn|p2a: Landorus-Therian
|-resisted|p2a: Landorus-Therian
|-damage|p2a: Landorus-Therian|325\/379
|
|switch|p1a: Tentacruel|Tentacruel, M|221\/363
|-damage|p1a: Tentacruel|176\/363|[from] Stealth Rock
|
|-heal|p1a: Tentacruel|198\/363|[from] item: Black Sludge
|-heal|p2a: Landorus-Therian|348\/379|[from] item: Leftovers
|turn|21
|
|move|p1a: Tentacruel|Scald|p2a: Landorus-Therian
|-supereffective|p2a: Landorus-Therian
|-damage|p2a: Landorus-Therian|160\/379
|move|p2a: Landorus-Therian|Earthquake|p1a: Tentacruel
|-supereffective|p1a: Tentacruel
|-damage|p1a: Tentacruel|0 fnt
|faint|p1a: Tentacruel
|
|-heal|p2a: Landorus-Therian|183\/379|[from] item: Leftovers
|
|switch|p1a: Sableye|Sableye, F|304\/304
|-damage|p1a: Sableye|266\/304|[from] Stealth Rock
|turn|22
|c| Karxrida|Yesh
|
|switch|p1a: Landorus-Therian|Landorus-Therian, M|381\/381
|-damage|p1a: Landorus-Therian|334\/381|[from] Stealth Rock
|-ability|p1a: Landorus-Therian|Intimidate|[of] p2a: Landorus-Therian
|-unboost|p2a: Landorus-Therian|atk|1
|move|p2a: Landorus-Therian|U-turn|p1a: Landorus-Therian
|-resisted|p1a: Landorus-Therian
|-damage|p1a: Landorus-Therian|320\/381
|c| Karxrida|Perfect
|
|switch|p2a: Keldeo|Keldeo|240\/323
|-damage|p2a: Keldeo|220\/323|[from] Stealth Rock
|
|-heal|p1a: Landorus-Therian|343\/381|[from] item: Leftovers
|turn|23
|c| Karxrida|WHY DID YOU DO THAT
|c|âElite Kneepads|let me guess sub cm draining kiss kelfki?
|c| Karxrida|No
|c| Karxrida|That's dumb
|c|âTheMundane|Lol
|c| Karxrida|Like, incredibly dumb
|c|âElite Kneepads|well since you were saying u wanna test something i expect something dumb lol
|c| thepack|IKR...how does a bunch of keys kiss something...
|c| Karxrida|Then again my idea might be dumb too, but we're going to need to test it.
|
|switch|p1a: Sylveon|Sylveon, F|345\/394 brn
|-damage|p1a: Sylveon|296\/394 brn|[from] Stealth Rock
|move|p2a: Keldeo|Hydro Pump|p1a: Sylveon
|-damage|p1a: Sylveon|184\/394 brn
|
|-heal|p1a: Sylveon|208\/394 brn|[from] item: Leftovers
|-damage|p1a: Sylveon|159\/394 brn|[from] brn
|turn|24
|c| Karxrida|I was hoping they'd both lead with it
|
|switch|p2a: Klefki|Klefki, M|318\/318
|-damage|p2a: Klefki|299\/318|[from] Stealth Rock
|move|p1a: Sylveon|Wish|p1a: Sylveon
|
|-heal|p2a: Klefki|318\/318|[from] item: Leftovers
|-heal|p1a: Sylveon|183\/394 brn|[from] item: Leftovers
|-damage|p1a: Sylveon|134\/394 brn|[from] brn
|turn|25
|c| Karxrida|It'd make this so much easier to see if it works
|
|move|p2a: Klefki|Spikes|p1a: Sylveon
|-sidestart|p1: Elite Kneepads|Spikes
|move|p1a: Sylveon|Heal Bell|p1a: Sylveon
|-cureteam|p1a: Sylveon|[from] move: HealBell
|
|-heal|p1a: Sylveon|331\/394|[from] move: Wish|[wisher] Sylveon
|-heal|p1a: Sylveon|355\/394|[from] item: Leftovers
|turn|26
|
|switch|p1a: Landorus-Therian|Landorus-Therian, M|343\/381
|-damage|p1a: Landorus-Therian|296\/381|[from] Stealth Rock
|-ability|p1a: Landorus-Therian|Intimidate|[of] p2a: Klefki
|-unboost|p2a: Klefki|atk|1
|move|p2a: Klefki|Spikes|p1a: Landorus-Therian
|-sidestart|p1: Elite Kneepads|Spikes
|
|-heal|p1a: Landorus-Therian|319\/381|[from] item: Leftovers
|turn|27
|c| thepack|Bring out sableye!
|c|âTheMundane|Bring in sabke goddamit
|c|âTheMundane|lol
|
|switch|p2a: Landorus-Therian|Landorus-Therian, M|183\/379
|-damage|p2a: Landorus-Therian|136\/379|[from] Stealth Rock
|-ability|p2a: Landorus-Therian|Intimidate|[of] p1a: Landorus-Therian
|-unboost|p1a: Landorus-Therian|atk|1
|move|p1a: Landorus-Therian|U-turn|p2a: Landorus-Therian
|-resisted|p2a: Landorus-Therian
|-damage|p2a: Landorus-Therian|118\/379
|c| Karxrida|Kill the Goblin!
|c| Karxrida|Goblin riot!
|c|âElite Kneepads|why would i bring it in, it wins me the game once you stuff is weakened and kelfki is dead :0
|
|switch|p1a: Skarmory|Skarmory, M|293\/334
|-damage|p1a: Skarmory|252\/334|[from] Stealth Rock
|
|-heal|p2a: Landorus-Therian|141\/379|[from] item: Leftovers
|turn|28
|c|âTheMundane|I wanna test something herp
|c| thepack|The whole purpose of this was a 1v1...
|
|move|p2a: Landorus-Therian|U-turn|p1a: Skarmory
|-resisted|p1a: Skarmory
|-damage|p1a: Skarmory|242\/334
|c| thepack|Go into klef!
|
|switch|p2a: Heatran|Heatran, M|243\/323
|-damage|p2a: Heatran|203\/323|[from] Stealth Rock
|move|p1a: Skarmory|Defog|p2a: Heatran
|-unboost|p2a: Heatran|evasion|1
|-sideend|p2: TheMundane|Stealth Rock|[from] move: Defog|[of] p2a: Heatran
|-sideend|p1: Elite Kneepads|Spikes|[from] move: Defog|[of] p1a: Skarmory
|-sideend|p1: Elite Kneepads|Stealth Rock|[from] move: Defog|[of] p1a: Skarmory
|
|turn|29
|c| Karxrida|We shoudl have made that clearer when we started this
|c| darkpwns|yup
|c| Karxrida|But w\/e
|c|âElite Kneepads|oh lol
|c| darkpwns|this is just a battle xD, that is lasting a hell of a long time xD
|
|switch|p2a: Keldeo|Keldeo|220\/323
|switch|p1a: Heatran|Heatran, M|362\/386
|
|-heal|p1a: Heatran|386\/386|[from] item: Leftovers
|turn|30
|c| Karxrida|You switch out to Sableye, TheMundane switch out to Klefki on turn 30
|
|switch|p1a: Sylveon|Sylveon, F|355\/394
|move|p2a: Keldeo|Hydro Pump|p1a: Sylveon
|-damage|p1a: Sylveon|241\/394
|
|-heal|p1a: Sylveon|265\/394|[from] item: Leftovers
|turn|31
|c| Karxrida|31
|c| thepack|^
|c|âElite Kneepads|ok lets do this xD
|
|switch|p2a: Klefki|Klefki, M|318\/318
|switch|p1a: Sableye|Sableye, F|266\/304
|
|turn|32
|c| Karxrida|Just do it! It's for Science!
|
|detailschange|p1a: Sableye|Sableye-Mega, F
|-mega|p1a: Sableye|Sableye|Sablenite
|move|p2a: Klefki|Substitute|p2a: Klefki
|-start|p2a: Klefki|Substitute
|-damage|p2a: Klefki|239\/318
|move|p1a: Sableye|Will-O-Wisp|p2a: Klefki
|
|-heal|p2a: Klefki|258\/318|[from] item: Leftovers
|turn|33
|
|move|p2a: Klefki|Play Rough|p1a: Sableye
|-supereffective|p1a: Sableye
|-damage|p1a: Sableye|98\/304
|move|p1a: Sableye|Calm Mind|p1a: Sableye
|-boost|p1a: Sableye|spa|1
|-boost|p1a: Sableye|spd|1
|
|-heal|p2a: Klefki|277\/318|[from] item: Leftovers
|turn|34
|
|move|p2a: Klefki|Play Rough|p1a: Sableye
|-crit|p1a: Sableye
|-supereffective|p1a: Sableye
|-damage|p1a: Sableye|0 fnt
|faint|p1a: Sableye
|
|-heal|p2a: Klefki|296\/318|[from] item: Leftovers
|c| Karxrida|YES
|c|âElite Kneepads|nice lol
|c| thepack|lol. That was easy.
|c| Karxrida|What Sableye spread is that?
|-message|Elite Kneepads forfeited.
|
|win|TheMundane
|c|âTheMundane|Max def?
|c|âElite Kneepads|its max max