|join|Natsu Slayer
|join|TheMundane
|player|p1|Natsu Slayer|170
|player|p2|TheMundane|224
|gametype|singles
|gen|6
|tier|OU
|clearpoke
|poke|p1|Slowbro, F
|poke|p1|Breloom, M
|poke|p1|Magnezone
|poke|p1|Latias, F
|poke|p1|Landorus, M
|poke|p1|Chansey, F
|poke|p2|Azumarill, F
|poke|p2|Landorus-Therian, M
|poke|p2|Latias, F
|poke|p2|Chesnaught, M
|poke|p2|Heatran, F
|poke|p2|Metagross
|rule|Swagger Clause: Swagger is banned
|rule|Baton Pass Clause: Limit one PokÃ©mon knowing Baton Pass
|rule|Sleep Clause Mod: Limit one foe put to sleep
|rule|Species Clause: Limit one of each PokÃ©mon
|rule|OHKO Clause: OHKO moves are banned
|rule|Moody Clause: Moody is banned
|rule|Evasion Moves Clause: Evasion moves are banned
|rule|Endless Battle Clause: Forcing endless battles is banned
|rule|HP Percentage Mod: HP is shown in percentages
|teampreview
|join|Vrin
|c|âTheMundane|gl
|join|liz65146
|c|âNatsu Slayer|gl
|
|start
|switch|p1a: Breloom|Breloom, M|261\/261
|switch|p2a: Metagross|Metagross|301\/301
|turn|1
|c| Vrin|uh natsu, have u used that team before?
|
|detailschange|p2a: Metagross|Metagross-Mega
|-mega|p2a: Metagross|Metagross|Metagrossite
|move|p2a: Metagross|Bullet Punch|p1a: Breloom
|-damage|p1a: Breloom|140\/261
|move|p1a: Breloom|Spore|p2a: Metagross
|-status|p2a: Metagross|slp
|
|turn|2
|c| Vrin|i feel like i recognize it
|c|âNatsu Slayer|yes
|join|Goldenwolf98
|
|switch|p2a: Landorus-Therian|Landorus-Therian, M|379\/379
|-ability|p2a: Landorus-Therian|Intimidate|[of] p1a: Breloom
|-unboost|p1a: Breloom|atk|1
|switch|p1a: Landorus|Landorus, M|319\/319
|
|turn|3
|leave|Goldenwolf98
|
|switch|p2a: Azumarill|Azumarill, F|360\/360
|move|p1a: Landorus|Psychic|p2a: Azumarill
|-damage|p2a: Azumarill|169\/360
|-enditem|p2a: Azumarill|Sitrus Berry|[eat]
|-heal|p2a: Azumarill|259\/360|[from] item: Sitrus Berry
|
|turn|4
|
|switch|p2a: Latias|Latias, F|319\/319
|move|p1a: Landorus|Sludge Wave|p2a: Latias
|-damage|p2a: Latias|181\/319
|
|turn|5
|
|switch|p2a: Landorus-Therian|Landorus-Therian, M|379\/379
|-ability|p2a: Landorus-Therian|Intimidate|[of] p1a: Landorus
|-unboost|p1a: Landorus|atk|1
|switch|p1a: Magnezone|Magnezone|281\/281
|
|turn|6
|
|switch|p1a: Landorus|Landorus, M|319\/319
|move|p2a: Landorus-Therian|Stealth Rock|p1a: Landorus
|-sidestart|p1: Natsu Slayer|move: Stealth Rock
|
|turn|7
|
|move|p1a: Landorus|Psychic|p2a: Landorus-Therian
|-damage|p2a: Landorus-Therian|170\/379
|move|p2a: Landorus-Therian|U-turn|p1a: Landorus
|-resisted|p1a: Landorus
|-damage|p1a: Landorus|281\/319
|
|switch|p2a: Azumarill|Azumarill, F|259\/360
|
|turn|8
|
|switch|p1a: Magnezone|Magnezone|281\/281
|-damage|p1a: Magnezone|264\/281|[from] Stealth Rock
|move|p2a: Azumarill|Belly Drum|p2a: Azumarill
|-damage|p2a: Azumarill|79\/360
|-setboost|p2a: Azumarill|atk|6|[from] move: Belly Drum
|
|turn|9
|c|âNatsu Slayer|-.-
|c|âNatsu Slayer|ok
|leave|liz65146
|
|move|p2a: Azumarill|Aqua Jet|p1a: Magnezone
|-damage|p1a: Magnezone|0 fnt
|faint|p1a: Magnezone
|
|
|switch|p1a: Slowbro|Slowbro, F|394\/394
|-damage|p1a: Slowbro|345\/394|[from] Stealth Rock
|turn|10
|
|detailschange|p1a: Slowbro|Slowbro-Mega, F
|-mega|p1a: Slowbro|Slowbro|Slowbronite
|move|p2a: Azumarill|Play Rough|p1a: Slowbro
|-damage|p1a: Slowbro|0 fnt
|faint|p1a: Slowbro
|
|
|switch|p1a: Latias|Latias, F|319\/319
|-damage|p1a: Latias|280\/319|[from] Stealth Rock
|turn|11
|
|move|p2a: Azumarill|Aqua Jet|p1a: Latias
|-resisted|p1a: Latias
|-damage|p1a: Latias|97\/319
|move|p1a: Latias|Defog|p2a: Azumarill
|-unboost|p2a: Azumarill|evasion|1
|-sideend|p1: Natsu Slayer|Stealth Rock|[from] move: Defog|[of] p1a: Latias
|
|turn|12
|
|move|p2a: Azumarill|Aqua Jet|p1a: Latias
|-resisted|p1a: Latias
|-damage|p1a: Latias|0 fnt
|faint|p1a: Latias
|
|c| Vrin|defog
|
|switch|p1a: Breloom|Breloom, M|140\/261
|turn|13
|c| Vrin|the play to make vs +6 azu
|c|âNatsu Slayer|I can't hit him
|
|move|p1a: Breloom|Mach Punch|p2a: Azumarill
|-resisted|p2a: Azumarill
|-damage|p2a: Azumarill|13\/360
|move|p2a: Azumarill|Aqua Jet|p1a: Breloom
|-resisted|p1a: Breloom
|-damage|p1a: Breloom|0 fnt
|faint|p1a: Breloom
|
|c| Vrin|o lol
|c|âNatsu Slayer|I have nothing
|c|âNatsu Slayer|vs that
|join|Omegasization
|
|switch|p1a: Chansey|Chansey, F|642\/642
|turn|14
|c|âNatsu Slayer|0
|
|move|p2a: Azumarill|Play Rough|p1a: Chansey
|-damage|p1a: Chansey|0 fnt
|faint|p1a: Chansey
|
|c| Vrin|band ur breloom imo
|c|âTheMundane|gg
|c|âNatsu Slayer|it's sashed
|
|switch|p1a: Landorus|Landorus, M|281\/319
|turn|15
|
|move|p2a: Azumarill|Aqua Jet|p1a: Landorus
|-supereffective|p1a: Landorus
|-damage|p1a: Landorus|0 fnt
|faint|p1a: Landorus
|
|win|TheMundane
|c| Vrin|too bad