|join|Pokemon Black 1
|join|TheMundane
|player|p1|Pokemon Black 1|169
|player|p2|TheMundane|222
|gametype|singles
|gen|6
|tier|OU
|rated
|clearpoke
|poke|p1|Serperior, F
|poke|p1|Dugtrio, M
|poke|p1|Umbreon, M
|poke|p1|Keldeo
|poke|p1|Entei, shiny
|poke|p1|Scizor, F
|poke|p2|Metagross
|poke|p2|Landorus-Therian, M
|poke|p2|Heatran, M
|poke|p2|Latios, M
|poke|p2|Chesnaught, M
|poke|p2|Keldeo
|rule|Swagger Clause: Swagger is banned
|rule|Baton Pass Clause: Limit one PokÃ©mon knowing Baton Pass
|rule|Sleep Clause Mod: Limit one foe put to sleep
|rule|Species Clause: Limit one of each PokÃ©mon
|rule|OHKO Clause: OHKO moves are banned
|rule|Moody Clause: Moody is banned
|rule|Evasion Moves Clause: Evasion moves are banned
|rule|Endless Battle Clause: Forcing endless battles is banned
|rule|HP Percentage Mod: HP is shown in percentages
|teampreview
|
|start
|switch|p1a: Keldeo|Keldeo|323\/323
|switch|p2a: Landorus-Therian|Landorus-Therian, M|379\/379
|-ability|p2a: Landorus-Therian|Intimidate|[of] p1a: Keldeo
|-unboost|p1a: Keldeo|atk|1
|turn|1
|
|switch|p2a: Latios|Latios, M|301\/301
|move|p1a: Keldeo|Hydro Pump|p2a: Latios|[miss]
|-miss|p1a: Keldeo|p2a: Latios
|
|turn|2
|
|switch|p1a: Umbreon|Umbreon, M|394\/394
|move|p2a: Latios|Calm Mind|p2a: Latios
|-boost|p2a: Latios|spa|1
|-boost|p2a: Latios|spd|1
|
|turn|3
|
|move|p2a: Latios|Calm Mind|p2a: Latios
|-boost|p2a: Latios|spa|1
|-boost|p2a: Latios|spd|1
|move|p1a: Umbreon|Foul Play|p2a: Latios
|-supereffective|p2a: Latios
|-damage|p2a: Latios|83\/301
|
|turn|4
|
|move|p2a: Latios|Draco Meteor|p1a: Umbreon
|-damage|p1a: Umbreon|0 fnt
|-unboost|p2a: Latios|spa|2
|-damage|p2a: Latios|53\/301|[from] item: Life Orb
|faint|p1a: Umbreon
|
|
|switch|p1a: Serperior|Serperior, F|291\/291
|turn|5
|
|move|p1a: Serperior|Dragon Pulse|p2a: Latios
|-supereffective|p2a: Latios
|-damage|p2a: Latios|0 fnt
|faint|p2a: Latios
|
|
|switch|p2a: Landorus-Therian|Landorus-Therian, M|379\/379
|-ability|p2a: Landorus-Therian|Intimidate|[of] p1a: Serperior
|-boost|p1a: Serperior|atk|1
|turn|6
|
|move|p1a: Serperior|Leaf Storm|p2a: Landorus-Therian
|-damage|p2a: Landorus-Therian|199\/379
|-boost|p1a: Serperior|spa|2
|move|p2a: Landorus-Therian|Stealth Rock|p1a: Serperior
|-sidestart|p1: Pokemon Black 1|move: Stealth Rock
|
|-heal|p2a: Landorus-Therian|222\/379|[from] item: Leftovers
|turn|7
|
|switch|p2a: Heatran|Heatran, M|323\/323
|move|p1a: Serperior|Leaf Storm|p2a: Heatran
|-crit|p2a: Heatran
|-resisted|p2a: Heatran
|-damage|p2a: Heatran|202\/323
|-boost|p1a: Serperior|spa|2
|
|turn|8
|
|switch|p1a: Dugtrio|Dugtrio, M|211\/211
|-damage|p1a: Dugtrio|198\/211|[from] Stealth Rock
|move|p2a: Heatran|Lava Plume|p1a: Dugtrio
|-crit|p1a: Dugtrio
|-damage|p1a: Dugtrio|0 fnt
|faint|p1a: Dugtrio
|
|
|switch|p1a: Keldeo|Keldeo|323\/323
|-damage|p1a: Keldeo|303\/323|[from] Stealth Rock
|turn|9
|c|âPokemon Black 1|i hit cancel :(
|
|switch|p2a: Keldeo|Keldeo|323\/323
|move|p1a: Keldeo|Substitute|p1a: Keldeo
|-start|p1a: Keldeo|Substitute
|-damage|p1a: Keldeo|223\/323
|
|-heal|p1a: Keldeo|243\/323|[from] item: Leftovers
|turn|10
|
|move|p1a: Keldeo|Secret Sword|p2a: Keldeo
|-damage|p2a: Keldeo|164\/323
|move|p2a: Keldeo|Secret Sword|p1a: Keldeo
|-end|p1a: Keldeo|Substitute
|
|-heal|p1a: Keldeo|263\/323|[from] item: Leftovers
|-heal|p2a: Keldeo|184\/323|[from] item: Leftovers
|turn|11
|
|move|p2a: Keldeo|Secret Sword|p1a: Keldeo
|-damage|p1a: Keldeo|104\/323
|move|p1a: Keldeo|Secret Sword|p2a: Keldeo
|-damage|p2a: Keldeo|10\/323
|
|-heal|p1a: Keldeo|124\/323|[from] item: Leftovers
|-heal|p2a: Keldeo|30\/323|[from] item: Leftovers
|turn|12
|
|switch|p1a: Scizor|Scizor, F|343\/343
|-damage|p1a: Scizor|301\/343|[from] Stealth Rock
|move|p2a: Keldeo|Secret Sword|p1a: Scizor
|-damage|p1a: Scizor|187\/343
|
|-heal|p2a: Keldeo|50\/323|[from] item: Leftovers
|turn|13
|
|detailschange|p1a: Scizor|Scizor-Mega, F
|-mega|p1a: Scizor|Scizor|Scizorite
|move|p1a: Scizor|Bullet Punch|p2a: Keldeo
|-resisted|p2a: Keldeo
|-damage|p2a: Keldeo|0 fnt
|faint|p2a: Keldeo
|
|
|switch|p2a: Heatran|Heatran, M|202\/323
|turn|14
|
|move|p2a: Heatran|Lava Plume|p1a: Scizor
|-supereffective|p1a: Scizor
|-damage|p1a: Scizor|0 fnt
|faint|p1a: Scizor
|
|
|switch|p1a: Keldeo|Keldeo|124\/323
|-damage|p1a: Keldeo|104\/323|[from] Stealth Rock
|turn|15
|
|switch|p2a: Metagross|Metagross|301\/301
|move|p1a: Keldeo|Hydro Pump|p2a: Metagross|[miss]
|-miss|p1a: Keldeo|p2a: Metagross
|
|-heal|p1a: Keldeo|124\/323|[from] item: Leftovers
|turn|16
|c|âTheMundane|sorry
|
|detailschange|p2a: Metagross|Metagross-Mega
|-mega|p2a: Metagross|Metagross|Metagrossite
|move|p1a: Keldeo|Hydro Pump|p2a: Metagross|[miss]
|-miss|p1a: Keldeo|p2a: Metagross
|move|p2a: Metagross|Zen Headbutt|p1a: Keldeo
|-supereffective|p1a: Keldeo
|-damage|p1a: Keldeo|0 fnt
|faint|p1a: Keldeo
|
|c|âTheMundane|Ah
|c|âTheMundane|:[
|c|âPokemon Black 1|wow
|c|âPokemon Black 1|a bunch of bull crap
|c|âPokemon Black 1|gg
|
|switch|p1a: Entei|Entei, shiny|371\/371
|-damage|p1a: Entei|279\/371|[from] Stealth Rock
|-ability|p1a: Entei|Pressure
|turn|17
|c|âTheMundane|gg
|
|move|p2a: Metagross|Zen Headbutt|p1a: Entei
|-damage|p1a: Entei|53\/371
|move|p1a: Entei|Bulldoze|p2a: Metagross
|-supereffective|p2a: Metagross
|-damage|p2a: Metagross|141\/301
|-unboost|p2a: Metagross|spe|1
|
|turn|18
|
|move|p2a: Metagross|Bullet Punch|p1a: Entei
|-resisted|p1a: Entei
|-damage|p1a: Entei|0 fnt
|faint|p1a: Entei
|
|
|switch|p1a: Serperior|Serperior, F|291\/291
|-damage|p1a: Serperior|255\/291|[from] Stealth Rock
|turn|19
|
|move|p2a: Metagross|Bullet Punch|p1a: Serperior
|-damage|p1a: Serperior|147\/291
|move|p1a: Serperior|Hidden Power|p2a: Metagross
|-supereffective|p2a: Metagross
|-damage|p2a: Metagross|47\/301
|
|turn|20
|
|move|p2a: Metagross|Bullet Punch|p1a: Serperior
|-damage|p1a: Serperior|41\/291
|move|p1a: Serperior|Leaf Storm|p2a: Metagross
|-crit|p2a: Metagross
|-resisted|p2a: Metagross
|-damage|p2a: Metagross|0 fnt
|-boost|p1a: Serperior|spa|2
|faint|p2a: Metagross
|
|
|switch|p2a: Heatran|Heatran, M|202\/323
|turn|21
|c|âTheMundane|sorry bout hax, gg
|
|move|p2a: Heatran|Lava Plume|p1a: Serperior
|-supereffective|p1a: Serperior
|-damage|p1a: Serperior|0 fnt
|faint|p1a: Serperior
|
|win|TheMundane
|raw|Ladder updating...
|raw|Pokemon Black 1's rating: 1707 &rarr; <strong>1679<\/strong><br \/>(-28 for losing)
|raw|TheMundane's rating: 1564 &rarr; <strong>1592<\/strong><br \/>(+28 for winning)