|join|TheMundane
|join|Paul Gilbert
|player|p1|TheMundane|222
|player|p2|Paul Gilbert|267
|gametype|singles
|gen|6
|tier|OU
|rated
|clearpoke
|poke|p1|Metagross
|poke|p1|Landorus-Therian, M
|poke|p1|Heatran, M
|poke|p1|Latios, M
|poke|p1|Chesnaught, F
|poke|p1|Keldeo
|poke|p2|Scizor, F
|poke|p2|Talonflame, F
|poke|p2|Conkeldurr, F
|poke|p2|Sylveon, F
|poke|p2|Empoleon, F
|poke|p2|Landorus-Therian, M
|rule|Swagger Clause: Swagger is banned
|rule|Baton Pass Clause: Limit one PokÃ©mon knowing Baton Pass
|rule|Sleep Clause Mod: Limit one foe put to sleep
|rule|Species Clause: Limit one of each PokÃ©mon
|rule|OHKO Clause: OHKO moves are banned
|rule|Moody Clause: Moody is banned
|rule|Evasion Moves Clause: Evasion moves are banned
|rule|Endless Battle Clause: Forcing endless battles is banned
|rule|HP Percentage Mod: HP is shown in percentages
|teampreview
|join|Mistaken
|
|start
|switch|p1a: Latios|Latios, M|299\/299
|switch|p2a: Conkeldurr|Conkeldurr, F|353\/353
|turn|1
|c| Mistaken|If thats belly drum chesnaught
|c| Mistaken|...
|
|switch|p2a: Empoleon|Empoleon, F|371\/371
|move|p1a: Latios|Psyshock|p2a: Empoleon
|-resisted|p2a: Empoleon
|-damage|p2a: Empoleon|296\/371
|-damage|p1a: Latios|270\/299|[from] item: Life Orb
|
|-heal|p2a: Empoleon|319\/371|[from] item: Leftovers
|turn|2
|c|âPaul Gilbert|lol
|
|switch|p2a: Sylveon|Sylveon, F|393\/393
|move|p1a: Latios|Calm Mind|p1a: Latios
|-boost|p1a: Latios|spa|1
|-boost|p1a: Latios|spd|1
|
|turn|3
|c| Mistaken|they r too common
|
|move|p1a: Latios|Psyshock|p2a: Sylveon
|-damage|p2a: Sylveon|127\/393
|-damage|p1a: Latios|241\/299|[from] item: Life Orb
|move|p2a: Sylveon|Hyper Voice|p1a: Latios
|-supereffective|p1a: Latios
|-damage|p1a: Latios|53\/299
|
|-heal|p2a: Sylveon|151\/393|[from] item: Leftovers
|turn|4
|c|âPaul Gilbert|are you kidding me lol
|c|âPaul Gilbert|cm latios
|
|switch|p2a: Empoleon|Empoleon, F|319\/371
|move|p1a: Latios|Roost|p1a: Latios
|-heal|p1a: Latios|203\/299
|
|-heal|p2a: Empoleon|342\/371|[from] item: Leftovers
|turn|5
|
|move|p1a: Latios|Psyshock|p2a: Empoleon
|-resisted|p2a: Empoleon
|-damage|p2a: Empoleon|239\/371
|-damage|p1a: Latios|174\/299|[from] item: Life Orb
|move|p2a: Empoleon|Stealth Rock|p1a: Latios
|-sidestart|p1: TheMundane|move: Stealth Rock
|
|-heal|p2a: Empoleon|262\/371|[from] item: Leftovers
|turn|6
|
|move|p1a: Latios|Roost|p1a: Latios
|-heal|p1a: Latios|299\/299
|move|p2a: Empoleon|Roar|p1a: Latios
|drag|p1a: Landorus-Therian|Landorus-Therian, M|379\/379
|-damage|p1a: Landorus-Therian|332\/379|[from] Stealth Rock
|-ability|p1a: Landorus-Therian|Intimidate|[of] p2a: Empoleon
|-unboost|p2a: Empoleon|atk|1
|
|-heal|p1a: Landorus-Therian|355\/379|[from] item: Leftovers
|-heal|p2a: Empoleon|285\/371|[from] item: Leftovers
|turn|7
|
|move|p1a: Landorus-Therian|Stealth Rock|p2a: Empoleon
|-sidestart|p2: Paul Gilbert|move: Stealth Rock
|move|p2a: Empoleon|Scald|p1a: Landorus-Therian
|-supereffective|p1a: Landorus-Therian
|-damage|p1a: Landorus-Therian|101\/379
|
|-heal|p1a: Landorus-Therian|124\/379|[from] item: Leftovers
|-heal|p2a: Empoleon|308\/371|[from] item: Leftovers
|turn|8
|
|switch|p2a: Landorus-Therian|Landorus-Therian, M|327\/327
|-damage|p2a: Landorus-Therian|287\/327|[from] Stealth Rock
|-ability|p2a: Landorus-Therian|Intimidate|[of] p1a: Landorus-Therian
|-unboost|p1a: Landorus-Therian|atk|1
|move|p1a: Landorus-Therian|Earthquake|p2a: Landorus-Therian
|-immune|p2a: Landorus-Therian|[msg]
|
|-heal|p1a: Landorus-Therian|147\/379|[from] item: Leftovers
|turn|9
|
|switch|p1a: Keldeo|Keldeo|323\/323
|-damage|p1a: Keldeo|303\/323|[from] Stealth Rock
|move|p2a: Landorus-Therian|U-turn|p1a: Keldeo
|-resisted|p1a: Keldeo
|-damage|p1a: Keldeo|255\/323
|
|switch|p2a: Conkeldurr|Conkeldurr, F|353\/353
|-damage|p2a: Conkeldurr|331\/353|[from] Stealth Rock
|
|-heal|p1a: Keldeo|275\/323|[from] item: Leftovers
|turn|10
|
|move|p1a: Keldeo|Calm Mind|p1a: Keldeo
|-boost|p1a: Keldeo|spa|1
|-boost|p1a: Keldeo|spd|1
|move|p2a: Conkeldurr|Ice Punch|p1a: Keldeo
|-resisted|p1a: Keldeo
|-damage|p1a: Keldeo|215\/323
|
|-heal|p1a: Keldeo|235\/323|[from] item: Leftovers
|turn|11
|
|move|p1a: Keldeo|Secret Sword|p2a: Conkeldurr
|-damage|p2a: Conkeldurr|84\/353
|move|p2a: Conkeldurr|Drain Punch|p1a: Keldeo
|-damage|p1a: Keldeo|79\/323
|-heal|p2a: Conkeldurr|162\/353|[from] drain|[of] p1a: Keldeo
|
|-heal|p1a: Keldeo|99\/323|[from] item: Leftovers
|turn|12
|
|move|p2a: Conkeldurr|Mach Punch|p1a: Keldeo
|-damage|p1a: Keldeo|9\/323
|move|p1a: Keldeo|Secret Sword|p2a: Conkeldurr
|-damage|p2a: Conkeldurr|0 fnt
|faint|p2a: Conkeldurr
|
|-heal|p1a: Keldeo|29\/323|[from] item: Leftovers
|c|âPaul Gilbert|...
|
|switch|p2a: Landorus-Therian|Landorus-Therian, M|287\/327
|-damage|p2a: Landorus-Therian|247\/327|[from] Stealth Rock
|-ability|p2a: Landorus-Therian|Intimidate|[of] p1a: Keldeo
|-unboost|p1a: Keldeo|atk|1
|turn|13
|c|âPaul Gilbert|Ban rolls
|
|move|p2a: Landorus-Therian|U-turn|p1a: Keldeo
|-resisted|p1a: Keldeo
|-damage|p1a: Keldeo|0 fnt
|faint|p1a: Keldeo
|
|switch|p2a: Talonflame|Talonflame, F|359\/359
|-damage|p2a: Talonflame|180\/359|[from] Stealth Rock
|
|-heal|p2a: Talonflame|202\/359|[from] item: Leftovers
|
|switch|p1a: Heatran|Heatran, M|323\/323
|-damage|p1a: Heatran|283\/323|[from] Stealth Rock
|turn|14
|
|move|p1a: Heatran|Stone Edge|p2a: Talonflame
|-supereffective|p2a: Talonflame
|-damage|p2a: Talonflame|0 fnt
|faint|p2a: Talonflame
|
|c|âPaul Gilbert|WHAT
|c|âTheMundane|:]
|join|Ox the Box
|join|Risky Chance
|
|switch|p2a: Empoleon|Empoleon, F|308\/371
|-damage|p2a: Empoleon|285\/371|[from] Stealth Rock
|turn|15
|
|switch|p1a: Latios|Latios, M|299\/299
|-damage|p1a: Latios|262\/299|[from] Stealth Rock
|move|p2a: Empoleon|Scald|p1a: Latios
|-resisted|p1a: Latios
|-damage|p1a: Latios|213\/299
|-status|p1a: Latios|brn
|
|-heal|p2a: Empoleon|308\/371|[from] item: Leftovers
|-damage|p1a: Latios|176\/299 brn|[from] brn
|turn|16
|leave|Risky Chance
|
|move|p1a: Latios|Roost|p1a: Latios
|-heal|p1a: Latios|299\/299 brn
|move|p2a: Empoleon|Defog|p1a: Latios
|-unboost|p1a: Latios|evasion|1
|-sideend|p1: TheMundane|Stealth Rock|[from] move: Defog|[of] p1a: Latios
|-sideend|p2: Paul Gilbert|Stealth Rock|[from] move: Defog|[of] p2a: Empoleon
|
|-heal|p2a: Empoleon|331\/371|[from] item: Leftovers
|-damage|p1a: Latios|262\/299 brn|[from] brn
|turn|17
|
|move|p1a: Latios|Calm Mind|p1a: Latios
|-boost|p1a: Latios|spa|1
|-boost|p1a: Latios|spd|1
|move|p2a: Empoleon|Stealth Rock|p1a: Latios
|-sidestart|p1: TheMundane|move: Stealth Rock
|
|-heal|p2a: Empoleon|354\/371|[from] item: Leftovers
|-damage|p1a: Latios|225\/299 brn|[from] brn
|turn|18
|leave|Ox the Box
|
|move|p1a: Latios|Psyshock|p2a: Empoleon
|-resisted|p2a: Empoleon
|-damage|p2a: Empoleon|244\/371
|-damage|p1a: Latios|196\/299 brn|[from] item: Life Orb
|move|p2a: Empoleon|Roar|p1a: Latios
|drag|p1a: Metagross|Metagross|301\/301
|-damage|p1a: Metagross|283\/301|[from] Stealth Rock
|
|-heal|p2a: Empoleon|267\/371|[from] item: Leftovers
|turn|19
|
|switch|p2a: Landorus-Therian|Landorus-Therian, M|247\/327
|-ability|p2a: Landorus-Therian|Intimidate|[of] p1a: Metagross
|-fail|p1a: Metagross|unboost|[from] ability: Clear Body|[of] p1a: Metagross
|detailschange|p1a: Metagross|Metagross-Mega
|-mega|p1a: Metagross|Metagross|Metagrossite
|move|p1a: Metagross|Hammer Arm|p2a: Landorus-Therian
|-resisted|p2a: Landorus-Therian
|-damage|p2a: Landorus-Therian|154\/327
|-unboost|p1a: Metagross|spe|1
|
|turn|20
|
|move|p2a: Landorus-Therian|U-turn|p1a: Metagross
|-damage|p1a: Metagross|220\/301
|
|switch|p2a: Empoleon|Empoleon, F|267\/371
|move|p1a: Metagross|Hammer Arm|p2a: Empoleon
|-supereffective|p2a: Empoleon
|-damage|p2a: Empoleon|0 fnt
|-unboost|p1a: Metagross|spe|1
|faint|p2a: Empoleon
|
|
|switch|p2a: Scizor|Scizor, F|309\/309
|turn|21
|
|switch|p1a: Latios|Latios, M|196\/299 brn
|-damage|p1a: Latios|159\/299 brn|[from] Stealth Rock
|detailschange|p2a: Scizor|Scizor-Mega, F
|-mega|p2a: Scizor|Scizor|Scizorite
|move|p2a: Scizor|Superpower|p1a: Latios
|-resisted|p1a: Latios
|-damage|p1a: Latios|54\/299 brn
|-unboost|p2a: Scizor|atk|1
|-unboost|p2a: Scizor|def|1
|
|-damage|p1a: Latios|17\/299 brn|[from] brn
|turn|22
|
|move|p2a: Scizor|Bullet Punch|p1a: Latios
|-damage|p1a: Latios|0 fnt
|faint|p1a: Latios
|
|
|switch|p1a: Heatran|Heatran, M|283\/323
|-damage|p1a: Heatran|243\/323|[from] Stealth Rock
|turn|23
|
|switch|p2a: Sylveon|Sylveon, F|151\/393
|move|p1a: Heatran|Lava Plume|p2a: Sylveon
|-damage|p2a: Sylveon|34\/393
|
|-heal|p2a: Sylveon|58\/393|[from] item: Leftovers
|turn|24
|
|move|p2a: Sylveon|Protect|p2a: Sylveon
|-singleturn|p2a: Sylveon|Protect
|move|p1a: Heatran|Lava Plume|p2a: Sylveon
|-activate|p2a: Sylveon|Protect
|
|-heal|p2a: Sylveon|82\/393|[from] item: Leftovers
|turn|25
|
|move|p2a: Sylveon|Protect|p2a: Sylveon
|-fail|p2a: Sylveon
|move|p1a: Heatran|Lava Plume|p2a: Sylveon
|-crit|p2a: Sylveon
|-damage|p2a: Sylveon|0 fnt
|faint|p2a: Sylveon
|
|
|switch|p2a: Landorus-Therian|Landorus-Therian, M|154\/327
|-ability|p2a: Landorus-Therian|Intimidate|[of] p1a: Heatran
|-unboost|p1a: Heatran|atk|1
|turn|26
|
|switch|p1a: Chesnaught|Chesnaught, F|320\/320
|-damage|p1a: Chesnaught|300\/320|[from] Stealth Rock
|move|p2a: Landorus-Therian|U-turn|p1a: Chesnaught
|-damage|p1a: Chesnaught|219\/320
|
|switch|p2a: Scizor|Scizor-Mega, F|309\/309
|
|turn|27
|
|move|p1a: Chesnaught|Drain Punch|p2a: Scizor
|-damage|p2a: Scizor|227\/309
|-heal|p1a: Chesnaught|260\/320|[from] drain|[of] p2a: Scizor
|move|p2a: Scizor|Swords Dance|p2a: Scizor
|-boost|p2a: Scizor|atk|2
|
|turn|28
|
|move|p1a: Chesnaught|Drain Punch|p2a: Scizor
|-damage|p2a: Scizor|133\/309
|-heal|p1a: Chesnaught|307\/320|[from] drain|[of] p2a: Scizor
|move|p2a: Scizor|Superpower|p1a: Chesnaught
|-damage|p1a: Chesnaught|0 fnt
|-unboost|p2a: Scizor|atk|1
|-unboost|p2a: Scizor|def|1
|faint|p1a: Chesnaught
|
|
|switch|p1a: Heatran|Heatran, M|243\/323
|-damage|p1a: Heatran|203\/323|[from] Stealth Rock
|turn|29
|
|switch|p2a: Landorus-Therian|Landorus-Therian, M|154\/327
|-ability|p2a: Landorus-Therian|Intimidate|[of] p1a: Heatran
|-unboost|p1a: Heatran|atk|1
|move|p1a: Heatran|Lava Plume|p2a: Landorus-Therian
|-damage|p2a: Landorus-Therian|0 fnt
|faint|p2a: Landorus-Therian
|
|-message|Paul Gilbert forfeited.
|
|win|TheMundane
|raw|Ladder updating...
|c|âTheMundane|gg
|raw|TheMundane's rating: 1611 &rarr; <strong>1633<\/strong><br \/>(+22 for winning)
|raw|Paul Gilbert's rating: 1633 &rarr; <strong>1612<\/strong><br \/>(-21 for losing)