|join|TheMundane
|join|celery27
|join|Villager B
|player|p1|TheMundane|222
|player|p2|celery27|1
|gametype|singles
|gen|6
|tier|OU (suspect test)
|clearpoke
|poke|p1|Lopunny, F
|poke|p1|Latias, F
|poke|p1|Conkeldurr, F
|poke|p1|Ferrothorn, M
|poke|p1|Heatran, F
|poke|p1|Landorus-Therian, M
|poke|p2|Celebi
|poke|p2|Keldeo
|poke|p2|Bisharp, M
|poke|p2|Manectric, F
|poke|p2|Landorus-Therian, M
|poke|p2|Latios, M
|rule|Swagger Clause: Swagger is banned
|rule|Baton Pass Clause: Limit one PokÃ©mon knowing Baton Pass
|rule|Sleep Clause Mod: Limit one foe put to sleep
|rule|Species Clause: Limit one of each PokÃ©mon
|rule|OHKO Clause: OHKO moves are banned
|rule|Moody Clause: Moody is banned
|rule|Evasion Moves Clause: Evasion moves are banned
|rule|Endless Battle Clause: Forcing endless battles is banned
|rule|HP Percentage Mod: HP is shown in percentages
|teampreview
|join|Reverend
|join|My GF Likes Anal
|join|Frickett
|join|rhtrjwr
|c|âTheMundane|glhf
|join|Aegnir
|join|BibarelThump
|c|âcelery27|u2
|leave|Aegnir
|
|start
|switch|p1a: Conkeldurr|Conkeldurr, F|351\/351
|switch|p2a: Landorus-Therian|Landorus-Therian, M|381\/381
|-ability|p2a: Landorus-Therian|Intimidate|[of] p1a: Conkeldurr
|-unboost|p1a: Conkeldurr|atk|1
|turn|1
|join|Rooo
|
|move|p2a: Landorus-Therian|Earthquake|p1a: Conkeldurr
|-damage|p1a: Conkeldurr|179\/351
|move|p1a: Conkeldurr|Knock Off|p2a: Landorus-Therian
|-damage|p2a: Landorus-Therian|304\/381
|-enditem|p2a: Landorus-Therian|Leftovers|[from] move: Knock Off|[of] p1a: Conkeldurr
|
|turn|2
|leave|Rooo
|
|move|p2a: Landorus-Therian|Stealth Rock|p1a: Conkeldurr
|-sidestart|p1: TheMundane|move: Stealth Rock
|move|p1a: Conkeldurr|Ice Punch|p2a: Landorus-Therian
|-supereffective|p2a: Landorus-Therian
|-damage|p2a: Landorus-Therian|60\/381
|
|turn|3
|join|Panure
|
|switch|p1a: Landorus-Therian|Landorus-Therian, M|381\/381
|-damage|p1a: Landorus-Therian|334\/381|[from] Stealth Rock
|-ability|p1a: Landorus-Therian|Intimidate|[of] p2a: Landorus-Therian
|-unboost|p2a: Landorus-Therian|atk|1
|move|p2a: Landorus-Therian|Earthquake|p1a: Landorus-Therian
|-immune|p1a: Landorus-Therian|[msg]
|
|-heal|p1a: Landorus-Therian|357\/381|[from] item: Leftovers
|turn|4
|
|move|p1a: Landorus-Therian|Stealth Rock|p2a: Landorus-Therian
|-sidestart|p2: celery27|move: Stealth Rock
|move|p2a: Landorus-Therian|U-turn|p1a: Landorus-Therian
|-resisted|p1a: Landorus-Therian
|-damage|p1a: Landorus-Therian|335\/381
|
|switch|p2a: Latios|Latios, M|302\/302
|-damage|p2a: Latios|265\/302|[from] Stealth Rock
|
|-heal|p1a: Landorus-Therian|358\/381|[from] item: Leftovers
|turn|5
|
|switch|p1a: Ferrothorn|Ferrothorn, M|352\/352
|-damage|p1a: Ferrothorn|330\/352|[from] Stealth Rock
|move|p2a: Latios|Surf|p1a: Ferrothorn
|-resisted|p1a: Ferrothorn
|-damage|p1a: Ferrothorn|277\/352
|-damage|p2a: Latios|235\/302|[from] item: Life Orb
|
|-heal|p1a: Ferrothorn|299\/352|[from] item: Leftovers
|turn|6
|
|switch|p2a: Celebi|Celebi|403\/403
|-damage|p2a: Celebi|353\/403|[from] Stealth Rock
|move|p1a: Ferrothorn|Gyro Ball|p2a: Celebi
|-damage|p2a: Celebi|193\/403
|
|-heal|p2a: Celebi|218\/403|[from] item: Leftovers
|-heal|p1a: Ferrothorn|321\/352|[from] item: Leftovers
|turn|7
|
|move|p2a: Celebi|Recover|p2a: Celebi
|-heal|p2a: Celebi|403\/403
|move|p1a: Ferrothorn|Spikes|p2a: Celebi
|-sidestart|p2: celery27|Spikes
|
|-heal|p1a: Ferrothorn|343\/352|[from] item: Leftovers
|turn|8
|
|switch|p1a: Lopunny|Lopunny, F|271\/271
|-damage|p1a: Lopunny|238\/271|[from] Stealth Rock
|move|p2a: Celebi|Nasty Plot|p2a: Celebi
|-boost|p2a: Celebi|spa|2
|
|turn|9
|
|detailschange|p1a: Lopunny|Lopunny-Mega, F
|-mega|p1a: Lopunny|Lopunny|Lopunnite
|move|p1a: Lopunny|Encore|p2a: Celebi
|-start|p2a: Celebi|Encore
|move|p2a: Celebi|Nasty Plot|p2a: Celebi
|-boost|p2a: Celebi|spa|2
|
|turn|10
|c| BibarelThump|lopunny is inside
|c| Reverend|destroyed
|
|switch|p2a: Landorus-Therian|Landorus-Therian, M|60\/381
|-damage|p2a: Landorus-Therian|13\/381|[from] Stealth Rock
|-ability|p2a: Landorus-Therian|Intimidate|[of] p1a: Lopunny
|-unboost|p1a: Lopunny|atk|1
|move|p1a: Lopunny|Power-Up Punch|p2a: Landorus-Therian
|-resisted|p2a: Landorus-Therian
|-damage|p2a: Landorus-Therian|0 fnt
|-boost|p1a: Lopunny|atk|1
|faint|p2a: Landorus-Therian
|
|c| BibarelThump|lopunny is still very much inside
|c| Reverend|destroyed x 2
|
|switch|p2a: Keldeo|Keldeo|324\/324
|-damage|p2a: Keldeo|304\/324|[from] Stealth Rock
|-damage|p2a: Keldeo|264\/324|[from] Spikes
|turn|11
|
|switch|p2a: Bisharp|Bisharp, M|272\/272
|-damage|p2a: Bisharp|255\/272|[from] Stealth Rock
|-damage|p2a: Bisharp|221\/272|[from] Spikes
|switch|p1a: Latias|Latias, F|301\/301
|-damage|p1a: Latias|264\/301|[from] Stealth Rock
|
|turn|12
|c| BibarelThump|too bad mundane's team is hella weak to keldeo
|c|âTheMundane|Yeah
|
|move|p1a: Latias|Healing Wish|p1a: Latias
|faint|p1a: Latias
|move|p2a: Bisharp|Knock Off|p1: Latias|[notarget]
|-notarget
|
|c| BibarelThump|conk bout to
|
|switch|p1a: Conkeldurr|Conkeldurr, F|179\/351
|-heal|p1a: Conkeldurr|351\/351|[from] move: Healing Wish
|-damage|p1a: Conkeldurr|330\/351|[from] Stealth Rock
|turn|13
|c| BibarelThump|hit em with the yopper
|c| BibarelThump|psycho cut crit,let's go bish
|
|switch|p2a: Celebi|Celebi|403\/403
|-damage|p2a: Celebi|353\/403|[from] Spikes
|-damage|p2a: Celebi|303\/403|[from] Stealth Rock
|move|p1a: Conkeldurr|Knock Off|p2a: Celebi
|-supereffective|p2a: Celebi
|-damage|p2a: Celebi|57\/403
|-enditem|p2a: Celebi|Leftovers|[from] move: Knock Off|[of] p1a: Conkeldurr
|
|turn|14
|
|switch|p1a: Lopunny|Lopunny-Mega, F|238\/271
|-damage|p1a: Lopunny|222\/271|[from] Stealth Rock
|move|p2a: Celebi|Recover|p2a: Celebi
|-heal|p2a: Celebi|259\/403
|
|turn|15
|
|switch|p2a: Keldeo|Keldeo|264\/324
|-damage|p2a: Keldeo|244\/324|[from] Stealth Rock
|-damage|p2a: Keldeo|204\/324|[from] Spikes
|move|p1a: Lopunny|Power-Up Punch|p2a: Keldeo
|-crit|p2a: Keldeo
|-damage|p2a: Keldeo|87\/324
|-boost|p1a: Lopunny|atk|1
|
|turn|16
|leave|rhtrjwr
|c| Reverend|sick return
|
|switch|p1a: Landorus-Therian|Landorus-Therian, M|358\/381
|-damage|p1a: Landorus-Therian|311\/381|[from] Stealth Rock
|-ability|p1a: Landorus-Therian|Intimidate|[of] p2a: Keldeo
|-unboost|p2a: Keldeo|atk|1
|move|p2a: Keldeo|Secret Sword|p1a: Landorus-Therian
|-resisted|p1a: Landorus-Therian
|-damage|p1a: Landorus-Therian|243\/381
|
|-heal|p1a: Landorus-Therian|266\/381|[from] item: Leftovers
|turn|17
|c|âTheMundane|Scarf
|
|move|p2a: Keldeo|Secret Sword|p1a: Landorus-Therian
|-resisted|p1a: Landorus-Therian
|-damage|p1a: Landorus-Therian|197\/381
|move|p1a: Landorus-Therian|U-turn|p2a: Keldeo
|-crit|p2a: Keldeo
|-resisted|p2a: Keldeo
|-damage|p2a: Keldeo|26\/324
|c| BibarelThump|it was obvious when it switched out first ages ago
|c| Reverend|get more crits, nerd
|
|switch|p1a: Conkeldurr|Conkeldurr, F|330\/351
|-damage|p1a: Conkeldurr|309\/351|[from] Stealth Rock
|
|turn|18
|
|switch|p2a: Celebi|Celebi|259\/403
|-damage|p2a: Celebi|209\/403|[from] Spikes
|-damage|p2a: Celebi|159\/403|[from] Stealth Rock
|move|p1a: Conkeldurr|Knock Off|p2a: Celebi
|-supereffective|p2a: Celebi
|-damage|p2a: Celebi|0 fnt
|faint|p2a: Celebi
|
|
|switch|p2a: Latios|Latios, M|235\/302
|-damage|p2a: Latios|198\/302|[from] Stealth Rock
|turn|19
|
|switch|p1a: Heatran|Heatran, F|323\/323
|-damage|p1a: Heatran|283\/323|[from] Stealth Rock
|move|p2a: Latios|Psyshock|p1a: Heatran
|-resisted|p1a: Heatran
|-damage|p1a: Heatran|188\/323
|-damage|p2a: Latios|168\/302|[from] item: Life Orb
|
|turn|20
|
|switch|p2a: Bisharp|Bisharp, M|221\/272
|-damage|p2a: Bisharp|187\/272|[from] Spikes
|-damage|p2a: Bisharp|170\/272|[from] Stealth Rock
|move|p1a: Heatran|Flash Cannon|p2a: Bisharp
|-resisted|p2a: Bisharp
|-damage|p2a: Bisharp|76\/272
|-unboost|p2a: Bisharp|spd|1
|-boost|p2a: Bisharp|atk|2|[from] ability: Defiant
|
|turn|21
|c| BibarelThump|oh man is this the scarf???
|c|âTheMundane|Omg
|join|tennis479
|
|switch|p1a: Ferrothorn|Ferrothorn, M|343\/352
|-damage|p1a: Ferrothorn|321\/352|[from] Stealth Rock
|move|p2a: Bisharp|Iron Head|p1a: Ferrothorn
|-resisted|p1a: Ferrothorn
|-damage|p1a: Ferrothorn|227\/352
|-damage|p2a: Bisharp|42\/272|[from] ability: Iron Barbs|[of] p1a: Ferrothorn
|
|-heal|p1a: Ferrothorn|249\/352|[from] item: Leftovers
|turn|22
|c| Reverend|lmao
|c| BibarelThump|bisharp sets up on ferro soeasily, but I guess not this time
|
|move|p2a: Bisharp|Knock Off|p1a: Ferrothorn
|-damage|p1a: Ferrothorn|0 fnt
|-damage|p2a: Bisharp|8\/272|[from] ability: Iron Barbs|[of] p1a: Ferrothorn
|-enditem|p1a: Ferrothorn|Leftovers|[from] move: Knock Off|[of] p2a: Bisharp
|faint|p1a: Ferrothorn
|
|
|switch|p1a: Lopunny|Lopunny-Mega, F|222\/271
|-damage|p1a: Lopunny|206\/271|[from] Stealth Rock
|turn|23
|
|move|p2a: Bisharp|Sucker Punch|p1a: Lopunny
|-fail|p1a: Lopunny
|move|p1a: Lopunny|Encore|p2a: Bisharp
|-start|p2a: Bisharp|Encore
|
|turn|24
|c| BibarelThump|heheheheheh sub
|
|move|p2a: Bisharp|Sucker Punch|p1a: Lopunny
|-fail|p1a: Lopunny
|move|p1a: Lopunny|Encore|p2a: Bisharp
|-fail|p2a: Bisharp
|
|turn|25
|c| BibarelThump|oo
|c| BibarelThump|reveal quick attack fren
|c|âTheMundane|Not worth it
|c|âTheMundane|lol
|
|move|p2a: Bisharp|Sucker Punch|p1a: Lopunny
|-resisted|p1a: Lopunny
|-damage|p1a: Lopunny|29\/271
|move|p1a: Lopunny|Power-Up Punch|p2a: Bisharp
|-supereffective|p2a: Bisharp
|-damage|p2a: Bisharp|0 fnt
|-boost|p1a: Lopunny|atk|1
|faint|p2a: Bisharp
|
|c|âTheMundane|Keld dies to hazr ads
|c|âTheMundane|Hazards*
|
|switch|p2a: Manectric|Manectric, F|282\/282
|-damage|p2a: Manectric|247\/282|[from] Stealth Rock
|-damage|p2a: Manectric|212\/282|[from] Spikes
|turn|26
|c| BibarelThump|he ain't protect manec
|
|detailschange|p2a: Manectric|Manectric-Mega, F
|-mega|p2a: Manectric|Manectric|Manectite
|-ability|p2a: Manectric|Intimidate|[of] p1a: Lopunny
|-unboost|p1a: Lopunny|atk|1
|move|p1a: Lopunny|High Jump Kick|p2a: Manectric
|-damage|p2a: Manectric|0 fnt
|faint|p2a: Manectric
|
|c|âTheMundane|nice
|leave|Panure
|
|switch|p2a: Latios|Latios, M|168\/302
|-damage|p2a: Latios|131\/302|[from] Stealth Rock
|turn|27
|
|move|p1a: Lopunny|Frustration|p2a: Latios
|-damage|p2a: Latios|0 fnt
|faint|p2a: Latios
|
|c|âTheMundane|gg celery :]
|leave|BibarelThump
|c|âcelery27|gg
|
|switch|p2a: Keldeo|Keldeo|26\/324
|-damage|p2a: Keldeo|0 fnt|[from] Spikes
|faint|p2a: Keldeo
|
|win|TheMundane
|leave|celery27