|join|TheMundane
|join|SunnySuspect
|player|p1|TheMundane|222
|player|p2|SunnySuspect|169
|gametype|singles
|gen|6
|tier|OU (suspect test)
|clearpoke
|poke|p1|Gardevoir, M
|poke|p1|Ferrothorn, F
|poke|p1|Latias, F
|poke|p1|Heracross, F
|poke|p1|Slowbro, F
|poke|p1|Landorus-Therian, M
|poke|p2|Gardevoir, M
|poke|p2|Scizor, M
|poke|p2|Sylveon, F
|poke|p2|Latios, M
|poke|p2|Landorus-Therian, M
|poke|p2|Rotom-Wash
|rule|Swagger Clause: Swagger is banned
|rule|Baton Pass Clause: Limit one PokÃ©mon knowing Baton Pass
|rule|Sleep Clause Mod: Limit one foe put to sleep
|rule|Species Clause: Limit one of each PokÃ©mon
|rule|OHKO Clause: OHKO moves are banned
|rule|Moody Clause: Moody is banned
|rule|Evasion Moves Clause: Evasion moves are banned
|rule|Endless Battle Clause: Forcing endless battles is banned
|rule|HP Percentage Mod: HP is shown in percentages
|teampreview
|c|âTheMundane|gl
|join|Reverend
|c|âSunnySuspect|gl
|
|start
|switch|p1a: Gardevoir|Gardevoir, M|277\/277
|switch|p2a: Landorus-Therian|Landorus-Therian, M|369\/369
|-ability|p1a: Gardevoir|Intimidate|[from] ability: Trace|[of] p2a: Landorus-Therian
|-ability|p1a: Gardevoir|Intimidate|[of] p2a: Landorus-Therian
|-unboost|p2a: Landorus-Therian|atk|1
|-ability|p2a: Landorus-Therian|Intimidate|[of] p1a: Gardevoir
|-unboost|p1a: Gardevoir|atk|1
|turn|1
|join|Rooo
|
|switch|p2a: Scizor|Scizor, M|343\/343
|detailschange|p1a: Gardevoir|Gardevoir-Mega, M
|-mega|p1a: Gardevoir|Gardevoir|Gardevoirite
|move|p1a: Gardevoir|Hyper Voice|p2a: Scizor
|-resisted|p2a: Scizor
|-damage|p2a: Scizor|178\/343
|
|turn|2
|
|move|p1a: Gardevoir|Focus Blast|p2a: Scizor
|-damage|p2a: Scizor|0 fnt
|faint|p2a: Scizor
|
|c|âSunnySuspect|....
|c|âSunnySuspect|fuck cancel
|leave|Reverend
|join|Reverend
|
|switch|p2a: Sylveon|Sylveon, F|360\/360
|turn|3
|
|move|p1a: Gardevoir|Calm Mind|p1a: Gardevoir
|-boost|p1a: Gardevoir|spa|1
|-boost|p1a: Gardevoir|spd|1
|move|p2a: Sylveon|Hyper Voice|p1a: Gardevoir
|-damage|p1a: Gardevoir|112\/277
|
|turn|4
|
|move|p1a: Gardevoir|Psyshock|p2a: Sylveon
|-damage|p2a: Sylveon|0 fnt
|faint|p2a: Sylveon
|
|c|âSunnySuspect|gg
|
|switch|p2a: Latios|Latios, M|301\/301
|turn|5
|c|âTheMundane|gg
|
|switch|p1a: Ferrothorn|Ferrothorn, F|352\/352
|move|p2a: Latios|Psyshock|p1a: Ferrothorn
|-resisted|p1a: Ferrothorn
|-damage|p1a: Ferrothorn|284\/352
|-damage|p2a: Latios|271\/301|[from] item: Life Orb
|
|-heal|p1a: Ferrothorn|306\/352|[from] item: Leftovers
|turn|6
|
|switch|p2a: Gardevoir|Gardevoir, M|277\/277
|-ability|p2a: Gardevoir|Iron Barbs|[from] ability: Trace|[of] p1a: Ferrothorn
|switch|p1a: Latias|Latias, F|301\/301
|
|turn|7
|join|rhtrjwr
|
|detailschange|p2a: Gardevoir|Gardevoir-Mega, M
|-mega|p2a: Gardevoir|Gardevoir|Gardevoirite
|move|p1a: Latias|Healing Wish|p1a: Latias
|faint|p1a: Latias
|move|p2a: Gardevoir|Hyper Voice|p1: Latias|[notarget]
|-notarget
|
|
|switch|p1a: Gardevoir|Gardevoir-Mega, M|112\/277
|-heal|p1a: Gardevoir|277\/277|[from] move: Healing Wish
|turn|8
|
|switch|p1a: Ferrothorn|Ferrothorn, F|306\/352
|move|p2a: Gardevoir|Hyper Voice|p1a: Ferrothorn
|-resisted|p1a: Ferrothorn
|-damage|p1a: Ferrothorn|203\/352
|
|-heal|p1a: Ferrothorn|225\/352|[from] item: Leftovers
|turn|9
|
|switch|p1a: Landorus-Therian|Landorus-Therian, M|319\/319
|-ability|p1a: Landorus-Therian|Intimidate|[of] p2a: Gardevoir
|-unboost|p2a: Gardevoir|atk|1
|move|p2a: Gardevoir|Focus Blast|p1a: Landorus-Therian
|-resisted|p1a: Landorus-Therian
|-damage|p1a: Landorus-Therian|211\/319
|
|turn|10
|
|move|p1a: Landorus-Therian|U-turn|p2a: Gardevoir
|-damage|p2a: Gardevoir|148\/277
|
|switch|p1a: Ferrothorn|Ferrothorn, F|225\/352
|move|p2a: Gardevoir|Hyper Voice|p1a: Ferrothorn
|-resisted|p1a: Ferrothorn
|-damage|p1a: Ferrothorn|117\/352
|
|-heal|p1a: Ferrothorn|139\/352|[from] item: Leftovers
|turn|11
|
|move|p2a: Gardevoir|Focus Blast|p1a: Ferrothorn
|-supereffective|p1a: Ferrothorn
|-damage|p1a: Ferrothorn|0 fnt
|faint|p1a: Ferrothorn
|
|
|switch|p1a: Landorus-Therian|Landorus-Therian, M|211\/319
|-ability|p1a: Landorus-Therian|Intimidate|[of] p2a: Gardevoir
|-unboost|p2a: Gardevoir|atk|1
|turn|12
|leave|Rooo
|
|switch|p2a: Landorus-Therian|Landorus-Therian, M|369\/369
|-ability|p2a: Landorus-Therian|Intimidate|[of] p1a: Landorus-Therian
|-unboost|p1a: Landorus-Therian|atk|1
|move|p1a: Landorus-Therian|U-turn|p2a: Landorus-Therian
|-resisted|p2a: Landorus-Therian
|-damage|p2a: Landorus-Therian|346\/369
|-damage|p1a: Landorus-Therian|158\/319|[from] item: Rocky Helmet|[of] p2a: Landorus-Therian
|
|switch|p1a: Slowbro|Slowbro, F|393\/393
|
|turn|13
|
|move|p2a: Landorus-Therian|Stealth Rock|p1a: Slowbro
|-sidestart|p1: TheMundane|move: Stealth Rock
|move|p1a: Slowbro|Scald|p2a: Landorus-Therian
|-supereffective|p2a: Landorus-Therian
|-damage|p2a: Landorus-Therian|128\/369
|
|turn|14
|leave|Reverend
|
|switch|p2a: Latios|Latios, M|271\/301
|move|p1a: Slowbro|Scald|p2a: Latios
|-resisted|p2a: Latios
|-damage|p2a: Latios|225\/301
|
|turn|15
|
|move|p2a: Latios|Draco Meteor|p1a: Slowbro|[miss]
|-miss|p2a: Latios|p1a: Slowbro
|move|p1a: Slowbro|Thunder Wave|p2a: Latios
|-status|p2a: Latios|par
|
|turn|16
|c|âSunnySuspect|....
|
|switch|p1a: Gardevoir|Gardevoir-Mega, M|277\/277
|-damage|p1a: Gardevoir|243\/277|[from] Stealth Rock
|move|p2a: Latios|Psyshock|p1a: Gardevoir
|-resisted|p1a: Gardevoir
|-damage|p1a: Gardevoir|108\/277
|-damage|p2a: Latios|195\/301 par|[from] item: Life Orb
|
|turn|17
|c|âSunnySuspect|;-;
|
|move|p1a: Gardevoir|Hyper Voice|p2a: Latios
|-supereffective|p2a: Latios
|-damage|p2a: Latios|0 fnt
|faint|p2a: Latios
|
|
|switch|p2a: Rotom-Wash|Rotom-Wash|304\/304
|turn|18
|c|âTheMundane|that miss sucked and you won the 50\/50
|c|âTheMundane|or should have
|c|âSunnySuspect|I did
|c|âSunnySuspect|;-;
|c|âSunnySuspect|smh
|c|âSunnySuspect|lol
|c|âTheMundane|Sorry man
|c|âTheMundane|:[
|c|âSunnySuspect|I even lost the 50\/50
|c|âSunnySuspect|on turn one lol
|c|âTheMundane|Lol
|
|switch|p1a: Landorus-Therian|Landorus-Therian, M|158\/319
|-damage|p1a: Landorus-Therian|119\/319|[from] Stealth Rock
|-ability|p1a: Landorus-Therian|Intimidate|[of] p2a: Rotom-Wash
|-unboost|p2a: Rotom-Wash|atk|1
|move|p2a: Rotom-Wash|Hydro Pump|p1a: Landorus-Therian
|-supereffective|p1a: Landorus-Therian
|-damage|p1a: Landorus-Therian|0 fnt
|faint|p1a: Landorus-Therian
|
|
|switch|p1a: Heracross|Heracross, F|307\/307
|-damage|p1a: Heracross|269\/307|[from] Stealth Rock
|turn|19
|
|switch|p2a: Landorus-Therian|Landorus-Therian, M|128\/369
|-ability|p2a: Landorus-Therian|Intimidate|[of] p1a: Heracross
|-unboost|p1a: Heracross|atk|1
|move|p1a: Heracross|Megahorn|p2a: Landorus-Therian
|-resisted|p2a: Landorus-Therian
|-damage|p2a: Landorus-Therian|41\/369
|-damage|p1a: Heracross|218\/307|[from] item: Rocky Helmet|[of] p2a: Landorus-Therian
|
|turn|20
|
|move|p1a: Heracross|Megahorn|p2a: Landorus-Therian
|-resisted|p2a: Landorus-Therian
|-damage|p2a: Landorus-Therian|0 fnt
|-damage|p1a: Heracross|167\/307|[from] item: Rocky Helmet|[of] p2a: Landorus-Therian
|faint|p2a: Landorus-Therian
|
|
|switch|p2a: Gardevoir|Gardevoir-Mega, M|148\/277
|turn|21
|c|âSunnySuspect|so should I be scared
|
|move|p2a: Gardevoir|Hyper Voice|p1a: Heracross
|-crit|p1a: Heracross
|-supereffective|p1a: Heracross
|-damage|p1a: Heracross|0 fnt
|faint|p1a: Heracross
|
|
|switch|p1a: Gardevoir|Gardevoir-Mega, M|108\/277
|-damage|p1a: Gardevoir|74\/277|[from] Stealth Rock
|turn|22
|
|move|p1a: Gardevoir|Hyper Voice|p2a: Gardevoir
|-damage|p2a: Gardevoir|0 fnt
|faint|p2a: Gardevoir
|
|c|âTheMundane|ah
|c|âSunnySuspect|;-;
|join|RaffaeleKing
|
|switch|p2a: Rotom-Wash|Rotom-Wash|304\/304
|turn|23
|c|âTheMundane|you def rotom?
|c|âTheMundane|or sdef
|c|âTheMundane|im scared
|c|âSunnySuspect|def
|
|move|p1a: Gardevoir|Calm Mind|p1a: Gardevoir
|-boost|p1a: Gardevoir|spa|1
|-boost|p1a: Gardevoir|spd|1
|move|p2a: Rotom-Wash|Hydro Pump|p1a: Gardevoir|[miss]
|-miss|p2a: Rotom-Wash|p1a: Gardevoir
|
|turn|24
|c|âTheMundane|Omg
|c|âSunnySuspect|fuck mu life
|c|âTheMundane|I'm luckE Ã± bad
|c|âTheMundane|...
|c|âTheMundane|bg
|c|âSunnySuspect|0 SpA Rotom-W Hydro Pump vs. +1 0 HP \/ 0 SpD Mega Gardevoir: 64-76 (23.1 - 27.4%) -- 58.7% chance to 4HKO
|c|âSunnySuspect|;-;
|c|âTheMundane|you did what you had to do but got RNG screwed
|c|âTheMundane|im soz
|c|âSunnySuspect|np
|
|move|p1a: Gardevoir|Hyper Voice|p2a: Rotom-Wash
|-damage|p2a: Rotom-Wash|0 fnt
|faint|p2a: Rotom-Wash
|
|win|TheMundane
|c|âTheMundane|:[
|c|âSunnySuspect|ouch
|leave|RaffaeleKing
|c|âSunnySuspect|:(
|leave|TheMundane
|c|âSunnySuspect|G_G