|join|Pinnochio
|join|Gay Bear Sex
|player|p1|Pinnochio|66
|player|p2|Gay Bear Sex|120
|gametype|singles
|gen|6
|tier|UU
|rule|Sleep Clause Mod: Limit one foe put to sleep
|rule|Species Clause: Limit one of each PokÃ©mon
|rule|OHKO Clause: OHKO moves are banned
|rule|Moody Clause: Moody is banned
|rule|Evasion Moves Clause: Evasion moves are banned
|rule|Endless Battle Clause: Forcing endless battles is banned
|rule|HP Percentage Mod: HP is shown in percentages
|clearpoke
|poke|p1|Beedrill, M, shiny
|poke|p1|Espeon, M
|poke|p1|Empoleon, F, shiny
|poke|p1|Rotom-Heat
|poke|p1|Hippowdon, M
|poke|p1|Goodra, M, shiny
|poke|p2|Lucario, F
|poke|p2|Nidoking, M
|poke|p2|Raikou
|poke|p2|Hippowdon, F
|poke|p2|Vaporeon, F
|poke|p2|Jirachi
|rule|Swagger Clause: Swagger is banned
|rule|Baton Pass Clause: Limit one PokÃ©mon knowing Baton Pass
|teampreview
|c|âPinnochio|aye
|
|start
|switch|p1a: spacejam|Hippowdon, M|420\/420
|switch|p2a: Nidoking|Nidoking, M|304\/304
|-weather|Sandstorm
|turn|1
|c|âPinnochio|nice team
|c|âGay Bear Sex|u2
|
|switch|p2a: Hippowdon|Hippowdon, F|420\/420
|move|p1a: spacejam|Stealth Rock|p2a: Hippowdon
|-sidestart|p2: Gay Bear Sex|move: Stealth Rock
|
|-weather|Sandstorm|[upkeep]
|turn|2
|
|move|p2a: Hippowdon|Stealth Rock|p1a: spacejam
|-sidestart|p1: Pinnochio|move: Stealth Rock
|move|p1a: spacejam|Whirlwind|p2a: Hippowdon
|drag|p2a: Raikou|Raikou|322\/322
|-damage|p2a: Raikou|282\/322|[from] Stealth Rock
|-ability|p2a: Raikou|Pressure
|
|-weather|Sandstorm|[upkeep]
|-damage|p2a: Raikou|262\/322|[from] sandstorm
|-heal|p2a: Raikou|282\/322|[from] item: Leftovers
|turn|3
|
|switch|p2a: Hippowdon|Hippowdon, F|420\/420
|-damage|p2a: Hippowdon|394\/420|[from] Stealth Rock
|move|p1a: spacejam|Earthquake|p2a: Hippowdon
|-damage|p2a: Hippowdon|304\/420
|
|-weather|Sandstorm|[upkeep]
|-heal|p2a: Hippowdon|330\/420|[from] item: Leftovers
|turn|4
|join|Bromandude
|
|move|p2a: Hippowdon|Toxic|p1a: spacejam
|-status|p1a: spacejam|tox
|move|p1a: spacejam|Slack Off|p1a: spacejam
|-fail|p1a: spacejam
|
|-weather|Sandstorm|[upkeep]
|-heal|p2a: Hippowdon|356\/420|[from] item: Leftovers
|-damage|p1a: spacejam|394\/420 tox|[from] psn
|turn|5
|
|move|p2a: Hippowdon|Earthquake|p1a: spacejam
|-damage|p1a: spacejam|304\/420 tox
|move|p1a: spacejam|Whirlwind|p2a: Hippowdon
|drag|p2a: Vaporeon|Vaporeon, F|464\/464
|-damage|p2a: Vaporeon|406\/464|[from] Stealth Rock
|
|-weather|none
|-heal|p2a: Vaporeon|435\/464|[from] item: Leftovers
|-heal|p1a: spacejam|330\/420 tox|[from] item: Leftovers
|-damage|p1a: spacejam|278\/420 tox|[from] psn
|turn|6
|
|switch|p1a: Goodra|Goodra, M, shiny|384\/384
|-damage|p1a: Goodra|336\/384|[from] Stealth Rock
|move|p2a: Vaporeon|Scald|p1a: Goodra
|-resisted|p1a: Goodra
|-damage|p1a: Goodra|310\/384
|
|-heal|p2a: Vaporeon|464\/464|[from] item: Leftovers
|turn|7
|join|ampd302
|leave|ampd302
|
|switch|p2a: Jirachi|Jirachi|341\/341
|-damage|p2a: Jirachi|320\/341|[from] Stealth Rock
|move|p1a: Goodra|Power Whip|p2a: Jirachi
|-resisted|p2a: Jirachi
|-damage|p2a: Jirachi|275\/341
|
|turn|8
|join|LiiquidG
|
|switch|p1a: Empoleon|Empoleon, F, shiny|372\/372
|-damage|p1a: Empoleon|349\/372|[from] Stealth Rock
|move|p2a: Jirachi|U-turn|p1a: Empoleon
|-resisted|p1a: Empoleon
|-damage|p1a: Empoleon|312\/372
|join|UniterFlash
|
|switch|p2a: Nidoking|Nidoking, M|304\/304
|-damage|p2a: Nidoking|285\/304|[from] Stealth Rock
|
|-heal|p1a: Empoleon|335\/372|[from] item: Leftovers
|turn|9
|
|switch|p1a: mixtape|Rotom-Heat|241\/241
|-damage|p1a: mixtape|181\/241|[from] Stealth Rock
|move|p2a: Nidoking|Earth Power|p1a: mixtape
|-immune|p1a: mixtape|[msg]
|
|turn|10
|
|move|p1a: mixtape|Overheat|p2a: Nidoking
|-damage|p2a: Nidoking|0 fnt
|-unboost|p1a: mixtape|spa|2
|faint|p2a: Nidoking
|
|
|switch|p2a: Vaporeon|Vaporeon, F|464\/464
|-damage|p2a: Vaporeon|406\/464|[from] Stealth Rock
|turn|11
|c|âPinnochio|hottest mixtape of 2014
|
|switch|p1a: Goodra|Goodra, M, shiny|310\/384
|-damage|p1a: Goodra|262\/384|[from] Stealth Rock
|move|p2a: Vaporeon|Baton Pass|p2a: Vaporeon
|
|switch|p2a: Lucario|Lucario, F|281\/281
|-damage|p2a: Lucario|273\/281|[from] Stealth Rock
|
|turn|12
|join|DiggersbyWarrior
|join|thymetime
|leave|DiggersbyWarrior
|
|switch|p1a: Nyan Cat|Espeon, M|334\/334
|-damage|p1a: Nyan Cat|293\/334|[from] Stealth Rock
|move|p2a: Lucario|Swords Dance|p2a: Lucario
|-boost|p2a: Lucario|atk|2
|
|turn|13
|
|move|p2a: Lucario|Extreme Speed|p1a: Nyan Cat
|-damage|p1a: Nyan Cat|0 fnt
|-damage|p2a: Lucario|245\/281|[from] item: Life Orb
|faint|p1a: Nyan Cat
|
|c|âGay Bear Sex|is that gg?
|
|switch|p1a: spacejam|Hippowdon, M|278\/420 tox
|-damage|p1a: spacejam|252\/420 tox|[from] Stealth Rock
|-weather|Sandstorm
|turn|14
|c|âPinnochio|possibly
|
|move|p2a: Lucario|Close Combat|p1a: spacejam
|-damage|p1a: spacejam|0 fnt
|-unboost|p2a: Lucario|def|1
|-unboost|p2a: Lucario|spd|1
|-damage|p2a: Lucario|217\/281|[from] item: Life Orb
|faint|p1a: spacejam
|
|-weather|Sandstorm|[upkeep]
|c| UniterFlash|go gay bear sex
|c| UniterFlash|always wanted to say that
|
|switch|p1a: mixtape|Rotom-Heat|181\/241
|-damage|p1a: mixtape|121\/241|[from] Stealth Rock
|turn|15
|
|move|p2a: Lucario|Extreme Speed|p1a: mixtape
|-damage|p1a: mixtape|0 fnt
|-damage|p2a: Lucario|189\/281|[from] item: Life Orb
|faint|p1a: mixtape
|
|-weather|Sandstorm|[upkeep]
|
|switch|p1a: Goodra|Goodra, M, shiny|262\/384
|-damage|p1a: Goodra|214\/384|[from] Stealth Rock
|turn|16
|
|move|p2a: Lucario|Close Combat|p1a: Goodra
|-damage|p1a: Goodra|0 fnt
|-unboost|p2a: Lucario|def|1
|-unboost|p2a: Lucario|spd|1
|-damage|p2a: Lucario|161\/281|[from] item: Life Orb
|faint|p1a: Goodra
|
|-weather|Sandstorm|[upkeep]
|
|switch|p1a: Beedrill|Beedrill, M, shiny|272\/272
|-damage|p1a: Beedrill|204\/272|[from] Stealth Rock
|turn|17
|
|detailschange|p1a: Beedrill|Beedrill-Mega, M, shiny
|message|Beedrill has Mega Evolved into Mega Beedrill!
|move|p1a: Beedrill|Protect|p1a: Beedrill
|-singleturn|p1a: Beedrill|Protect
|move|p2a: Lucario|Extreme Speed|p1a: Beedrill
|-activate|p1a: Beedrill|Protect
|
|-weather|Sandstorm|[upkeep]
|-damage|p1a: Beedrill|187\/272|[from] sandstorm
|turn|18
|
|move|p2a: Lucario|Extreme Speed|p1a: Beedrill
|-crit|p1a: Beedrill
|-damage|p1a: Beedrill|0 fnt
|-damage|p2a: Lucario|133\/281|[from] item: Life Orb
|faint|p1a: Beedrill
|
|-weather|none
|leave|Pinnochio
|player|p1
|join|Pinnochio
|c| LiiquidG|what is a good wall to lucarion in this tier?
|player|p1|Pinnochio|66
|
|switch|p1a: Empoleon|Empoleon, F, shiny|335\/372
|-damage|p1a: Empoleon|312\/372|[from] Stealth Rock
|turn|19
|c| UniterFlash|hmm
|c|âPinnochio|??
|c| UniterFlash|granbull works
|
|move|p2a: Lucario|Close Combat|p1a: Empoleon
|-supereffective|p1a: Empoleon
|-damage|p1a: Empoleon|0 fnt
|-unboost|p2a: Lucario|def|1
|-unboost|p2a: Lucario|spd|1
|-damage|p2a: Lucario|105\/281|[from] item: Life Orb
|faint|p1a: Empoleon
|
|win|Gay Bear Sex
|c| UniterFlash|for SD lucario
|c|âGay Bear Sex|bp?
|c| UniterFlash|they usally dont run BP
|c|âGay Bear Sex|true
|c| UniterFlash|Espeed is more prominent
|c| UniterFlash|Id call it a check
|leave|Bromandude
|c| UniterFlash|sort of
|c|âGay Bear Sex|they all run espeed lol
|c| UniterFlash|Chandelure counters it
|c| UniterFlash|no one runs crunch on luc with slowbro gone
|c|âGay Bear Sex|jirachi checks it
|c|âGay Bear Sex|pretty well with fire punch
|c| LiiquidG|thx
|c| LiiquidG|nice match