|join|Shayminds
|join|Gay Bear Sex
|player|p1|Shayminds|169
|player|p2|Gay Bear Sex|120
|gametype|singles
|gen|6
|tier|UU
|rated
|rule|Sleep Clause Mod: Limit one foe put to sleep
|rule|Species Clause: Limit one of each PokÃ©mon
|rule|OHKO Clause: OHKO moves are banned
|rule|Moody Clause: Moody is banned
|rule|Evasion Moves Clause: Evasion moves are banned
|rule|Endless Battle Clause: Forcing endless battles is banned
|rule|HP Percentage Mod: HP is shown in percentages
|clearpoke
|poke|p1|Mienshao, F
|poke|p1|Umbreon, M
|poke|p1|Crobat, F
|poke|p1|Swampert, M
|poke|p1|Jirachi
|poke|p1|Ampharos, M
|poke|p2|Lucario, F
|poke|p2|Nidoking, M
|poke|p2|Raikou
|poke|p2|Hippowdon, F
|poke|p2|Vaporeon, F
|poke|p2|Jirachi
|rule|Swagger Clause: Swagger is banned
|rule|Baton Pass Clause: Limit one PokÃ©mon knowing Baton Pass
|teampreview
|
|start
|switch|p1a: Swampert|Swampert, M|404\/404
|switch|p2a: Jirachi|Jirachi|341\/341
|turn|1
|
|move|p2a: Jirachi|Trick|p1a: Swampert
|-activate|p2a: Jirachi|move: Trick|[of] p1a: Swampert
|-item|p1a: Swampert|Choice Scarf|[from] move: Trick
|-item|p2a: Jirachi|Leftovers|[from] move: Trick
|move|p1a: Swampert|Stealth Rock|p2a: Jirachi
|-sidestart|p2: Gay Bear Sex|move: Stealth Rock
|
|turn|2
|
|switch|p1a: Crobat|Crobat, F|373\/373
|move|p2a: Jirachi|U-turn|p1a: Crobat
|-resisted|p1a: Crobat
|-damage|p1a: Crobat|352\/373
|
|switch|p2a: Nidoking|Nidoking, M|304\/304
|-damage|p2a: Nidoking|285\/304|[from] Stealth Rock
|
|turn|3
|
|move|p1a: Crobat|U-turn|p2a: Nidoking
|-resisted|p2a: Nidoking
|-damage|p2a: Nidoking|248\/304
|
|switch|p1a: Umbreon|Umbreon, M|394\/394
|move|p2a: Nidoking|Superpower|p1a: Umbreon
|-supereffective|p1a: Umbreon
|-damage|p1a: Umbreon|181\/394
|-unboost|p2a: Nidoking|atk|1
|-unboost|p2a: Nidoking|def|1
|-damage|p2a: Nidoking|218\/304|[from] item: Life Orb
|
|-heal|p1a: Umbreon|205\/394|[from] item: Leftovers
|turn|4
|
|switch|p2a: Lucario|Lucario, F|281\/281
|-damage|p2a: Lucario|273\/281|[from] Stealth Rock
|switch|p1a: Crobat|Crobat, F|352\/373
|
|turn|5
|
|move|p1a: Crobat|Brave Bird|p2a: Lucario
|-damage|p2a: Lucario|36\/281
|-damage|p1a: Crobat|274\/373|[from] recoil|[of] p2a: Lucario
|move|p2a: Lucario|Ice Punch|p1a: Crobat
|-supereffective|p1a: Crobat
|-damage|p1a: Crobat|0 fnt
|-damage|p2a: Lucario|8\/281|[from] item: Life Orb
|faint|p1a: Crobat
|
|
|switch|p1a: Jirachi|Jirachi|341\/341
|turn|6
|
|move|p2a: Lucario|Extreme Speed|p1a: Jirachi
|-resisted|p1a: Jirachi
|-damage|p1a: Jirachi|283\/341
|-damage|p2a: Lucario|0 fnt|[from] item: Life Orb
|faint|p2a: Lucario
|move|p1a: Jirachi|U-turn|p2: Lucario|[notarget]
|-notarget
|
|
|switch|p2a: Nidoking|Nidoking, M|218\/304
|-damage|p2a: Nidoking|199\/304|[from] Stealth Rock
|turn|7
|
|move|p1a: Jirachi|U-turn|p2a: Nidoking
|-resisted|p2a: Nidoking
|-damage|p2a: Nidoking|158\/304
|
|switch|p1a: Swampert|Swampert, M|404\/404
|move|p2a: Nidoking|Earth Power|p1a: Swampert
|-damage|p1a: Swampert|190\/404
|
|turn|8
|
|move|p2a: Nidoking|Earth Power|p1a: Swampert
|-damage|p1a: Swampert|0 fnt
|faint|p1a: Swampert
|
|
|switch|p1a: Mienshao|Mienshao, F|271\/271
|turn|9
|
|switch|p2a: Jirachi|Jirachi|341\/341
|-damage|p2a: Jirachi|320\/341|[from] Stealth Rock
|move|p1a: Mienshao|Jump Kick|p2a: Jirachi
|-damage|p2a: Jirachi|4\/341
|
|-heal|p2a: Jirachi|25\/341|[from] item: Leftovers
|turn|10
|
|switch|p1a: Jirachi|Jirachi|283\/341
|move|p2a: Jirachi|U-turn|p1a: Jirachi
|-damage|p1a: Jirachi|214\/341
|
|switch|p2a: Hippowdon|Hippowdon, F|420\/420
|-damage|p2a: Hippowdon|394\/420|[from] Stealth Rock
|-weather|Sandstorm
|
|-weather|Sandstorm|[upkeep]
|-heal|p2a: Hippowdon|420\/420|[from] item: Leftovers
|turn|11
|
|move|p1a: Jirachi|Trick|p2a: Hippowdon
|-activate|p1a: Jirachi|move: Trick|[of] p2a: Hippowdon
|-item|p2a: Hippowdon|Choice Scarf|[from] move: Trick
|-item|p1a: Jirachi|Leftovers|[from] move: Trick
|move|p2a: Hippowdon|Earthquake|p1a: Jirachi
|-supereffective|p1a: Jirachi
|-damage|p1a: Jirachi|0 fnt
|faint|p1a: Jirachi
|
|-weather|Sandstorm|[upkeep]
|c|âGay Bear Sex|aw yiss
|c|âGay Bear Sex|scarfed hippo
|
|switch|p1a: Umbreon|Umbreon, M|205\/394
|turn|12
|c|âGay Bear Sex|gonna put in dat work
|
|switch|p2a: Jirachi|Jirachi|25\/341
|-damage|p2a: Jirachi|4\/341|[from] Stealth Rock
|move|p1a: Umbreon|Wish|p1a: Umbreon
|
|-weather|Sandstorm|[upkeep]
|-damage|p1a: Umbreon|181\/394|[from] sandstorm
|-heal|p2a: Jirachi|25\/341|[from] item: Leftovers
|-heal|p1a: Umbreon|205\/394|[from] item: Leftovers
|turn|13
|
|move|p2a: Jirachi|Iron Head|p1a: Umbreon
|-damage|p1a: Umbreon|91\/394
|move|p1a: Umbreon|Foul Play|p2a: Jirachi
|-supereffective|p2a: Jirachi
|-damage|p2a: Jirachi|0 fnt
|faint|p2a: Jirachi
|
|-weather|Sandstorm|[upkeep]
|-damage|p1a: Umbreon|67\/394|[from] sandstorm
|-heal|p1a: Umbreon|264\/394|[from] move: Wish|[wisher] Umbreon
|-heal|p1a: Umbreon|288\/394|[from] item: Leftovers
|
|switch|p2a: Raikou|Raikou|322\/322
|-damage|p2a: Raikou|282\/322|[from] Stealth Rock
|-ability|p2a: Raikou|Pressure
|turn|14
|
|move|p2a: Raikou|Substitute|p2a: Raikou
|-start|p2a: Raikou|Substitute
|-damage|p2a: Raikou|202\/322
|move|p1a: Umbreon|Wish|p1a: Umbreon
|
|-weather|none
|-heal|p2a: Raikou|222\/322|[from] item: Leftovers
|-heal|p1a: Umbreon|312\/394|[from] item: Leftovers
|turn|15
|
|switch|p1a: Ampharos|Ampharos, M|354\/354
|move|p2a: Raikou|Calm Mind|p2a: Raikou
|-boost|p2a: Raikou|spa|1
|-boost|p2a: Raikou|spd|1
|
|-heal|p2a: Raikou|242\/322|[from] item: Leftovers
|turn|16
|
|detailschange|p1a: Ampharos|Ampharos-Mega, M
|-mega|p1a: Ampharos|Ampharos|Ampharosite
|-ability|p1a: Ampharos|Mold Breaker
|move|p2a: Raikou|Hidden Power|p1a: Ampharos
|-supereffective|p1a: Ampharos
|-damage|p1a: Ampharos|178\/354
|move|p1a: Ampharos|Dragon Pulse|p2a: Raikou
|-end|p2a: Raikou|Substitute
|
|-heal|p2a: Raikou|262\/322|[from] item: Leftovers
|turn|17
|
|move|p2a: Raikou|Hidden Power|p1a: Ampharos
|-supereffective|p1a: Ampharos
|-damage|p1a: Ampharos|0 fnt
|faint|p1a: Ampharos
|
|-heal|p2a: Raikou|282\/322|[from] item: Leftovers
|
|switch|p1a: Umbreon|Umbreon, M|312\/394
|turn|18
|
|move|p2a: Raikou|Substitute|p2a: Raikou
|-start|p2a: Raikou|Substitute
|-damage|p2a: Raikou|202\/322
|move|p1a: Umbreon|Foul Play|p2a: Raikou
|-end|p2a: Raikou|Substitute
|
|-heal|p2a: Raikou|222\/322|[from] item: Leftovers
|-heal|p1a: Umbreon|336\/394|[from] item: Leftovers
|turn|19
|
|move|p2a: Raikou|Calm Mind|p2a: Raikou
|-boost|p2a: Raikou|spa|1
|-boost|p2a: Raikou|spd|1
|move|p1a: Umbreon|Foul Play|p2a: Raikou
|-crit|p2a: Raikou
|-damage|p2a: Raikou|69\/322
|
|-heal|p2a: Raikou|89\/322|[from] item: Leftovers
|-heal|p1a: Umbreon|360\/394|[from] item: Leftovers
|turn|20
|
|move|p2a: Raikou|Thunderbolt|p1a: Umbreon
|-damage|p1a: Umbreon|182\/394
|move|p1a: Umbreon|Foul Play|p2a: Raikou
|-crit|p2a: Raikou
|-damage|p2a: Raikou|0 fnt
|faint|p2a: Raikou
|
|-heal|p1a: Umbreon|206\/394|[from] item: Leftovers
|
|switch|p2a: Nidoking|Nidoking, M|158\/304
|-damage|p2a: Nidoking|139\/304|[from] Stealth Rock
|turn|21
|
|move|p1a: Umbreon|Protect|p1a: Umbreon
|-singleturn|p1a: Umbreon|Protect
|move|p2a: Nidoking|Superpower|p1a: Umbreon
|-activate|p1a: Umbreon|Protect
|
|-heal|p1a: Umbreon|230\/394|[from] item: Leftovers
|turn|22
|
|move|p2a: Nidoking|Superpower|p1a: Umbreon
|-supereffective|p1a: Umbreon
|-damage|p1a: Umbreon|6\/394
|-unboost|p2a: Nidoking|atk|1
|-unboost|p2a: Nidoking|def|1
|-damage|p2a: Nidoking|109\/304|[from] item: Life Orb
|move|p1a: Umbreon|Wish|p1a: Umbreon
|
|-heal|p1a: Umbreon|30\/394|[from] item: Leftovers
|turn|23
|
|switch|p2a: Hippowdon|Hippowdon, F|420\/420
|-damage|p2a: Hippowdon|394\/420|[from] Stealth Rock
|-weather|Sandstorm
|move|p1a: Umbreon|Protect|p1a: Umbreon
|-fail|p1a: Umbreon
|
|-weather|Sandstorm|[upkeep]
|-damage|p1a: Umbreon|6\/394|[from] sandstorm
|-heal|p1a: Umbreon|203\/394|[from] move: Wish|[wisher] Umbreon
|-heal|p1a: Umbreon|227\/394|[from] item: Leftovers
|turn|24
|
|move|p2a: Hippowdon|Toxic|p1a: Umbreon
|-status|p1a: Umbreon|tox
|-status|p2a: Hippowdon|tox
|move|p1a: Umbreon|Wish|p1a: Umbreon
|
|-weather|Sandstorm|[upkeep]
|-damage|p1a: Umbreon|203\/394 tox|[from] sandstorm
|-heal|p1a: Umbreon|227\/394 tox|[from] item: Leftovers
|-damage|p2a: Hippowdon|368\/420 tox|[from] psn
|-damage|p1a: Umbreon|203\/394 tox|[from] psn
|turn|25
|
|switch|p2a: Vaporeon|Vaporeon, F|464\/464
|-damage|p2a: Vaporeon|406\/464|[from] Stealth Rock
|move|p1a: Umbreon|Heal Bell|p1a: Umbreon
|-cureteam|p1a: Umbreon|[from] move: HealBell
|
|-weather|Sandstorm|[upkeep]
|-damage|p2a: Vaporeon|377\/464|[from] sandstorm
|-damage|p1a: Umbreon|179\/394|[from] sandstorm
|-heal|p1a: Umbreon|376\/394|[from] move: Wish|[wisher] Umbreon
|-heal|p1a: Umbreon|394\/394|[from] item: Leftovers
|-heal|p2a: Vaporeon|406\/464|[from] item: Leftovers
|turn|26
|
|move|p2a: Vaporeon|Wish|p2a: Vaporeon
|move|p1a: Umbreon|Foul Play|p2a: Vaporeon
|-damage|p2a: Vaporeon|315\/464
|
|-weather|Sandstorm|[upkeep]
|-damage|p2a: Vaporeon|286\/464|[from] sandstorm
|-damage|p1a: Umbreon|370\/394|[from] sandstorm
|-heal|p2a: Vaporeon|315\/464|[from] item: Leftovers
|-heal|p1a: Umbreon|394\/394|[from] item: Leftovers
|turn|27
|
|move|p1a: Umbreon|Foul Play|p2a: Vaporeon
|-damage|p2a: Vaporeon|224\/464
|move|p2a: Vaporeon|Baton Pass|p2a: Vaporeon
|
|switch|p2a: Nidoking|Nidoking, M|109\/304
|-damage|p2a: Nidoking|90\/304|[from] Stealth Rock
|
|-weather|none
|-heal|p2a: Nidoking|304\/304|[from] move: Wish|[wisher] Vaporeon
|turn|28
|
|move|p2a: Nidoking|Earth Power|p1a: Umbreon
|-damage|p1a: Umbreon|272\/394
|move|p1a: Umbreon|Foul Play|p2a: Nidoking
|-crit|p2a: Nidoking
|-damage|p2a: Nidoking|96\/304
|
|-heal|p1a: Umbreon|296\/394|[from] item: Leftovers
|turn|29
|
|switch|p2a: Vaporeon|Vaporeon, F|224\/464
|-damage|p2a: Vaporeon|166\/464|[from] Stealth Rock
|move|p1a: Umbreon|Wish|p1a: Umbreon
|
|-heal|p2a: Vaporeon|195\/464|[from] item: Leftovers
|-heal|p1a: Umbreon|320\/394|[from] item: Leftovers
|turn|30
|
|move|p1a: Umbreon|Foul Play|p2a: Vaporeon
|-damage|p2a: Vaporeon|104\/464
|move|p2a: Vaporeon|Wish|p2a: Vaporeon
|
|-heal|p1a: Umbreon|394\/394|[from] move: Wish|[wisher] Umbreon
|-heal|p2a: Vaporeon|133\/464|[from] item: Leftovers
|turn|31
|
|move|p2a: Vaporeon|Scald|p1a: Umbreon
|-damage|p1a: Umbreon|328\/394
|-status|p1a: Umbreon|brn
|-status|p2a: Vaporeon|brn
|move|p1a: Umbreon|Foul Play|p2a: Vaporeon
|-damage|p2a: Vaporeon|81\/464 brn
|
|-heal|p2a: Vaporeon|313\/464 brn|[from] move: Wish|[wisher] Vaporeon
|-heal|p2a: Vaporeon|342\/464 brn|[from] item: Leftovers
|-heal|p1a: Umbreon|352\/394 brn|[from] item: Leftovers
|-damage|p2a: Vaporeon|284\/464 brn|[from] brn
|-damage|p1a: Umbreon|303\/394 brn|[from] brn
|turn|32
|
|move|p1a: Umbreon|Heal Bell|p1a: Umbreon
|-cureteam|p1a: Umbreon|[from] move: HealBell
|move|p2a: Vaporeon|Wish|p2a: Vaporeon
|
|-heal|p1a: Umbreon|327\/394|[from] item: Leftovers
|-heal|p2a: Vaporeon|313\/464 brn|[from] item: Leftovers
|-damage|p2a: Vaporeon|255\/464 brn|[from] brn
|turn|33
|
|move|p1a: Umbreon|Foul Play|p2a: Vaporeon
|-damage|p2a: Vaporeon|152\/464 brn
|move|p2a: Vaporeon|Heal Bell|p2a: Vaporeon
|-cureteam|p2a: Vaporeon|[from] move: HealBell
|
|-heal|p2a: Vaporeon|384\/464|[from] move: Wish|[wisher] Vaporeon
|-heal|p2a: Vaporeon|413\/464|[from] item: Leftovers
|-heal|p1a: Umbreon|351\/394|[from] item: Leftovers
|turn|34
|
|move|p1a: Umbreon|Foul Play|p2a: Vaporeon
|-damage|p2a: Vaporeon|313\/464
|move|p2a: Vaporeon|Scald|p1a: Umbreon
|-crit|p1a: Umbreon
|-damage|p1a: Umbreon|261\/394
|
|-heal|p2a: Vaporeon|342\/464|[from] item: Leftovers
|-heal|p1a: Umbreon|285\/394|[from] item: Leftovers
|turn|35
|c|âGay Bear Sex|you lose this
|c|âGay Bear Sex|in teh end
|c|âShayminds|you can't beat Mienshao
|c|âGay Bear Sex|pretty sure I can
|c|âGay Bear Sex|lol
|c|âShayminds|nah
|
|move|p2a: Vaporeon|Wish|p2a: Vaporeon
|move|p1a: Umbreon|Foul Play|p2a: Vaporeon
|-damage|p2a: Vaporeon|236\/464
|
|-heal|p1a: Umbreon|309\/394|[from] item: Leftovers
|-heal|p2a: Vaporeon|265\/464|[from] item: Leftovers
|turn|36
|
|move|p1a: Umbreon|Wish|p1a: Umbreon
|move|p2a: Vaporeon|Scald|p1a: Umbreon
|-damage|p1a: Umbreon|242\/394
|-status|p1a: Umbreon|brn
|-status|p2a: Vaporeon|brn
|
|-heal|p2a: Vaporeon|464\/464 brn|[from] move: Wish|[wisher] Vaporeon
|-heal|p1a: Umbreon|266\/394 brn|[from] item: Leftovers
|-damage|p1a: Umbreon|217\/394 brn|[from] brn
|-damage|p2a: Vaporeon|406\/464 brn|[from] brn
|turn|37
|
|switch|p1a: Mienshao|Mienshao, F|271\/271
|move|p2a: Vaporeon|Heal Bell|p2a: Vaporeon
|-cureteam|p2a: Vaporeon|[from] move: HealBell
|
|-heal|p2a: Vaporeon|435\/464|[from] item: Leftovers
|turn|38
|
|move|p1a: Mienshao|High Jump Kick|p2a: Vaporeon
|-crit|p2a: Vaporeon
|-damage|p2a: Vaporeon|0 fnt
|faint|p2a: Vaporeon
|
|
|switch|p2a: Hippowdon|Hippowdon, F|368\/420
|-damage|p2a: Hippowdon|342\/420|[from] Stealth Rock
|-weather|Sandstorm
|turn|39
|
|move|p1a: Mienshao|High Jump Kick|p2a: Hippowdon
|-damage|p2a: Hippowdon|51\/420
|move|p2a: Hippowdon|Earthquake|p1a: Mienshao
|-damage|p1a: Mienshao|72\/271
|
|-weather|Sandstorm|[upkeep]
|-damage|p1a: Mienshao|56\/271|[from] sandstorm
|turn|40
|
|switch|p1a: Umbreon|Umbreon, M|217\/394 brn
|move|p2a: Hippowdon|Earthquake|p1a: Umbreon
|-damage|p1a: Umbreon|94\/394 brn
|
|-weather|Sandstorm|[upkeep]
|-damage|p1a: Umbreon|70\/394 brn|[from] sandstorm
|-heal|p1a: Umbreon|94\/394 brn|[from] item: Leftovers
|-damage|p1a: Umbreon|45\/394 brn|[from] brn
|turn|41
|
|move|p2a: Hippowdon|Earthquake|p1a: Umbreon
|-damage|p1a: Umbreon|0 fnt
|faint|p1a: Umbreon
|
|-weather|Sandstorm|[upkeep]
|
|switch|p1a: Mienshao|Mienshao, F|56\/271
|turn|42
|
|move|p1a: Mienshao|Knock Off|p2a: Hippowdon
|-damage|p2a: Hippowdon|0 fnt
|-enditem|p2a: Hippowdon|Choice Scarf|[from] move: Knock Off|[of] p1a: Mienshao
|faint|p2a: Hippowdon
|
|-weather|Sandstorm|[upkeep]
|-damage|p1a: Mienshao|40\/271|[from] sandstorm
|c|âShayminds|gg
|
|switch|p2a: Nidoking|Nidoking, M|96\/304
|-damage|p2a: Nidoking|77\/304|[from] Stealth Rock
|turn|43
|c|âGay Bear Sex|gg
|
|move|p1a: Mienshao|Knock Off|p2a: Nidoking
|-damage|p2a: Nidoking|0 fnt
|-enditem|p2a: Nidoking|Life Orb|[from] move: Knock Off|[of] p1a: Mienshao
|faint|p2a: Nidoking
|
|win|Shayminds
|raw|Ladder updating...
|raw|Shayminds's rating: 1433 &rarr; <strong>1451<\/strong><br \/>(+18 for winning)
|raw|Gay Bear Sex's rating: 1396 &rarr; <strong>1378<\/strong><br \/>(-18 for losing)
|leave|Gay Bear Sex
|player|p2
|leave|Shayminds
|player|p1
|join|Shayminds