|join|Gay Bear Sex
|join|out of the woods
|player|p1|Gay Bear Sex|120
|player|p2|out of the woods|101
|gametype|singles
|gen|6
|tier|UU
|rule|Sleep Clause Mod: Limit one foe put to sleep
|rule|Species Clause: Limit one of each PokÃ©mon
|rule|OHKO Clause: OHKO moves are banned
|rule|Moody Clause: Moody is banned
|rule|Evasion Moves Clause: Evasion moves are banned
|rule|Endless Battle Clause: Forcing endless battles is banned
|rule|HP Percentage Mod: HP is shown in percentages
|clearpoke
|poke|p1|Porygon2
|poke|p1|Camerupt, M
|poke|p1|Cresselia, F
|poke|p1|Reuniclus, F
|poke|p1|Cofagrigus, M
|poke|p1|Pangoro, M
|poke|p2|Gligar, M
|poke|p2|Snorlax, F
|poke|p2|Whimsicott, F
|poke|p2|Slowking, F
|poke|p2|Aggron, F
|poke|p2|Granbull, M
|rule|Swagger Clause: Swagger is banned
|rule|Baton Pass Clause: Limit one PokÃ©mon knowing Baton Pass
|teampreview
|join|Samsung2310
|join|Count Bleck
|join|Sacri'
|join|pokemanMastur
|join|Pinkin Lark
|c|âGay Bear Sex|stall
|c|âGay Bear Sex|yay...
|join|Yellow Skarmory
|c| Count Bleck|Gay Bear Sex Out of the woods
|join|Rapicrash
|join|Frontie Angel
|c| Count Bleck|Sounds like a porn title
|c| Rapicrash|I root for...
|join|BasedAaron
|c| Yellow Skarmory|**HINALS FYPE**
|c| Rapicrash|out of the woods cuz the PINK
|leave|Pinkin Lark
|c| Rapicrash|wooo!
|leave|Frontie Angel
|
|start
|switch|p1a: Porygon2|Porygon2|374\/374
|switch|p2a: Aggron|Aggron, F|344\/344
|-boost|p1a: Porygon2|spa|1|[from] ability: Download
|turn|1
|c| Yellow Skarmory|i'm actually happy i lost, becuz i hate stall so much
|
|detailschange|p2a: Aggron|Aggron-Mega, F
|message|Aggron has Mega Evolved into Mega Aggron!
|move|p2a: Aggron|Stealth Rock|p1a: Porygon2
|-sidestart|p1: Gay Bear Sex|move: Stealth Rock
|move|p1a: Porygon2|Thunderbolt|p2a: Aggron
|-damage|p2a: Aggron|215\/344
|
|turn|2
|join|SmashBrosBrawl
|
|move|p2a: Aggron|Toxic|p1a: Porygon2
|-status|p1a: Porygon2|tox
|move|p1a: Porygon2|Trick Room|p1a: Porygon2
|-fieldstart|move: Trick Room|[of] p1a: Porygon2
|
|-damage|p1a: Porygon2|351\/374 tox|[from] psn
|turn|3
|join|scrub lorde
|
|move|p1a: Porygon2|Thunderbolt|p2a: Aggron
|-damage|p2a: Aggron|70\/344
|move|p2a: Aggron|Earthquake|p1a: Porygon2
|-damage|p1a: Porygon2|280\/374 tox
|
|-damage|p1a: Porygon2|234\/374 tox|[from] psn
|turn|4
|join|LarryBusJr
|
|switch|p2a: Gligar|Gligar, M|334\/334
|move|p1a: Porygon2|Thunderbolt|p2a: Gligar
|-immune|p2a: Gligar|[msg]
|
|-damage|p1a: Porygon2|165\/374 tox|[from] psn
|turn|5
|
|switch|p2a: Aggron|Aggron-Mega, F|70\/344
|move|p1a: Porygon2|Ice Beam|p2a: Aggron
|-resisted|p2a: Aggron
|-damage|p2a: Aggron|1\/344
|
|-damage|p1a: Porygon2|73\/374 tox|[from] psn
|turn|6
|c| Samsung2310|currently resting __inside__
|
|switch|p1a: Cresselia|Cresselia, F|444\/444
|-damage|p1a: Cresselia|389\/444|[from] Stealth Rock
|move|p2a: Aggron|Earthquake|p1a: Cresselia
|-immune|p1a: Cresselia|[msg]
|
|-heal|p1a: Cresselia|416\/444|[from] item: Leftovers
|-fieldend|move: Trick Room
|turn|7
|
|move|p2a: Aggron|Toxic|p1a: Cresselia
|-status|p1a: Cresselia|tox
|move|p1a: Cresselia|Trick Room|p1a: Cresselia
|-fieldstart|move: Trick Room|[of] p1a: Cresselia
|
|-heal|p1a: Cresselia|443\/444 tox|[from] item: Leftovers
|-damage|p1a: Cresselia|416\/444 tox|[from] psn
|turn|8
|
|switch|p2a: Snorlax|Snorlax, F|501\/501
|move|p1a: Cresselia|Ice Beam|p2a: Snorlax
|-damage|p2a: Snorlax|480\/501
|
|-heal|p2a: Snorlax|501\/501|[from] item: Leftovers
|-heal|p1a: Cresselia|443\/444 tox|[from] item: Leftovers
|-damage|p1a: Cresselia|389\/444 tox|[from] psn
|turn|9
|c|+SmashBrosBrawl|easiest reuniclus
|c|+SmashBrosBrawl|of ur life
|c|+SmashBrosBrawl|zzz
|
|switch|p1a: Cofagrigus|Cofagrigus, M|320\/320
|-damage|p1a: Cofagrigus|280\/320|[from] Stealth Rock
|move|p2a: Snorlax|Body Slam|p1a: Cofagrigus
|-immune|p1a: Cofagrigus|[msg]
|
|-heal|p1a: Cofagrigus|300\/320|[from] item: Leftovers
|turn|10
|leave|pokemanMastur
|
|switch|p2a: Whimsicott|Whimsicott, F|262\/262
|move|p1a: Cofagrigus|Nasty Plot|p1a: Cofagrigus
|-boost|p1a: Cofagrigus|spa|2
|
|-heal|p1a: Cofagrigus|320\/320|[from] item: Leftovers
|turn|11
|
|move|p1a: Cofagrigus|Shadow Ball|p2a: Whimsicott
|-damage|p2a: Whimsicott|0 fnt
|faint|p2a: Whimsicott
|
|-fieldend|move: Trick Room
|
|switch|p2a: Gligar|Gligar, M|334\/334
|turn|12
|
|move|p2a: Gligar|Toxic|p1a: Cofagrigus
|-status|p1a: Cofagrigus|tox
|move|p1a: Cofagrigus|Trick Room|p1a: Cofagrigus
|-fieldstart|move: Trick Room|[of] p1a: Cofagrigus
|
|-damage|p1a: Cofagrigus|300\/320 tox|[from] psn
|turn|13
|
|move|p1a: Cofagrigus|Hidden Power|p2a: Gligar
|-resisted|p2a: Gligar
|-damage|p2a: Gligar|295\/334
|move|p2a: Gligar|Roost|p2a: Gligar
|-heal|p2a: Gligar|334\/334
|
|-heal|p1a: Cofagrigus|320\/320 tox|[from] item: Leftovers
|-damage|p1a: Cofagrigus|280\/320 tox|[from] psn
|turn|14
|
|move|p1a: Cofagrigus|Nasty Plot|p1a: Cofagrigus
|-boost|p1a: Cofagrigus|spa|2
|move|p2a: Gligar|Earthquake|p1a: Cofagrigus
|-damage|p1a: Cofagrigus|214\/320 tox
|
|-heal|p1a: Cofagrigus|234\/320 tox|[from] item: Leftovers
|-damage|p1a: Cofagrigus|174\/320 tox|[from] psn
|turn|15
|
|switch|p2a: Aggron|Aggron-Mega, F|1\/344
|move|p1a: Cofagrigus|Shadow Ball|p2a: Aggron
|-damage|p2a: Aggron|0 fnt
|faint|p2a: Aggron
|
|-heal|p1a: Cofagrigus|194\/320 tox|[from] item: Leftovers
|-damage|p1a: Cofagrigus|114\/320 tox|[from] psn
|
|switch|p2a: Granbull|Granbull, M|384\/384
|-ability|p2a: Granbull|Intimidate|[of] p1a: Cofagrigus
|-unboost|p1a: Cofagrigus|atk|1
|turn|16
|c| Yellow Skarmory|1%
|
|move|p2a: Granbull|Protect|p2a: Granbull
|-singleturn|p2a: Granbull|Protect
|move|p1a: Cofagrigus|Shadow Ball|p2a: Granbull
|-activate|p2a: Granbull|Protect
|
|-heal|p1a: Cofagrigus|134\/320 tox|[from] item: Leftovers
|-damage|p1a: Cofagrigus|34\/320 tox|[from] psn
|-fieldend|move: Trick Room
|turn|17
|c| Yellow Skarmory|does so little
|c|+SmashBrosBrawl|rofl
|leave|LarryBusJr
|
|move|p2a: Granbull|Earthquake|p1a: Cofagrigus
|-damage|p1a: Cofagrigus|0 fnt
|faint|p1a: Cofagrigus
|
|c| Rapicrash|Kill it with fire OMG!
|
|switch|p1a: Cresselia|Cresselia, F|389\/444 tox
|-damage|p1a: Cresselia|334\/444 tox|[from] Stealth Rock
|turn|18
|
|switch|p2a: Snorlax|Snorlax, F|501\/501
|move|p1a: Cresselia|Trick Room|p1a: Cresselia
|-fieldstart|move: Trick Room|[of] p1a: Cresselia
|
|-heal|p1a: Cresselia|361\/444 tox|[from] item: Leftovers
|-damage|p1a: Cresselia|334\/444 tox|[from] psn
|turn|19
|
|switch|p1a: Pangoro|Pangoro, M|394\/394
|-damage|p1a: Pangoro|370\/394|[from] Stealth Rock
|move|p2a: Snorlax|Body Slam|p1a: Pangoro
|-damage|p1a: Pangoro|232\/394
|
|turn|20
|
|switch|p2a: Granbull|Granbull, M|384\/384
|-ability|p2a: Granbull|Intimidate|[of] p1a: Pangoro
|-unboost|p1a: Pangoro|atk|1
|move|p1a: Pangoro|Knock Off|p2a: Granbull
|-resisted|p2a: Granbull
|-damage|p2a: Granbull|320\/384
|-enditem|p2a: Granbull|Leftovers|[from] move: Knock Off|[of] p1a: Pangoro
|-damage|p1a: Pangoro|193\/394|[from] item: Life Orb
|
|turn|21
|c| Count Bleck|um
|
|move|p1a: Pangoro|Swords Dance|p1a: Pangoro
|-boost|p1a: Pangoro|atk|2
|move|p2a: Granbull|Play Rough|p1a: Pangoro
|-supereffective|p1a: Pangoro
|-damage|p1a: Pangoro|0 fnt
|faint|p1a: Pangoro
|
|c| Count Bleck|Snorlax tho?
|c|âGay Bear Sex|i just cant predict anything
|c|âGay Bear Sex|;.;
|
|switch|p1a: Camerupt|Camerupt, M|344\/344
|-damage|p1a: Camerupt|301\/344|[from] Stealth Rock
|turn|22
|
|detailschange|p1a: Camerupt|Camerupt-Mega, M
|message|Camerupt has Mega Evolved into Mega Camerupt!
|move|p2a: Granbull|Protect|p2a: Granbull
|-singleturn|p2a: Granbull|Protect
|move|p1a: Camerupt|Earth Power|p2a: Granbull
|-activate|p2a: Granbull|Protect
|
|-fieldend|move: Trick Room
|turn|23
|
|move|p2a: Granbull|Earthquake|p1a: Camerupt
|-supereffective|p1a: Camerupt
|-damage|p1a: Camerupt|117\/344
|move|p1a: Camerupt|Fire Blast|p2a: Granbull|[miss]
|-miss|p1a: Camerupt|p2a: Granbull
|
|turn|24
|c|+SmashBrosBrawl|a
|c| Samsung2310|b
|c| Yellow Skarmory|c
|c| Samsung2310|d
|c| Sacri'|e
|
|switch|p1a: Cresselia|Cresselia, F|334\/444 tox
|-damage|p1a: Cresselia|279\/444 tox|[from] Stealth Rock
|move|p2a: Granbull|Earthquake|p1a: Cresselia
|-immune|p1a: Cresselia|[msg]
|
|-heal|p1a: Cresselia|306\/444 tox|[from] item: Leftovers
|-damage|p1a: Cresselia|279\/444 tox|[from] psn
|turn|25
|
|move|p2a: Granbull|Play Rough|p1a: Cresselia|[miss]
|-miss|p2a: Granbull|p1a: Cresselia
|move|p1a: Cresselia|Trick Room|p1a: Cresselia
|-fieldstart|move: Trick Room|[of] p1a: Cresselia
|
|-heal|p1a: Cresselia|306\/444 tox|[from] item: Leftovers
|-damage|p1a: Cresselia|252\/444 tox|[from] psn
|turn|26
|
|move|p2a: Granbull|Play Rough|p1a: Cresselia
|-damage|p1a: Cresselia|155\/444 tox
|-unboost|p1a: Cresselia|atk|1
|move|p1a: Cresselia|Lunar Dance|p1a: Cresselia
|faint|p1a: Cresselia
|
|c| Samsung2310|f
|c|+SmashBrosBrawl|oml why does that granbull has protect
|
|switch|p1a: Camerupt|Camerupt-Mega, M|117\/344
|-heal|p1a: Camerupt|344\/344|[from] move: Lunar Dance
|-damage|p1a: Camerupt|301\/344|[from] Stealth Rock
|turn|27
|
|move|p2a: Granbull|Protect|p2a: Granbull
|-singleturn|p2a: Granbull|Protect
|move|p1a: Camerupt|Flash Cannon|p2a: Granbull
|-activate|p2a: Granbull|Protect
|
|turn|28
|
|move|p1a: Camerupt|Fire Blast|p2a: Granbull
|-damage|p2a: Granbull|0 fnt
|faint|p2a: Granbull
|
|c| Yellow Skarmory|sbb you stopped the alphabet train!!
|
|switch|p2a: Slowking|Slowking, F|394\/394
|turn|29
|c| Samsung2310|abcdef- oml- no... that's not the way it goes :(
|
|switch|p1a: Porygon2|Porygon2|73\/374 tox
|-damage|p1a: Porygon2|27\/374 tox|[from] Stealth Rock
|-boost|p1a: Porygon2|spa|1|[from] ability: Download
|move|p2a: Slowking|Calm Mind|p2a: Slowking
|-boost|p2a: Slowking|spa|1
|-boost|p2a: Slowking|spd|1
|
|-damage|p1a: Porygon2|4\/374 tox|[from] psn
|-fieldend|move: Trick Room
|turn|30
|
|move|p1a: Porygon2|Thunderbolt|p2a: Slowking
|-supereffective|p2a: Slowking
|-damage|p2a: Slowking|190\/394
|move|p2a: Slowking|Calm Mind|p2a: Slowking
|-boost|p2a: Slowking|spa|1
|-boost|p2a: Slowking|spd|1
|
|-heal|p2a: Slowking|214\/394|[from] item: Leftovers
|-damage|p1a: Porygon2|0 fnt|[from] psn
|faint|p1a: Porygon2
|c| Samsung2310|I guess SBB was the 'driver' he started the choo choo :P
|
|switch|p1a: Reuniclus|Reuniclus, F|424\/424
|turn|31
|
|move|p2a: Slowking|Scald|p1a: Reuniclus
|-damage|p1a: Reuniclus|199\/424
|-status|p1a: Reuniclus|brn
|move|p1a: Reuniclus|Trick Room|p1a: Reuniclus
|-fieldstart|move: Trick Room|[of] p1a: Reuniclus
|
|-heal|p2a: Slowking|238\/394|[from] item: Leftovers
|turn|32
|
|move|p1a: Reuniclus|Shadow Ball|p2a: Slowking
|-supereffective|p2a: Slowking
|-damage|p2a: Slowking|108\/394
|move|p2a: Slowking|Scald|p1a: Reuniclus
|-crit|p1a: Reuniclus
|-damage|p1a: Reuniclus|0 fnt
|faint|p1a: Reuniclus
|
|-heal|p2a: Slowking|132\/394|[from] item: Leftovers
|
|switch|p1a: Camerupt|Camerupt-Mega, M|301\/344
|-damage|p1a: Camerupt|258\/344|[from] Stealth Rock
|turn|33
|
|move|p1a: Camerupt|Earth Power|p2a: Slowking
|-damage|p2a: Slowking|9\/394
|move|p2a: Slowking|Scald|p1a: Camerupt
|-supereffective|p1a: Camerupt
|-damage|p1a: Camerupt|0 fnt
|faint|p1a: Camerupt
|
|win|out of the woods
|c|âGay Bear Sex|gg
|leave|SmashBrosBrawl
|leave|Yellow Skarmory
|leave|Gay Bear Sex
|player|p1
|leave|Samsung2310
|leave|Sacri'
|leave|out of the woods
|player|p2
|leave|Count Bleck
|join|Samsung2310
|leave|Samsung2310
|leave|scrub lorde
|leave|Rapicrash
|join|Rapicrash
|leave|Rapicrash