|join|WECAMEASROMANS
|join|joyfulJordan
|player|p1|WECAMEASROMANS|170
|player|p2|joyfulJordan|290
|gametype|singles
|gen|6
|tier|OU
|rated
|clearpoke
|poke|p1|Thundurus, M
|poke|p1|Landorus, M
|poke|p1|Bisharp, F
|poke|p1|Klefki, F
|poke|p1|Lopunny, M
|poke|p1|Azumarill, F
|poke|p2|Azelf
|poke|p2|Pinsir, M
|poke|p2|Landorus-Therian, M
|poke|p2|Keldeo
|poke|p2|Bisharp, M
|poke|p2|Latios, M
|rule|Swagger Clause: Swagger is banned
|rule|Baton Pass Clause: Limit one PokÃ©mon knowing Baton Pass
|rule|Sleep Clause Mod: Limit one foe put to sleep
|rule|Species Clause: Limit one of each PokÃ©mon
|rule|OHKO Clause: OHKO moves are banned
|rule|Moody Clause: Moody is banned
|rule|Evasion Moves Clause: Evasion moves are banned
|rule|Endless Battle Clause: Forcing endless battles is banned
|rule|HP Percentage Mod: HP is shown in percentages
|teampreview
|c|âjoyfulJordan|lol the rematch
|c|âWECAMEASROMANS|y
|c|âjoyfulJordan|we just played few mins ago
|
|start
|switch|p1a: Lopunny|Lopunny, M|271\/271
|switch|p2a: Landorus-Therian|Landorus-Therian, M|319\/319
|-ability|p2a: Landorus-Therian|Intimidate|[of] p1a: Lopunny
|-unboost|p1a: Lopunny|atk|1
|turn|1
|join|Pandaking110
|
|detailschange|p1a: Lopunny|Lopunny-Mega, M
|-mega|p1a: Lopunny|Lopunny|Lopunnite
|move|p1a: Lopunny|Fake Out|p2a: Landorus-Therian
|-damage|p2a: Landorus-Therian|262\/319
|cant|p2a: Landorus-Therian|flinch
|
|turn|2
|
|switch|p1a: Landorus|Landorus, M|319\/319
|move|p2a: Landorus-Therian|U-turn|p1a: Landorus
|-resisted|p1a: Landorus
|-damage|p1a: Landorus|269\/319
|
|switch|p2a: Azelf|Azelf|291\/291
|
|turn|3
|
|switch|p1a: Lopunny|Lopunny-Mega, M|271\/271
|move|p2a: Azelf|Taunt|p1a: Lopunny
|-start|p1a: Lopunny|move: Taunt
|
|turn|4
|
|switch|p2a: Landorus-Therian|Landorus-Therian, M|262\/319
|-ability|p2a: Landorus-Therian|Intimidate|[of] p1a: Lopunny
|-unboost|p1a: Lopunny|atk|1
|move|p1a: Lopunny|Fake Out|p2a: Landorus-Therian
|-damage|p2a: Landorus-Therian|210\/319
|
|turn|5
|
|switch|p1a: Landorus|Landorus, M|269\/319
|move|p2a: Landorus-Therian|U-turn|p1a: Landorus
|-resisted|p1a: Landorus
|-damage|p1a: Landorus|216\/319
|
|switch|p2a: Azelf|Azelf|291\/291
|
|turn|6
|
|switch|p1a: Lopunny|Lopunny-Mega, M|271\/271
|move|p2a: Azelf|Explosion|p1a: Lopunny
|-damage|p1a: Lopunny|0 fnt
|faint|p2a: Azelf
|faint|p1a: Lopunny
|
|
|switch|p2a: Keldeo|Keldeo|323\/323
|switch|p1a: Klefki|Klefki, F|317\/317
|turn|7
|
|move|p1a: Klefki|Spikes|p2a: Keldeo
|-sidestart|p2: joyfulJordan|Spikes
|move|p2a: Keldeo|Scald|p1a: Klefki
|-damage|p1a: Klefki|154\/317
|-status|p1a: Klefki|brn
|
|-heal|p1a: Klefki|173\/317 brn|[from] item: Leftovers
|-damage|p1a: Klefki|134\/317 brn|[from] brn
|turn|8
|
|move|p1a: Klefki|Thunder Wave|p2a: Keldeo
|-status|p2a: Keldeo|par
|move|p2a: Keldeo|Scald|p1a: Klefki
|-damage|p1a: Klefki|0 fnt
|faint|p1a: Klefki
|
|
|switch|p1a: Thundurus|Thundurus, M|299\/299
|turn|9
|
|switch|p2a: Landorus-Therian|Landorus-Therian, M|210\/319
|-ability|p2a: Landorus-Therian|Intimidate|[of] p1a: Thundurus
|-unboost|p1a: Thundurus|atk|1
|move|p1a: Thundurus|Thunderbolt|p2a: Landorus-Therian
|-immune|p2a: Landorus-Therian|[msg]
|
|turn|10
|
|switch|p1a: Landorus|Landorus, M|216\/319
|move|p2a: Landorus-Therian|Knock Off|p1a: Landorus
|-crit|p1a: Landorus
|-damage|p1a: Landorus|21\/319
|-enditem|p1a: Landorus|Life Orb|[from] move: Knock Off|[of] p2a: Landorus-Therian
|
|turn|11
|
|move|p2a: Landorus-Therian|Knock Off|p1a: Landorus
|-damage|p1a: Landorus|0 fnt
|faint|p1a: Landorus
|
|
|switch|p1a: Bisharp|Bisharp, F|271\/271
|turn|12
|
|switch|p2a: Keldeo|Keldeo|323\/323 par
|-damage|p2a: Keldeo|283\/323 par|[from] Spikes
|move|p1a: Bisharp|Swords Dance|p1a: Bisharp
|-boost|p1a: Bisharp|atk|2
|
|turn|13
|
|move|p1a: Bisharp|Knock Off|p2a: Keldeo
|-resisted|p2a: Keldeo
|-damage|p2a: Keldeo|41\/323 par
|-boost|p2a: Keldeo|atk|1|[from] ability: Justified
|-enditem|p2a: Keldeo|Choice Specs|[from] move: Knock Off|[of] p1a: Bisharp
|-damage|p1a: Bisharp|244\/271|[from] item: Life Orb
|move|p2a: Keldeo|Secret Sword|p1a: Bisharp
|-supereffective|p1a: Bisharp
|-damage|p1a: Bisharp|0 fnt
|faint|p1a: Bisharp
|
|-message|WECAMEASROMANS forfeited.
|leave|WECAMEASROMANS
|
|win|joyfulJordan
|raw|Ladder updating...
|player|p1
|raw|WECAMEASROMANS's rating: 1674 &rarr; <strong>1647<\/strong><br \/>(-27 for losing)
|raw|joyfulJordan's rating: 1555 &rarr; <strong>1582<\/strong><br \/>(+27 for winning)