|join|WECAMEASROMANS
|join|lil manaphy
|player|p1|WECAMEASROMANS|1
|player|p2|lil manaphy|9
|gametype|singles
|gen|6
|tier|OU
|rated
|clearpoke
|poke|p1|Kyurem-Black
|poke|p1|Latios, M
|poke|p1|Mamoswine, M
|poke|p1|Victini
|poke|p1|Lopunny, M
|poke|p1|Landorus-Therian, M
|poke|p2|Gardevoir, F
|poke|p2|Keldeo-Resolute
|poke|p2|Chansey, F
|poke|p2|Mandibuzz, F
|poke|p2|Amoonguss, M
|poke|p2|Landorus-Therian, M
|rule|Swagger Clause: Swagger is banned
|rule|Baton Pass Clause: Limit one PokÃ©mon knowing Baton Pass
|rule|Sleep Clause Mod: Limit one foe put to sleep
|rule|Species Clause: Limit one of each PokÃ©mon
|rule|OHKO Clause: OHKO moves are banned
|rule|Moody Clause: Moody is banned
|rule|Evasion Moves Clause: Evasion moves are banned
|rule|Endless Battle Clause: Forcing endless battles is banned
|rule|HP Percentage Mod: HP is shown in percentages
|teampreview
|
|start
|switch|p1a: Kyurem-Black|Kyurem-Black|391\/391
|switch|p2a: Keldeo-Resolute|Keldeo-Resolute|323\/323
|-ability|p1a: Kyurem-Black|Teravolt
|turn|1
|
|switch|p2a: Chansey|Chansey, F|703\/703
|switch|p1a: Latios|Latios, M|299\/299
|
|turn|2
|
|switch|p1a: Mamoswine|Mamoswine, M|361\/361
|move|p2a: Chansey|Seismic Toss|p1a: Mamoswine
|-damage|p1a: Mamoswine|261\/361
|
|turn|3
|
|switch|p2a: Keldeo-Resolute|Keldeo-Resolute|323\/323
|move|p1a: Mamoswine|Stealth Rock|p2a: Keldeo-Resolute
|-sidestart|p2: lil manaphy|move: Stealth Rock
|
|turn|4
|
|switch|p1a: Latios|Latios, M|299\/299
|move|p2a: Keldeo-Resolute|Scald|p1a: Latios
|-resisted|p1a: Latios
|-damage|p1a: Latios|233\/299
|
|turn|5
|
|switch|p1a: Victini|Victini|365\/365
|switch|p2a: Chansey|Chansey, F|703\/703
|-damage|p2a: Chansey|616\/703|[from] Stealth Rock
|
|turn|6
|
|switch|p1a: Kyurem-Black|Kyurem-Black|391\/391
|-ability|p1a: Kyurem-Black|Teravolt
|switch|p2a: Landorus-Therian|Landorus-Therian, M|382\/382
|-damage|p2a: Landorus-Therian|335\/382|[from] Stealth Rock
|-ability|p2a: Landorus-Therian|Intimidate|[of] p1a: Kyurem-Black
|-unboost|p1a: Kyurem-Black|atk|1
|
|-heal|p2a: Landorus-Therian|358\/382|[from] item: Leftovers
|turn|7
|
|switch|p1a: Victini|Victini|365\/365
|switch|p2a: Chansey|Chansey, F|616\/703
|-damage|p2a: Chansey|529\/703|[from] Stealth Rock
|
|turn|8
|
|switch|p2a: Landorus-Therian|Landorus-Therian, M|358\/382
|-damage|p2a: Landorus-Therian|311\/382|[from] Stealth Rock
|-ability|p2a: Landorus-Therian|Intimidate|[of] p1a: Victini
|-unboost|p1a: Victini|atk|1
|move|p1a: Victini|Substitute|p1a: Victini
|-start|p1a: Victini|Substitute
|-damage|p1a: Victini|274\/365
|
|-heal|p1a: Victini|296\/365|[from] item: Leftovers
|-heal|p2a: Landorus-Therian|334\/382|[from] item: Leftovers
|turn|9
|
|move|p1a: Victini|V-create|p2a: Landorus-Therian
|-damage|p2a: Landorus-Therian|175\/382
|-unboost|p1a: Victini|def|1
|-unboost|p1a: Victini|spd|1
|-unboost|p1a: Victini|spe|1
|move|p2a: Landorus-Therian|Earthquake|p1a: Victini
|-crit|p1a: Victini
|-supereffective|p1a: Victini
|-end|p1a: Victini|Substitute
|
|-heal|p2a: Landorus-Therian|198\/382|[from] item: Leftovers
|-heal|p1a: Victini|318\/365|[from] item: Leftovers
|turn|10
|
|switch|p1a: Kyurem-Black|Kyurem-Black|391\/391
|-ability|p1a: Kyurem-Black|Teravolt
|move|p2a: Landorus-Therian|Stealth Rock|p1a: Kyurem-Black
|-sidestart|p1: WECAMEASROMANS|move: Stealth Rock
|
|-heal|p2a: Landorus-Therian|221\/382|[from] item: Leftovers
|turn|11
|
|switch|p2a: Gardevoir|Gardevoir, F|277\/277
|-damage|p2a: Gardevoir|243\/277|[from] Stealth Rock
|-ability|p2a: Gardevoir|Teravolt|[from] ability: Trace|[of] p1a: Kyurem-Black
|-ability|p2a: Gardevoir|Teravolt
|move|p1a: Kyurem-Black|Ice Beam|p2a: Gardevoir
|-crit|p2a: Gardevoir
|-damage|p2a: Gardevoir|0 fnt
|-damage|p1a: Kyurem-Black|352\/391|[from] item: Life Orb
|faint|p2a: Gardevoir
|
|
|switch|p2a: Chansey|Chansey, F|529\/703
|-damage|p2a: Chansey|442\/703|[from] Stealth Rock
|turn|12
|
|move|p1a: Kyurem-Black|Outrage|p2a: Chansey
|-damage|p2a: Chansey|25\/703
|-damage|p1a: Kyurem-Black|313\/391|[from] item: Life Orb
|move|p2a: Chansey|Soft-Boiled|p2a: Chansey
|-heal|p2a: Chansey|377\/703
|
|turn|13
|
|switch|p2a: Landorus-Therian|Landorus-Therian, M|221\/382
|-damage|p2a: Landorus-Therian|174\/382|[from] Stealth Rock
|-ability|p2a: Landorus-Therian|Intimidate|[of] p1a: Kyurem-Black
|-unboost|p1a: Kyurem-Black|atk|1
|move|p1a: Kyurem-Black|Outrage|p2a: Landorus-Therian
|-crit|p2a: Landorus-Therian
|-damage|p2a: Landorus-Therian|0 fnt
|-damage|p1a: Kyurem-Black|274\/391|[from] item: Life Orb
|faint|p2a: Landorus-Therian
|
|
|switch|p2a: Keldeo-Resolute|Keldeo-Resolute|323\/323
|-damage|p2a: Keldeo-Resolute|303\/323|[from] Stealth Rock
|turn|14
|
|move|p2a: Keldeo-Resolute|Secret Sword|p1a: Kyurem-Black
|-supereffective|p1a: Kyurem-Black
|-damage|p1a: Kyurem-Black|0 fnt
|faint|p1a: Kyurem-Black
|
|-heal|p2a: Keldeo-Resolute|323\/323|[from] item: Leftovers
|
|switch|p1a: Latios|Latios, M|233\/299
|-damage|p1a: Latios|196\/299|[from] Stealth Rock
|turn|15
|
|switch|p2a: Amoonguss|Amoonguss, M|432\/432
|-damage|p2a: Amoonguss|378\/432|[from] Stealth Rock
|move|p1a: Latios|Psyshock|p2a: Amoonguss
|-supereffective|p2a: Amoonguss
|-damage|p2a: Amoonguss|35\/432
|-damage|p1a: Latios|167\/299|[from] item: Life Orb
|
|-heal|p2a: Amoonguss|62\/432|[from] item: Black Sludge
|turn|16
|
|move|p1a: Latios|Psyshock|p2a: Amoonguss
|-supereffective|p2a: Amoonguss
|-damage|p2a: Amoonguss|0 fnt
|-damage|p1a: Latios|138\/299|[from] item: Life Orb
|faint|p2a: Amoonguss
|
|
|switch|p2a: Chansey|Chansey, F|377\/703
|-damage|p2a: Chansey|290\/703|[from] Stealth Rock
|turn|17
|
|move|p1a: Latios|Psyshock|p2a: Chansey
|-damage|p2a: Chansey|40\/703
|-damage|p1a: Latios|109\/299|[from] item: Life Orb
|move|p2a: Chansey|Soft-Boiled|p2a: Chansey
|-heal|p2a: Chansey|392\/703
|
|turn|18
|
|move|p1a: Latios|Defog|p2a: Chansey
|-unboost|p2a: Chansey|evasion|1
|-sideend|p2: lil manaphy|Stealth Rock|[from] move: Defog|[of] p2a: Chansey
|-sideend|p1: WECAMEASROMANS|Stealth Rock|[from] move: Defog|[of] p1a: Latios
|move|p2a: Chansey|Soft-Boiled|p2a: Chansey
|-heal|p2a: Chansey|703\/703
|
|turn|19
|
|switch|p1a: Mamoswine|Mamoswine, M|261\/361
|move|p2a: Chansey|Thunder Wave|p1a: Mamoswine
|-immune|p1a: Mamoswine|[msg]
|
|turn|20
|
|switch|p2a: Keldeo-Resolute|Keldeo-Resolute|323\/323
|move|p1a: Mamoswine|Stealth Rock|p2a: Keldeo-Resolute
|-sidestart|p2: lil manaphy|move: Stealth Rock
|
|turn|21
|
|move|p2a: Keldeo-Resolute|Scald|p1a: Mamoswine
|-supereffective|p1a: Mamoswine
|-damage|p1a: Mamoswine|0 fnt
|faint|p1a: Mamoswine
|
|join|cholera90
|
|switch|p1a: Latios|Latios, M|109\/299
|turn|22
|
|switch|p2a: Chansey|Chansey, F|703\/703
|-damage|p2a: Chansey|616\/703|[from] Stealth Rock
|move|p1a: Latios|Psyshock|p2a: Chansey
|-damage|p2a: Chansey|374\/703
|-damage|p1a: Latios|80\/299|[from] item: Life Orb
|
|turn|23
|
|switch|p1a: Lopunny|Lopunny, M|271\/271
|move|p2a: Chansey|Soft-Boiled|p2a: Chansey
|-heal|p2a: Chansey|703\/703
|
|turn|24
|leave|cholera90
|
|detailschange|p1a: Lopunny|Lopunny-Mega, M
|-mega|p1a: Lopunny|Lopunny|Lopunnite
|move|p1a: Lopunny|High Jump Kick|p2a: Chansey|[miss]
|-miss|p1a: Lopunny|p2a: Chansey
|-damage|p1a: Lopunny|136\/271|[from] highjumpkick
|move|p2a: Chansey|Thunder Wave|p1a: Lopunny
|-status|p1a: Lopunny|par
|
|turn|25
|
|switch|p2a: Mandibuzz|Mandibuzz, F|423\/423
|-damage|p2a: Mandibuzz|318\/423|[from] Stealth Rock
|move|p1a: Lopunny|High Jump Kick|p2a: Mandibuzz
|-damage|p2a: Mandibuzz|117\/423
|-damage|p1a: Lopunny|91\/271 par|[from] item: Rocky Helmet|[of] p2a: Mandibuzz
|
|turn|26
|
|move|p2a: Mandibuzz|Roost|p2a: Mandibuzz
|-heal|p2a: Mandibuzz|329\/423
|cant|p1a: Lopunny|par
|
|turn|27
|c|âlil manaphy|this is soo haxy im sorry
|
|move|p2a: Mandibuzz|Defog|p1a: Lopunny
|-unboost|p1a: Lopunny|evasion|1
|-sideend|p2: lil manaphy|Stealth Rock|[from] move: Defog|[of] p2a: Mandibuzz
|move|p1a: Lopunny|High Jump Kick|p2a: Mandibuzz
|-damage|p2a: Mandibuzz|142\/423
|-damage|p1a: Lopunny|46\/271 par|[from] item: Rocky Helmet|[of] p2a: Mandibuzz
|
|turn|28
|
|move|p2a: Mandibuzz|Foul Play|p1a: Lopunny
|-resisted|p1a: Lopunny
|-damage|p1a: Lopunny|0 fnt
|faint|p1a: Lopunny
|
|
|switch|p1a: Victini|Victini|318\/365
|turn|29
|
|move|p1a: Victini|Bolt Strike|p2a: Mandibuzz
|-supereffective|p2a: Mandibuzz
|-damage|p2a: Mandibuzz|0 fnt
|-damage|p1a: Victini|258\/365|[from] item: Rocky Helmet|[of] p2a: Mandibuzz
|faint|p2a: Mandibuzz
|
|-heal|p1a: Victini|280\/365|[from] item: Leftovers
|
|switch|p2a: Keldeo-Resolute|Keldeo-Resolute|323\/323
|turn|30
|join|FunkyCrackudoCat
|
|switch|p1a: Landorus-Therian|Landorus-Therian, M|325\/325
|-ability|p1a: Landorus-Therian|Intimidate|[of] p2a: Keldeo-Resolute
|-unboost|p2a: Keldeo-Resolute|atk|1
|move|p2a: Keldeo-Resolute|Scald|p1a: Landorus-Therian
|-supereffective|p1a: Landorus-Therian
|-damage|p1a: Landorus-Therian|0 fnt
|faint|p1a: Landorus-Therian
|
|
|switch|p1a: Latios|Latios, M|80\/299
|turn|31
|
|switch|p1a: Victini|Victini|280\/365
|switch|p2a: Chansey|Chansey, F|703\/703
|
|-heal|p1a: Victini|302\/365|[from] item: Leftovers
|turn|32
|
|move|p1a: Victini|Substitute|p1a: Victini
|-start|p1a: Victini|Substitute
|-damage|p1a: Victini|211\/365
|move|p2a: Chansey|Thunder Wave|p1a: Victini
|
|-heal|p1a: Victini|233\/365|[from] item: Leftovers
|turn|33
|
|move|p1a: Victini|Power-Up Punch|p2a: Chansey
|-supereffective|p2a: Chansey
|-damage|p2a: Chansey|595\/703
|-boost|p1a: Victini|atk|1
|move|p2a: Chansey|Seismic Toss|p1a: Victini
|-end|p1a: Victini|Substitute
|
|-heal|p1a: Victini|255\/365|[from] item: Leftovers
|turn|34
|
|switch|p2a: Keldeo-Resolute|Keldeo-Resolute|323\/323
|move|p1a: Victini|V-create|p2a: Keldeo-Resolute
|-resisted|p2a: Keldeo-Resolute
|-damage|p2a: Keldeo-Resolute|85\/323
|-unboost|p1a: Victini|def|1
|-unboost|p1a: Victini|spd|1
|-unboost|p1a: Victini|spe|1
|
|-heal|p2a: Keldeo-Resolute|105\/323|[from] item: Leftovers
|-heal|p1a: Victini|277\/365|[from] item: Leftovers
|turn|35
|
|switch|p1a: Latios|Latios, M|80\/299
|move|p2a: Keldeo-Resolute|Scald|p1a: Latios
|-resisted|p1a: Latios
|-damage|p1a: Latios|14\/299
|-status|p1a: Latios|brn
|
|-heal|p2a: Keldeo-Resolute|125\/323|[from] item: Leftovers
|-damage|p1a: Latios|0 fnt|[from] brn
|faint|p1a: Latios
|c| FunkyCrackudoCat|haha
|
|switch|p1a: Victini|Victini|277\/365
|turn|36
|
|move|p2a: Keldeo-Resolute|Substitute|p2a: Keldeo-Resolute
|-start|p2a: Keldeo-Resolute|Substitute
|-damage|p2a: Keldeo-Resolute|45\/323
|move|p1a: Victini|Bolt Strike|p2a: Keldeo-Resolute
|-supereffective|p2a: Keldeo-Resolute
|-end|p2a: Keldeo-Resolute|Substitute
|
|-heal|p2a: Keldeo-Resolute|65\/323|[from] item: Leftovers
|-heal|p1a: Victini|299\/365|[from] item: Leftovers
|turn|37
|
|move|p2a: Keldeo-Resolute|Scald|p1a: Victini
|-supereffective|p1a: Victini
|-damage|p1a: Victini|5\/365
|move|p1a: Victini|Bolt Strike|p2a: Keldeo-Resolute
|-supereffective|p2a: Keldeo-Resolute
|-damage|p2a: Keldeo-Resolute|0 fnt
|faint|p2a: Keldeo-Resolute
|
|-heal|p1a: Victini|27\/365|[from] item: Leftovers
|
|switch|p2a: Chansey|Chansey, F|595\/703
|turn|38
|
|move|p1a: Victini|V-create|p2a: Chansey
|-damage|p2a: Chansey|175\/703
|-unboost|p1a: Victini|def|1
|-unboost|p1a: Victini|spd|1
|-unboost|p1a: Victini|spe|1
|move|p2a: Chansey|Seismic Toss|p1a: Victini
|-damage|p1a: Victini|0 fnt
|faint|p1a: Victini
|
|win|lil manaphy
|raw|Ladder updating...
|raw|WECAMEASROMANS's rating: 1670 &rarr; <strong>1656<\/strong><br \/>(-14 for losing)
|raw|lil manaphy's rating: 1772 &rarr; <strong>1787<\/strong><br \/>(+15 for winning)
|leave|WECAMEASROMANS
|leave|FunkyCrackudoCat
|player|p1
|leave|lil manaphy
|player|p2