|join|WECAMEASROMANS
|join|Gyarados-Mega
|player|p1|WECAMEASROMANS|266
|player|p2|Gyarados-Mega|151
|gametype|singles
|gen|6
|tier|OU
|rated
|clearpoke
|poke|p1|Kyurem-Black
|poke|p1|Thundurus, M
|poke|p1|Landorus-Therian, M
|poke|p1|Heatran, F
|poke|p1|Sableye, M
|poke|p1|Starmie
|poke|p2|Gengar, M
|poke|p2|Meloetta
|poke|p2|Conkeldurr, M
|poke|p2|Gyarados, M
|poke|p2|Ferrothorn, M
|poke|p2|Landorus, M
|rule|Swagger Clause: Swagger is banned
|rule|Baton Pass Clause: Limit one PokÃ©mon knowing Baton Pass
|rule|Sleep Clause Mod: Limit one foe put to sleep
|rule|Species Clause: Limit one of each PokÃ©mon
|rule|OHKO Clause: OHKO moves are banned
|rule|Moody Clause: Moody is banned
|rule|Evasion Moves Clause: Evasion moves are banned
|rule|Endless Battle Clause: Forcing endless battles is banned
|rule|HP Percentage Mod: HP is shown in percentages
|teampreview
|join|etaoi
|
|start
|switch|p1a: Thundurus|Thundurus, M|299\/299
|switch|p2a: Enten|Landorus, M|319\/319
|turn|1
|join|I Iike Squirtles
|
|switch|p2a: Heihachi|Conkeldurr, M|383\/383
|move|p1a: Thundurus|Nasty Plot|p1a: Thundurus
|-boost|p1a: Thundurus|spa|2
|
|turn|2
|
|switch|p1a: Sableye|Sableye, M|304\/304
|move|p2a: Heihachi|Ice Punch|p1a: Sableye
|-damage|p1a: Sableye|231\/304
|
|turn|3
|
|switch|p2a: Enten|Landorus, M|319\/319
|detailschange|p1a: Sableye|Sableye-Mega, M
|-mega|p1a: Sableye|Sableye|Sablenite
|move|p1a: Sableye|Calm Mind|p1a: Sableye
|-boost|p1a: Sableye|spa|1
|-boost|p1a: Sableye|spd|1
|
|turn|4
|
|switch|p1a: Thundurus|Thundurus, M|299\/299
|move|p2a: Enten|Earth Power|p1a: Thundurus
|-immune|p1a: Thundurus|[msg]
|
|turn|5
|
|switch|p2a: Heihachi|Conkeldurr, M|383\/383
|move|p1a: Thundurus|Hidden Power|p2a: Heihachi
|-damage|p2a: Heihachi|322\/383
|-damage|p1a: Thundurus|270\/299|[from] item: Life Orb
|
|turn|6
|
|switch|p2a: Enten|Landorus, M|319\/319
|move|p1a: Thundurus|Hidden Power|p2a: Enten
|-supereffective|p2a: Enten
|-damage|p2a: Enten|0 fnt
|-damage|p1a: Thundurus|241\/299|[from] item: Life Orb
|faint|p2a: Enten
|
|
|switch|p2a: Heihachi|Conkeldurr, M|322\/383
|turn|7
|
|switch|p1a: Sableye|Sableye-Mega, M|231\/304
|switch|p2a: Zelda|Meloetta|404\/404
|
|turn|8
|
|switch|p1a: Landorus-Therian|Landorus-Therian, M|325\/325
|-ability|p1a: Landorus-Therian|Intimidate|[of] p2a: Zelda
|-unboost|p2a: Zelda|atk|1
|move|p2a: Zelda|Substitute|p2a: Zelda
|-start|p2a: Zelda|Substitute
|-damage|p2a: Zelda|303\/404
|
|-heal|p2a: Zelda|328\/404|[from] item: Leftovers
|turn|9
|
|move|p1a: Landorus-Therian|U-turn|p2a: Zelda
|-supereffective|p2a: Zelda
|-end|p2a: Zelda|Substitute
|
|switch|p1a: Kyurem-Black|Kyurem-Black|391\/391
|-ability|p1a: Kyurem-Black|Teravolt
|move|p2a: Zelda|Psyshock|p1a: Kyurem-Black
|-damage|p1a: Kyurem-Black|262\/391
|
|-heal|p2a: Zelda|353\/404|[from] item: Leftovers
|turn|10
|
|move|p1a: Kyurem-Black|Ice Beam|p2a: Zelda
|-damage|p2a: Zelda|184\/404
|-damage|p1a: Kyurem-Black|223\/391|[from] item: Life Orb
|move|p2a: Zelda|Calm Mind|p2a: Zelda
|-boost|p2a: Zelda|spa|1
|-boost|p2a: Zelda|spd|1
|
|-heal|p2a: Zelda|209\/404|[from] item: Leftovers
|turn|11
|
|move|p1a: Kyurem-Black|Fusion Bolt|p2a: Zelda
|-damage|p2a: Zelda|67\/404
|-damage|p1a: Kyurem-Black|184\/391|[from] item: Life Orb
|move|p2a: Zelda|Psyshock|p1a: Kyurem-Black
|-damage|p1a: Kyurem-Black|0 fnt
|faint|p1a: Kyurem-Black
|
|-heal|p2a: Zelda|92\/404|[from] item: Leftovers
|
|switch|p1a: Landorus-Therian|Landorus-Therian, M|325\/325
|-ability|p1a: Landorus-Therian|Intimidate|[of] p2a: Zelda
|-unboost|p2a: Zelda|atk|1
|turn|12
|
|move|p1a: Landorus-Therian|U-turn|p2a: Zelda
|-supereffective|p2a: Zelda
|-damage|p2a: Zelda|0 fnt
|faint|p2a: Zelda
|
|switch|p1a: Thundurus|Thundurus, M|241\/299
|
|
|switch|p2a: Heihachi|Conkeldurr, M|322\/383
|turn|13
|
|switch|p1a: Sableye|Sableye-Mega, M|231\/304
|move|p2a: Heihachi|Ice Punch|p1a: Sableye
|-damage|p1a: Sableye|180\/304
|
|turn|14
|
|move|p2a: Heihachi|Ice Punch|p1a: Sableye
|-damage|p1a: Sableye|129\/304
|move|p1a: Sableye|Shadow Ball|p2a: Heihachi
|-damage|p2a: Heihachi|267\/383
|
|turn|15
|
|switch|p2a: Phantom|Gengar, M|262\/262
|move|p1a: Sableye|Shadow Ball|p2a: Phantom
|-supereffective|p2a: Phantom
|-damage|p2a: Phantom|46\/262
|
|turn|16
|
|switch|p1a: Heatran|Heatran, F|327\/327
|move|p2a: Phantom|Shadow Ball|p1a: Heatran
|-crit|p1a: Heatran
|-damage|p1a: Heatran|74\/327
|-damage|p2a: Phantom|20\/262|[from] item: Life Orb
|
|-heal|p1a: Heatran|94\/327|[from] item: Leftovers
|turn|17
|join|All Together Now
|
|move|p2a: Phantom|Shadow Ball|p1a: Heatran
|-damage|p1a: Heatran|0 fnt
|-damage|p2a: Phantom|0 fnt|[from] item: Life Orb
|faint|p1a: Heatran
|faint|p2a: Phantom
|
|
|switch|p1a: Starmie|Starmie|261\/261
|switch|p2a: Predator|Gyarados, M|331\/331
|-ability|p2a: Predator|Intimidate|[of] p1a: Starmie
|-unboost|p1a: Starmie|atk|1
|turn|18
|
|detailschange|p2a: Predator|Gyarados-Mega, M
|-mega|p2a: Predator|Gyarados|Gyaradosite
|-ability|p2a: Predator|Mold Breaker
|move|p1a: Starmie|Thunderbolt|p2a: Predator
|-supereffective|p2a: Predator
|-damage|p2a: Predator|172\/331
|-damage|p1a: Starmie|235\/261|[from] item: Life Orb
|move|p2a: Predator|Dragon Dance|p2a: Predator
|-boost|p2a: Predator|atk|1
|-boost|p2a: Predator|spe|1
|
|turn|19
|
|move|p2a: Predator|Dragon Dance|p2a: Predator
|-boost|p2a: Predator|atk|1
|-boost|p2a: Predator|spe|1
|move|p1a: Starmie|Thunderbolt|p2a: Predator
|-supereffective|p2a: Predator
|-damage|p2a: Predator|0 fnt
|-damage|p1a: Starmie|209\/261|[from] item: Life Orb
|faint|p2a: Predator
|
|-message|Gyarados-Mega forfeited.
|leave|Gyarados-Mega
|c| All Together Now|cocky
|
|win|WECAMEASROMANS
|raw|Ladder updating...
|player|p2
|raw|WECAMEASROMANS's rating: 1712 &rarr; <strong>1730<\/strong><br \/>(+18 for winning)
|raw|Gyarados-Mega's rating: 1661 &rarr; <strong>1644<\/strong><br \/>(-17 for losing)
|leave|WECAMEASROMANS
|player|p1