|join|Bluwing
|join|WECAMEASROMANS
|player|p1|Bluwing|290
|player|p2|WECAMEASROMANS|266
|gametype|singles
|gen|6
|tier|OU
|clearpoke
|poke|p1|Articuno
|poke|p1|Dugtrio, M
|poke|p1|Latios, M
|poke|p1|Jirachi
|poke|p1|Manectric, F
|poke|p1|Keldeo
|poke|p2|Kyurem-Black
|poke|p2|Thundurus, M
|poke|p2|Landorus-Therian, M
|poke|p2|Heatran, F
|poke|p2|Sableye, M
|poke|p2|Starmie
|rule|Swagger Clause: Swagger is banned
|rule|Baton Pass Clause: Limit one PokÃ©mon knowing Baton Pass
|rule|Sleep Clause Mod: Limit one foe put to sleep
|rule|Species Clause: Limit one of each PokÃ©mon
|rule|OHKO Clause: OHKO moves are banned
|rule|Moody Clause: Moody is banned
|rule|Evasion Moves Clause: Evasion moves are banned
|rule|Endless Battle Clause: Forcing endless battles is banned
|rule|HP Percentage Mod: HP is shown in percentages
|teampreview
|join|KewlKat
|join|terra olympus
|join|CSS)bleachzxzx
|join|ExcaliburNinja
|join|dankbois
|join|Johnny tots
|c|âBluwing|hf
|join|Dyanna
|join|Demandred
|join|l123
|join|biebiebie
|join|treebut26
|join|Mega Magic Bounce
|c|âWECAMEASROMANS|you too
|join|WaitTilYesterday
|join|MaybeI'mMamoswine
|c| WaitTilYesterday|articuno lord squad
|c| WaitTilYesterday|i like it
|
|start
|switch|p1a: Keldeo|Keldeo|323\/323
|switch|p2a: Landorus-Therian|Landorus-Therian, M|325\/325
|-ability|p2a: Landorus-Therian|Intimidate|[of] p1a: Keldeo
|-unboost|p1a: Keldeo|atk|1
|turn|1
|c| WaitTilYesterday|isn't this what joey used that one time
|join|Bloodz
|c| Johnny tots|doon cuno
|
|switch|p2a: Starmie|Starmie|261\/261
|move|p1a: Keldeo|Substitute|p1a: Keldeo
|-start|p1a: Keldeo|Substitute
|-damage|p1a: Keldeo|243\/323
|
|-heal|p1a: Keldeo|263\/323|[from] item: Leftovers
|turn|2
|
|switch|p1a: Jirachi|Jirachi|404\/404
|move|p2a: Starmie|Thunderbolt|p1a: Jirachi
|-damage|p1a: Jirachi|296\/404
|-damage|p2a: Starmie|235\/261|[from] item: Life Orb
|
|-heal|p1a: Jirachi|321\/404|[from] item: Leftovers
|turn|3
|c| Bloodz|is that the msab HO
|c| Bloodz|lel
|
|switch|p2a: Sableye|Sableye, M|304\/304
|move|p1a: Jirachi|U-turn|p2a: Sableye
|-damage|p2a: Sableye|249\/304
|
|switch|p1a: Keldeo|Keldeo|263\/323
|
|-heal|p1a: Keldeo|283\/323|[from] item: Leftovers
|turn|4
|join|Reskk
|
|detailschange|p2a: Sableye|Sableye-Mega, M
|-mega|p2a: Sableye|Sableye|Sablenite
|move|p2a: Sableye|Will-O-Wisp|p1a: Keldeo
|-status|p1a: Keldeo|brn
|move|p1a: Keldeo|Calm Mind|p1a: Keldeo
|-boost|p1a: Keldeo|spa|1
|-boost|p1a: Keldeo|spd|1
|
|-heal|p1a: Keldeo|303\/323 brn|[from] item: Leftovers
|-damage|p1a: Keldeo|263\/323 brn|[from] brn
|turn|5
|c| Reskk|WE CUM AS ROMANS YOU CAN DO IT
|join|MonoConvergence
|
|switch|p2a: Starmie|Starmie|235\/261
|move|p1a: Keldeo|Scald|p2a: Starmie
|-resisted|p2a: Starmie
|-damage|p2a: Starmie|107\/261
|
|-heal|p1a: Keldeo|283\/323 brn|[from] item: Leftovers
|-damage|p1a: Keldeo|243\/323 brn|[from] brn
|turn|6
|
|switch|p2a: Thundurus|Thundurus, M|299\/299
|switch|p1a: Jirachi|Jirachi|321\/404
|
|-heal|p1a: Jirachi|346\/404|[from] item: Leftovers
|turn|7
|c| Mega Magic Bounce|articuno ftw
|
|move|p2a: Thundurus|Nasty Plot|p2a: Thundurus
|-boost|p2a: Thundurus|spa|2
|move|p1a: Jirachi|Toxic|p2a: Thundurus
|-status|p2a: Thundurus|tox
|
|-heal|p1a: Jirachi|371\/404|[from] item: Leftovers
|-damage|p2a: Thundurus|281\/299 tox|[from] psn
|turn|8
|
|switch|p1a: Dugtrio|Dugtrio, M|201\/201
|move|p2a: Thundurus|Focus Blast|p1a: Dugtrio
|-enditem|p1a: Dugtrio|Focus Sash
|-damage|p1a: Dugtrio|1\/201
|-damage|p2a: Thundurus|252\/299 tox|[from] item: Life Orb
|
|-damage|p2a: Thundurus|216\/299 tox|[from] psn
|turn|9
|join|LEEB1
|leave|Dyanna
|c| Reskk|gg
|join|Jukain
|join|StarkGod
|join|daftmau5
|join|Wanna Be A Baller
|
|switch|p2a: Sableye|Sableye-Mega, M|249\/304
|move|p1a: Dugtrio|Stone Edge|p2a: Sableye
|-crit|p2a: Sableye
|-damage|p2a: Sableye|170\/304
|
|turn|10
|join|alt7777777
|join|ryzed
|c| daftmau5|ahh is that agility articuno
|c| daftmau5|lgi
|c|+Jukain|DAS MY NIGGA BLUWING
|join|Alvadora
|join|Mistaken
|c|+Jukain|W\/ THE CUNO DUG CORE
|
|switch|p1a: Keldeo|Keldeo|243\/323 brn
|move|p2a: Sableye|Recover|p2a: Sableye
|-heal|p2a: Sableye|304\/304
|
|-heal|p1a: Keldeo|263\/323 brn|[from] item: Leftovers
|-damage|p1a: Keldeo|223\/323 brn|[from] brn
|turn|11
|join|craing
|
|move|p1a: Keldeo|Calm Mind|p1a: Keldeo
|-boost|p1a: Keldeo|spa|1
|-boost|p1a: Keldeo|spd|1
|move|p2a: Sableye|Calm Mind|p2a: Sableye
|-boost|p2a: Sableye|spa|1
|-boost|p2a: Sableye|spd|1
|
|-heal|p1a: Keldeo|243\/323 brn|[from] item: Leftovers
|-damage|p1a: Keldeo|203\/323 brn|[from] brn
|turn|12
|join|NagariNewMeta
|leave|ExcaliburNinja
|c| WaitTilYesterday|it begins
|
|move|p1a: Keldeo|Calm Mind|p1a: Keldeo
|-boost|p1a: Keldeo|spa|1
|-boost|p1a: Keldeo|spd|1
|move|p2a: Sableye|Calm Mind|p2a: Sableye
|-boost|p2a: Sableye|spa|1
|-boost|p2a: Sableye|spd|1
|
|-heal|p1a: Keldeo|223\/323 brn|[from] item: Leftovers
|-damage|p1a: Keldeo|183\/323 brn|[from] brn
|turn|13
|join|Frickett
|c| LEEB1|cm batte, yes!!
|c| StarkGod|ty based bluwing for mega sharpedo\/Sd glisc
|
|move|p1a: Keldeo|Scald|p2a: Sableye
|-damage|p2a: Sableye|186\/304
|move|p2a: Sableye|Calm Mind|p2a: Sableye
|-boost|p2a: Sableye|spa|1
|-boost|p2a: Sableye|spd|1
|
|-heal|p1a: Keldeo|203\/323 brn|[from] item: Leftovers
|-damage|p1a: Keldeo|163\/323 brn|[from] brn
|turn|14
|
|move|p1a: Keldeo|Scald|p2a: Sableye
|-damage|p2a: Sableye|89\/304
|move|p2a: Sableye|Recover|p2a: Sableye
|-heal|p2a: Sableye|241\/304
|
|-heal|p1a: Keldeo|183\/323 brn|[from] item: Leftovers
|-damage|p1a: Keldeo|143\/323 brn|[from] brn
|turn|15
|
|move|p1a: Keldeo|Scald|p2a: Sableye
|-damage|p2a: Sableye|145\/304
|-status|p2a: Sableye|brn
|move|p2a: Sableye|Shadow Ball|p1a: Keldeo
|-damage|p1a: Keldeo|20\/323 brn
|-unboost|p1a: Keldeo|spd|1
|
|-heal|p1a: Keldeo|40\/323 brn|[from] item: Leftovers
|-damage|p1a: Keldeo|0 fnt|[from] brn
|-damage|p2a: Sableye|107\/304 brn|[from] brn
|faint|p1a: Keldeo
|c|âBluwing|there we go
|c| Reskk|reveal rest keldeo
|
|switch|p1a: Jirachi|Jirachi|371\/404
|turn|16
|c|+Jukain|BOP THELE IT IS
|
|switch|p2a: Landorus-Therian|Landorus-Therian, M|325\/325
|-ability|p2a: Landorus-Therian|Intimidate|[of] p1a: Jirachi
|-unboost|p1a: Jirachi|atk|1
|move|p1a: Jirachi|Iron Head|p2a: Landorus-Therian
|-crit|p2a: Landorus-Therian
|-damage|p2a: Landorus-Therian|165\/325
|
|-heal|p1a: Jirachi|396\/404|[from] item: Leftovers
|turn|17
|join|FathaFingLing
|c| WaitTilYesterday|now how you touching this
|c|âBluwing|soz
|
|move|p2a: Landorus-Therian|Earthquake|p1a: Jirachi
|-supereffective|p1a: Jirachi
|-damage|p1a: Jirachi|16\/404
|move|p1a: Jirachi|U-turn|p2a: Landorus-Therian
|-resisted|p2a: Landorus-Therian
|-damage|p2a: Landorus-Therian|143\/325
|
|switch|p1a: Articuno|Articuno|329\/329
|-ability|p1a: Articuno|Pressure
|
|turn|18
|join|Rooo
|leave|FathaFingLing
|
|switch|p2a: Kyurem-Black|Kyurem-Black|391\/391
|-ability|p2a: Kyurem-Black|Teravolt
|move|p1a: Articuno|U-turn|p2a: Kyurem-Black
|-damage|p2a: Kyurem-Black|327\/391
|-damage|p1a: Articuno|297\/329|[from] item: Life Orb
|c| Wanna Be A Baller|its in
|join|FathaFingLing
|c| NagariNewMeta|based articuno
|
|switch|p1a: Jirachi|Jirachi|16\/404
|
|-heal|p1a: Jirachi|41\/404|[from] item: Leftovers
|turn|19
|c| Bloodz|naw
|
|move|p1a: Jirachi|Iron Head|p2a: Kyurem-Black
|-supereffective|p2a: Kyurem-Black
|-damage|p2a: Kyurem-Black|103\/391
|cant|p2a: Kyurem-Black|flinch
|
|-heal|p1a: Jirachi|66\/404|[from] item: Leftovers
|turn|20
|c|+Jukain|THE THREAT IS INSIDE
|c| Bloodz|that's based virizion
|c| Mistaken|lol
|
|switch|p2a: Heatran|Heatran, F|327\/327
|move|p1a: Jirachi|Iron Head|p2a: Heatran
|-crit|p2a: Heatran
|-resisted|p2a: Heatran
|-damage|p2a: Heatran|288\/327
|
|-heal|p1a: Jirachi|91\/404|[from] item: Leftovers
|-heal|p2a: Heatran|308\/327|[from] item: Leftovers
|turn|21
|c| NagariNewMeta|true
|c|+Jukain|BOP THELE IT IS
|leave|treebut26
|c| daftmau5|ahhh the fabled mega sab
|
|switch|p1a: Dugtrio|Dugtrio, M|1\/201
|move|p2a: Heatran|Stealth Rock|p1a: Dugtrio
|-sidestart|p1: Bluwing|move: Stealth Rock
|
|-heal|p2a: Heatran|327\/327|[from] item: Leftovers
|turn|22
|c| Mistaken|heatran getting flinched to death
|c| daftmau5|hyper offense
|c|+Jukain|lol wcar
|c| NagariNewMeta|still haven't seen him
|c| daftmau5|someone had to make it
|
|move|p1a: Dugtrio|Earthquake|p2a: Heatran
|-supereffective|p2a: Heatran
|-damage|p2a: Heatran|0 fnt
|faint|p2a: Heatran
|
|
|switch|p2a: Landorus-Therian|Landorus-Therian, M|143\/325
|-ability|p2a: Landorus-Therian|Intimidate|[of] p1a: Dugtrio
|-unboost|p1a: Dugtrio|atk|1
|turn|23
|c| LEEB1|that trap
|
|move|p2a: Landorus-Therian|U-turn|p1a: Dugtrio
|-damage|p1a: Dugtrio|0 fnt
|faint|p1a: Dugtrio
|
|switch|p2a: Thundurus|Thundurus, M|216\/299 tox
|
|-damage|p2a: Thundurus|198\/299 tox|[from] psn
|leave|l123
|
|switch|p1a: Latios|Latios, M|301\/301
|-damage|p1a: Latios|264\/301|[from] Stealth Rock
|turn|24
|join|Can't triforce OP
|
|move|p2a: Thundurus|Hidden Power|p1a: Latios
|-supereffective|p1a: Latios
|-damage|p1a: Latios|95\/301
|-damage|p2a: Thundurus|169\/299 tox|[from] item: Life Orb
|move|p1a: Latios|Defog|p2a: Thundurus
|-unboost|p2a: Thundurus|evasion|1
|-sideend|p1: Bluwing|Stealth Rock|[from] move: Defog|[of] p1a: Latios
|
|-damage|p2a: Thundurus|133\/299 tox|[from] psn
|turn|25
|c| NagariNewMeta|y no manec?
|
|switch|p1a: Jirachi|Jirachi|91\/404
|move|p2a: Thundurus|Hidden Power|p1a: Jirachi
|-resisted|p1a: Jirachi
|-damage|p1a: Jirachi|44\/404
|-damage|p2a: Thundurus|104\/299 tox|[from] item: Life Orb
|
|-heal|p1a: Jirachi|69\/404|[from] item: Leftovers
|-damage|p2a: Thundurus|50\/299 tox|[from] psn
|turn|26
|c| LEEB1|lol, wut
|
|switch|p1a: Latios|Latios, M|95\/301
|move|p2a: Thundurus|Thunderbolt|p1a: Latios
|-resisted|p1a: Latios
|-damage|p1a: Latios|1\/301
|-status|p1a: Latios|par
|-damage|p2a: Thundurus|21\/299 tox|[from] item: Life Orb
|
|-damage|p2a: Thundurus|0 fnt|[from] psn
|faint|p2a: Thundurus
|leave|Frickett
|c|âBluwing|lmao
|
|switch|p2a: Landorus-Therian|Landorus-Therian, M|143\/325
|-ability|p2a: Landorus-Therian|Intimidate|[of] p1a: Latios
|-unboost|p1a: Latios|atk|1
|turn|27
|c|âBluwing|rekt
|
|move|p2a: Landorus-Therian|U-turn|p1a: Latios
|-supereffective|p1a: Latios
|-damage|p1a: Latios|0 fnt
|faint|p1a: Latios
|c| NagariNewMeta|lol
|
|switch|p2a: Starmie|Starmie|107\/261
|
|leave|KewlKat
|join|JDynasty
|c|âBluwing|holy fuckin shit that thing is strong lol
|join|raiderrocker18
|
|switch|p1a: Articuno|Articuno|297\/329
|-ability|p1a: Articuno|Pressure
|turn|28
|
|move|p2a: Starmie|Thunderbolt|p1a: Articuno
|-supereffective|p1a: Articuno
|-damage|p1a: Articuno|120\/329
|-damage|p2a: Starmie|81\/261|[from] item: Life Orb
|move|p1a: Articuno|Freeze-Dry|p2a: Starmie
|-crit|p2a: Starmie
|-supereffective|p2a: Starmie
|-damage|p2a: Starmie|0 fnt
|-damage|p1a: Articuno|88\/329|[from] item: Life Orb
|faint|p2a: Starmie
|
|c| raiderrocker18|this mans using articuno
|c|+Jukain|lol
|c| WaitTilYesterday|the threat's inside
|leave|Mistaken
|
|switch|p2a: Landorus-Therian|Landorus-Therian, M|143\/325
|-ability|p2a: Landorus-Therian|Intimidate|[of] p1a: Articuno
|-unboost|p1a: Articuno|atk|1
|turn|29
|c|+Jukain|shit
|c|+Jukain|do u lose?
|join|QuagGod
|
|switch|p1a: Jirachi|Jirachi|69\/404
|move|p2a: Landorus-Therian|Superpower|p1a: Jirachi
|-damage|p1a: Jirachi|0 fnt
|-unboost|p2a: Landorus-Therian|atk|1
|-unboost|p2a: Landorus-Therian|def|1
|faint|p1a: Jirachi
|
|
|switch|p1a: Manectric|Manectric, F|281\/281
|turn|30
|join|Mistaken
|c|+Jukain|o rite
|
|switch|p2a: Sableye|Sableye-Mega, M|107\/304 brn
|detailschange|p1a: Manectric|Manectric-Mega, F
|-mega|p1a: Manectric|Manectric|Manectite
|-ability|p1a: Manectric|Intimidate|[of] p2a: Sableye
|-unboost|p2a: Sableye|atk|1
|move|p1a: Manectric|Hidden Power|p2a: Sableye
|-damage|p2a: Sableye|42\/304 brn
|
|-damage|p2a: Sableye|4\/304 brn|[from] brn
|turn|31
|c|+Jukain|kyub is rly low
|c|+Jukain|fity fity
|leave|Wanna Be A Baller
|
|move|p1a: Manectric|Volt Switch|p2a: Sableye
|-damage|p2a: Sableye|0 fnt
|faint|p2a: Sableye
|
|switch|p1a: Articuno|Articuno|88\/329
|-ability|p1a: Articuno|Pressure
|
|
|switch|p2a: Landorus-Therian|Landorus-Therian, M|143\/325
|-ability|p2a: Landorus-Therian|Intimidate|[of] p1a: Articuno
|-unboost|p1a: Articuno|atk|1
|turn|32
|join|oml it's too ez
|c| NagariNewMeta|da 50\/50
|join|jhjhnnnngg
|c|+Jukain|ice shard
|c|+Jukain|ice shard
|leave|oml it's too ez
|c|+Jukain|ice shard
|c|+Jukain|ice shard
|c| WaitTilYesterday|for some reason the megas aren't showing up in the mini team sprites
|c|âWECAMEASROMANS|!learn articuno, ice shard
|raw|<div class="infobox">Articuno <span class="message-learn-canlearn">can<\/span> learn Ice Shard<\/ul><\/div>
|c|âWECAMEASROMANS|shit
|c| NagariNewMeta|lol
|c| WaitTilYesterday|dat -1 85 atk
|c| raiderrocker18|gen 1 HYPE
|c| WaitTilYesterday|sppok
|c| biebiebie|articuno looks good all of the sudden lol
|leave|jhjhnnnngg
|c|âWECAMEASROMANS|50\/50?
|c|âWECAMEASROMANS|amirite
|
|switch|p1a: Manectric|Manectric-Mega, F|281\/281
|-ability|p1a: Manectric|Intimidate|[of] p2a: Landorus-Therian
|-unboost|p2a: Landorus-Therian|atk|1
|move|p2a: Landorus-Therian|Superpower|p1a: Manectric
|-damage|p1a: Manectric|160\/281
|-unboost|p2a: Landorus-Therian|atk|1
|-unboost|p2a: Landorus-Therian|def|1
|
|turn|33
|join|Anonymous Man
|c|+Jukain|loser
|c|+Jukain|ha
|c| WaitTilYesterday|is that kyurem
|c| WaitTilYesterday|scarfed?
|
|switch|p2a: Kyurem-Black|Kyurem-Black|103\/391
|-ability|p2a: Kyurem-Black|Teravolt
|move|p1a: Manectric|Hidden Power|p2a: Kyurem-Black
|-damage|p2a: Kyurem-Black|28\/391
|
|turn|34
|c| ryzed|it wasnt 50 50
|
|move|p1a: Manectric|Hidden Power|p2a: Kyurem-Black
|-damage|p2a: Kyurem-Black|0 fnt
|faint|p2a: Kyurem-Black
|
|c| ryzed|superpower won
|
|switch|p2a: Landorus-Therian|Landorus-Therian, M|143\/325
|-ability|p2a: Landorus-Therian|Intimidate|[of] p1a: Manectric
|-unboost|p1a: Manectric|atk|1
|turn|35
|c| NagariNewMeta|y?
|join|PragaSV
|c| NagariNewMeta|how?
|c|âBluwing|nah
|c| Bloodz|he needs stone crit
|c|âBluwing|i win
|c| Can't triforce OP|no lol
|c| raiderrocker18|go into articuno
|c| ryzed|oh
|c| raiderrocker18|obvi
|c| Bloodz|stone edge crit
|c| ryzed|nvm
|c| Bloodz|in mane
|c|âBluwing|if he doesn't crit
|c| Bloodz|to win
|c| alt7777777|you can't hit 2
|
|switch|p1a: Articuno|Articuno|88\/329
|-ability|p1a: Articuno|Pressure
|move|p2a: Landorus-Therian|Stone Edge|p1a: Articuno
|-supereffective|p1a: Articuno
|-damage|p1a: Articuno|0 fnt
|faint|p1a: Articuno
|
|c| ryzed|intimidate
|join|treebut26
|c| ryzed|forgot about it
|
|switch|p1a: Manectric|Manectric-Mega, F|160\/281
|-ability|p1a: Manectric|Intimidate|[of] p2a: Landorus-Therian
|-unboost|p2a: Landorus-Therian|atk|1
|turn|36
|c| raiderrocker18|high crit ratio
|c| raiderrocker18|tbh
|
|move|p2a: Landorus-Therian|Stone Edge|p1a: Manectric
|-damage|p1a: Manectric|64\/281
|move|p1a: Manectric|Hidden Power|p2a: Landorus-Therian
|-supereffective|p2a: Landorus-Therian
|-damage|p2a: Landorus-Therian|0 fnt
|faint|p2a: Landorus-Therian
|
|win|Bluwing
|c|âBluwing|ggg
|c|âWECAMEASROMANS|gg!
|c| NagariNewMeta|lol
|c|âBluwing|!
|leave|WECAMEASROMANS
|player|p2
|c| NagariNewMeta|no damage
|leave|Bloodz
|leave|Alvadora
|leave|alt7777777
|leave|Jukain
|leave|raiderrocker18
|leave|WaitTilYesterday
|leave|biebiebie
|leave|terra olympus
|join|iambignoob
|leave|Bluwing
|player|p1
|leave|MonoConvergence
|leave|FathaFingLing
|leave|PragaSV
|leave|Anonymous Man
|leave|NagariNewMeta
|leave|JDynasty
|leave|Mistaken
|leave|ryzed