|join|WECAMEASROMANS
|join|blackwing zero
|player|p1|WECAMEASROMANS|170
|player|p2|blackwing zero|266
|gametype|singles
|gen|6
|tier|OU
|rated
|clearpoke
|poke|p1|Diggersby, M
|poke|p1|Landorus, M
|poke|p1|Bisharp, F
|poke|p1|Sceptile, M
|poke|p1|Latios, M
|poke|p1|Lucario, F
|poke|p2|Diancie
|poke|p2|Azumarill, M
|poke|p2|Gliscor, F
|poke|p2|Heatran, M
|poke|p2|Dragonite, M
|poke|p2|Latios, M
|rule|Swagger Clause: Swagger is banned
|rule|Baton Pass Clause: Limit one PokÃ©mon knowing Baton Pass
|rule|Sleep Clause Mod: Limit one foe put to sleep
|rule|Species Clause: Limit one of each PokÃ©mon
|rule|OHKO Clause: OHKO moves are banned
|rule|Moody Clause: Moody is banned
|rule|Evasion Moves Clause: Evasion moves are banned
|rule|Endless Battle Clause: Forcing endless battles is banned
|rule|HP Percentage Mod: HP is shown in percentages
|teampreview
|join|req'd by crobro
|
|start
|switch|p1a: Diggersby|Diggersby, M|311\/311
|switch|p2a: Gliscor|Gliscor, F|354\/354
|turn|1
|
|move|p1a: Diggersby|Spikes|p2a: Gliscor
|-sidestart|p2: blackwing zero|Spikes
|move|p2a: Gliscor|Earthquake|p1a: Diggersby
|-damage|p1a: Diggersby|181\/311
|
|-status|p2a: Gliscor|tox|[from] item: Toxic Orb
|turn|2
|
|move|p1a: Diggersby|Spikes|p2a: Gliscor
|-sidestart|p2: blackwing zero|Spikes
|move|p2a: Gliscor|Earthquake|p1a: Diggersby
|-damage|p1a: Diggersby|37\/311
|
|turn|3
|
|move|p1a: Diggersby|Return|p2a: Gliscor
|-damage|p2a: Gliscor|171\/354 tox
|move|p2a: Gliscor|Knock Off|p1a: Diggersby
|-damage|p1a: Diggersby|0 fnt
|-enditem|p1a: Diggersby|Focus Sash|[from] move: Knock Off|[of] p2a: Gliscor
|faint|p1a: Diggersby
|
|-heal|p2a: Gliscor|215\/354 tox|[from] ability: Poison Heal
|
|switch|p1a: Sceptile|Sceptile, M|281\/281
|turn|4
|
|switch|p2a: Azumarill|Azumarill, M|404\/404
|-damage|p2a: Azumarill|337\/404|[from] Spikes
|detailschange|p1a: Sceptile|Sceptile-Mega, M
|-mega|p1a: Sceptile|Sceptile|Sceptilite
|move|p1a: Sceptile|Dragon Pulse|p2a: Azumarill
|-immune|p2a: Azumarill|[msg]
|
|turn|5
|
|move|p1a: Sceptile|Leaf Storm|p2a: Azumarill
|-supereffective|p2a: Azumarill
|-damage|p2a: Azumarill|0 fnt
|-unboost|p1a: Sceptile|spa|2
|faint|p2a: Azumarill
|
|
|switch|p2a: Dragonite|Dragonite, M|323\/323
|turn|6
|
|move|p1a: Sceptile|Dragon Pulse|p2a: Dragonite
|-supereffective|p2a: Dragonite
|-damage|p2a: Dragonite|238\/323
|move|p2a: Dragonite|Dragon Dance|p2a: Dragonite
|-boost|p2a: Dragonite|atk|1
|-boost|p2a: Dragonite|spe|1
|
|turn|7
|
|move|p2a: Dragonite|Extreme Speed|p1a: Sceptile
|-damage|p1a: Sceptile|64\/281
|move|p1a: Sceptile|Dragon Pulse|p2a: Dragonite
|-supereffective|p2a: Dragonite
|-damage|p2a: Dragonite|82\/323
|
|turn|8
|
|move|p2a: Dragonite|Extreme Speed|p1a: Sceptile
|-damage|p1a: Sceptile|0 fnt
|faint|p1a: Sceptile
|
|
|switch|p1a: Lucario|Lucario, F|281\/281
|turn|9
|
|move|p1a: Lucario|Extreme Speed|p2a: Dragonite
|-damage|p2a: Dragonite|0 fnt
|-damage|p1a: Lucario|253\/281|[from] item: Life Orb
|faint|p2a: Dragonite
|
|
|switch|p2a: Heatran|Heatran, M|323\/323
|-damage|p2a: Heatran|270\/323|[from] Spikes
|turn|10
|
|move|p1a: Lucario|Close Combat|p2a: Heatran
|-supereffective|p2a: Heatran
|-damage|p2a: Heatran|0 fnt
|-unboost|p1a: Lucario|def|1
|-unboost|p1a: Lucario|spd|1
|-damage|p1a: Lucario|225\/281|[from] item: Life Orb
|faint|p2a: Heatran
|
|
|switch|p2a: Latios|Latios, M|301\/301
|turn|11
|c| req'd by crobro|is that the counter
|
|move|p2a: Latios|Hidden Power|p1a: Lucario
|-crit|p1a: Lucario
|-supereffective|p1a: Lucario
|-damage|p1a: Lucario|0 fnt
|-damage|p2a: Latios|271\/301|[from] item: Life Orb
|faint|p1a: Lucario
|
|
|switch|p1a: Latios|Latios, M|301\/301
|turn|12
|
|move|p1a: Latios|Surf|p2a: Latios
|-resisted|p2a: Latios
|-damage|p2a: Latios|205\/301
|-damage|p1a: Latios|271\/301|[from] item: Life Orb
|move|p2a: Latios|Draco Meteor|p1a: Latios
|-supereffective|p1a: Latios
|-damage|p1a: Latios|0 fnt
|-unboost|p2a: Latios|spa|2
|-damage|p2a: Latios|175\/301|[from] item: Life Orb
|faint|p1a: Latios
|
|
|switch|p1a: Bisharp|Bisharp, F|271\/271
|turn|13
|
|move|p2a: Latios|Earthquake|p1a: Bisharp
|-supereffective|p1a: Bisharp
|-damage|p1a: Bisharp|89\/271
|-damage|p2a: Latios|145\/301|[from] item: Life Orb
|move|p1a: Bisharp|Swords Dance|p1a: Bisharp
|-boost|p1a: Bisharp|atk|2
|
|turn|14
|
|move|p1a: Bisharp|Sucker Punch|p2a: Latios
|-supereffective|p2a: Latios
|-damage|p2a: Latios|0 fnt
|-damage|p1a: Bisharp|62\/271|[from] item: Life Orb
|faint|p2a: Latios
|
|
|switch|p2a: Gliscor|Gliscor, F|215\/354 tox
|turn|15
|
|move|p1a: Bisharp|Sucker Punch|p2a: Gliscor
|-fail|p2a: Gliscor
|move|p2a: Gliscor|Roost|p2a: Gliscor
|-heal|p2a: Gliscor|354\/354 tox
|
|turn|16
|
|move|p1a: Bisharp|Sucker Punch|p2a: Gliscor
|-damage|p2a: Gliscor|6\/354 tox
|-damage|p1a: Bisharp|35\/271|[from] item: Life Orb
|move|p2a: Gliscor|Earthquake|p1a: Bisharp
|-supereffective|p1a: Bisharp
|-damage|p1a: Bisharp|0 fnt
|faint|p1a: Bisharp
|
|-heal|p2a: Gliscor|50\/354 tox|[from] ability: Poison Heal
|
|switch|p1a: Landorus|Landorus, M|319\/319
|turn|17
|
|move|p1a: Landorus|Sludge Wave|p2a: Gliscor
|-resisted|p2a: Gliscor
|-damage|p2a: Gliscor|0 fnt
|faint|p2a: Gliscor
|
|
|switch|p2a: Diancie|Diancie|241\/241
|-damage|p2a: Diancie|201\/241|[from] Spikes
|turn|18
|
|detailschange|p2a: Diancie|Diancie-Mega
|-mega|p2a: Diancie|Diancie|Diancite
|move|p1a: Landorus|Earth Power|p2a: Diancie
|-supereffective|p2a: Diancie
|-damage|p2a: Diancie|0 fnt
|faint|p2a: Diancie
|
|win|WECAMEASROMANS
|raw|Ladder updating...
|raw|WECAMEASROMANS's rating: 1603 &rarr; <strong>1626<\/strong><br \/>(+23 for winning)
|raw|blackwing zero's rating: 1652 &rarr; <strong>1629<\/strong><br \/>(-23 for losing)
|join|abcdefghitony
|leave|WECAMEASROMANS
|player|p1