|join|WECAMEASROMANS
|join|victtor6
|player|p1|WECAMEASROMANS|266
|player|p2|victtor6|262
|gametype|singles
|gen|6
|tier|OU
|clearpoke
|poke|p1|Kyurem-Black
|poke|p1|Thundurus, M
|poke|p1|Landorus-Therian, M
|poke|p1|Heatran, F
|poke|p1|Sableye, M
|poke|p1|Starmie
|poke|p2|Metagross, shiny
|poke|p2|Thundurus, M
|poke|p2|Venusaur, M
|poke|p2|Swampert, M
|poke|p2|Kyurem-Black, shiny
|poke|p2|Charizard, F
|rule|Swagger Clause: Swagger is banned
|rule|Baton Pass Clause: Limit one PokÃ©mon knowing Baton Pass
|rule|Sleep Clause Mod: Limit one foe put to sleep
|rule|Species Clause: Limit one of each PokÃ©mon
|rule|OHKO Clause: OHKO moves are banned
|rule|Moody Clause: Moody is banned
|rule|Evasion Moves Clause: Evasion moves are banned
|rule|Endless Battle Clause: Forcing endless battles is banned
|rule|HP Percentage Mod: HP is shown in percentages
|teampreview
|join|Into The Fade
|join|BibarelThump
|join|HEADSHOT1809
|join|oml it's too ez
|
|start
|switch|p1a: Kyurem-Black|Kyurem-Black|391\/391
|switch|p2a: Kyurem-Black|Kyurem-Black, shiny|412\/412
|-ability|p1a: Kyurem-Black|Teravolt
|-ability|p2a: Kyurem-Black|Teravolt
|turn|1
|join|fgawrgkb
|join|QuagGod
|join|Sucker Lunch
|c| oml it's too ez|nice sun victor
|
|switch|p1a: Heatran|Heatran, F|327\/327
|move|p2a: Kyurem-Black|Focus Blast|p1a: Heatran
|-supereffective|p1a: Heatran
|-damage|p1a: Heatran|99\/327
|
|-heal|p1a: Heatran|119\/327|[from] item: Leftovers
|turn|2
|join|FUQ GLISCORE
|join|l123
|
|switch|p1a: Landorus-Therian|Landorus-Therian, M|325\/325
|-ability|p1a: Landorus-Therian|Intimidate|[of] p2a: Kyurem-Black
|-unboost|p2a: Kyurem-Black|atk|1
|move|p2a: Kyurem-Black|Focus Blast|p1a: Landorus-Therian|[miss]
|-miss|p2a: Kyurem-Black|p1a: Landorus-Therian
|
|turn|3
|
|move|p1a: Landorus-Therian|Superpower|p2a: Kyurem-Black
|-supereffective|p2a: Kyurem-Black
|-damage|p2a: Kyurem-Black|112\/412
|-unboost|p1a: Landorus-Therian|atk|1
|-unboost|p1a: Landorus-Therian|def|1
|move|p2a: Kyurem-Black|Focus Blast|p1a: Landorus-Therian
|-resisted|p1a: Landorus-Therian
|-damage|p1a: Landorus-Therian|253\/325
|-unboost|p1a: Landorus-Therian|spd|1
|
|turn|4
|
|switch|p1a: Sableye|Sableye, M|304\/304
|move|p2a: Kyurem-Black|Blizzard|p1a: Sableye
|-damage|p1a: Sableye|72\/304
|
|turn|5
|c| oml it's too ez|go sab set up win
|c| oml it's too ez|ohhh
|c| BibarelThump|sick bait
|c| oml it's too ez|[:
|join|alt7777777
|c| Sucker Lunch|Wow I can't believe I let this guy through XD
|join|ryzed
|
|detailschange|p1a: Sableye|Sableye-Mega, M
|-mega|p1a: Sableye|Sableye|Sablenite
|move|p1a: Sableye|Will-O-Wisp|p2a: Kyurem-Black
|-status|p2a: Kyurem-Black|brn
|move|p2a: Kyurem-Black|Blizzard|p1a: Sableye
|-damage|p1a: Sableye|0 fnt
|faint|p1a: Sableye
|
|-damage|p2a: Kyurem-Black|61\/412 brn|[from] brn
|c| BibarelThump|played scarf really convincingly
|leave|alt7777777
|c| QuagGod|rip
|
|switch|p1a: Starmie|Starmie|261\/261
|turn|6
|c| BibarelThump|bar scarf lando outspeed
|
|move|p1a: Starmie|Ice Beam|p2a: Kyurem-Black
|-damage|p2a: Kyurem-Black|0 fnt
|-damage|p1a: Starmie|235\/261|[from] item: Life Orb
|faint|p2a: Kyurem-Black
|
|c| fgawrgkb|LOL BLIZZARD KYUREM B
|
|switch|p2a: Thundurus|Thundurus, M|320\/320
|turn|7
|join|thatisnotedible
|
|move|p1a: Starmie|Ice Beam|p2a: Thundurus
|-supereffective|p2a: Thundurus
|-damage|p2a: Thundurus|68\/320
|-damage|p1a: Starmie|209\/261|[from] item: Life Orb
|move|p2a: Thundurus|Thunder|p1a: Starmie
|-supereffective|p1a: Starmie
|-damage|p1a: Starmie|0 fnt
|faint|p1a: Starmie
|
|c| ryzed|lol
|c| Sucker Lunch|XDDDD
|c| BibarelThump|so real
|c| ryzed|this guy has balls
|c| QuagGod|lol
|join|Frickett
|c| fgawrgkb|this nigga aint playing
|c| Sucker Lunch|He's not
|c| Sucker Lunch|he's spamming the most powerful moves
|c| Sucker Lunch|XD
|c| fgawrgkb|lol
|
|switch|p1a: Landorus-Therian|Landorus-Therian, M|253\/325
|-ability|p1a: Landorus-Therian|Intimidate|[of] p2a: Thundurus
|-unboost|p2a: Thundurus|atk|1
|turn|8
|c| fgawrgkb|hydro cannon on swampert
|
|move|p1a: Landorus-Therian|Stone Edge|p2a: Thundurus
|-supereffective|p2a: Thundurus
|-damage|p2a: Thundurus|0 fnt
|faint|p2a: Thundurus
|
|c| Sucker Lunch|LOLLLLLLL
|
|switch|p2a: Swampert|Swampert, M|362\/362
|turn|9
|c| ryzed|this guy has 4 megas
|c| Sucker Lunch|pls use hydrocannon
|
|switch|p1a: Kyurem-Black|Kyurem-Black|391\/391
|-ability|p1a: Kyurem-Black|Teravolt
|detailschange|p2a: Swampert|Swampert-Mega, M
|-mega|p2a: Swampert|Swampert|Swampertite
|move|p2a: Swampert|Hydro Pump|p1a: Kyurem-Black
|-resisted|p1a: Kyurem-Black
|-damage|p1a: Kyurem-Black|315\/391
|
|turn|10
|join|hnnnnnnnnnnggg
|join|boltsandbombers
|c| ryzed|lmao
|c| fgawrgkb|close
|c| ryzed|im dying
|
|move|p1a: Kyurem-Black|Ice Beam|p2a: Swampert
|-damage|p2a: Swampert|190\/362
|-damage|p1a: Kyurem-Black|276\/391|[from] item: Life Orb
|move|p2a: Swampert|Outrage|p1a: Kyurem-Black
|-supereffective|p1a: Kyurem-Black
|-damage|p1a: Kyurem-Black|0 fnt
|faint|p1a: Kyurem-Black
|
|c| fgawrgkb|LOL
|c| Sucker Lunch|LOLLLLLLLLL
|c| HEADSHOT1809|hello?
|c| fgawrgkb|LOL
|c| fgawrgkb|LOL
|c| fgawrgkb|LOL
|c| fgawrgkb|LOL
|c| ryzed|rekt
|
|switch|p1a: Landorus-Therian|Landorus-Therian, M|253\/325
|-ability|p1a: Landorus-Therian|Intimidate|[of] p2a: Swampert
|-unboost|p2a: Swampert|atk|1
|turn|11
|c| FUQ GLISCORE|oml
|
|move|p1a: Landorus-Therian|Earthquake|p2a: Swampert
|-damage|p2a: Swampert|28\/362
|move|p2a: Swampert|Outrage|p1a: Landorus-Therian
|-damage|p1a: Landorus-Therian|157\/325
|
|turn|12
|c| fgawrgkb|I THINK WCAR HAS MET HIS MATCH
|leave|FUQ GLISCORE
|
|move|p1a: Landorus-Therian|Earthquake|p2a: Swampert
|-damage|p2a: Swampert|0 fnt
|faint|p2a: Swampert
|
|join|CSS)bleachzxzx
|c| Sucker Lunch|Victorr is 2 stronk
|
|switch|p2a: Venusaur|Venusaur, M|322\/322
|turn|13
|
|switch|p1a: Heatran|Heatran, F|119\/327
|move|p2a: Venusaur|Leaf Storm|p1a: Heatran
|-resisted|p1a: Heatran
|-damage|p1a: Heatran|77\/327
|-unboost|p2a: Venusaur|spa|2
|
|-heal|p1a: Heatran|97\/327|[from] item: Leftovers
|turn|14
|c| Sucker Lunch|XD
|c| boltsandbombers|oh
|
|switch|p2a: Charizard|Charizard, F|360\/360
|move|p1a: Heatran|Stealth Rock|p2a: Charizard
|-sidestart|p2: victtor6|move: Stealth Rock
|
|-heal|p1a: Heatran|117\/327|[from] item: Leftovers
|turn|15
|c| BibarelThump|this guy using his Black2 Team
|c| boltsandbombers|well that is a thing now
|c| fgawrgkb|lol
|c| BibarelThump|clearly
|
|switch|p1a: Landorus-Therian|Landorus-Therian, M|157\/325
|-ability|p1a: Landorus-Therian|Intimidate|[of] p2a: Charizard
|-unboost|p2a: Charizard|atk|1
|move|p2a: Charizard|Focus Blast|p1a: Landorus-Therian
|-resisted|p1a: Landorus-Therian
|-damage|p1a: Landorus-Therian|95\/325
|
|turn|16
|c| fgawrgkb|at least he saw rocks coming
|c| boltsandbombers|what
|c| fgawrgkb|LOL
|join|Demandred
|
|switch|p2a: Venusaur|Venusaur, M|322\/322
|-damage|p2a: Venusaur|282\/322|[from] Stealth Rock
|move|p1a: Landorus-Therian|Stone Edge|p2a: Venusaur|[miss]
|-miss|p1a: Landorus-Therian|p2a: Venusaur
|
|turn|17
|c| fgawrgkb|why r u doing that its part flying
|
|switch|p1a: Heatran|Heatran, F|117\/327
|move|p2a: Venusaur|Sludge Bomb|p1a: Heatran
|-immune|p1a: Heatran|[msg]
|
|-heal|p1a: Heatran|137\/327|[from] item: Leftovers
|turn|18
|join|808 & Heartbreak
|join|some ball 7
|c| ryzed|u need to learn how can u miss stone edge when he hasnt missed a single 70% move
|join|alt7777777
|
|switch|p2a: Charizard|Charizard, F|360\/360
|-damage|p2a: Charizard|180\/360|[from] Stealth Rock
|move|p1a: Heatran|Fire Blast|p2a: Charizard
|-resisted|p2a: Charizard
|-damage|p2a: Charizard|57\/360
|
|-heal|p1a: Heatran|157\/327|[from] item: Leftovers
|turn|19
|c| fgawrgkb|^
|c| fgawrgkb|blast burn here
|
|switch|p1a: Landorus-Therian|Landorus-Therian, M|95\/325
|-ability|p1a: Landorus-Therian|Intimidate|[of] p2a: Charizard
|-unboost|p2a: Charizard|atk|1
|move|p2a: Charizard|Dragon Rush|p1a: Landorus-Therian
|-damage|p1a: Landorus-Therian|44\/325
|
|turn|20
|join|MonoConvergence
|c| fgawrgkb|LOL
|c| BibarelThump|LOL
|c| alt7777777|Getting
|
|move|p1a: Landorus-Therian|Stone Edge|p2a: Charizard
|-supereffective|p2a: Charizard
|-damage|p2a: Charizard|0 fnt
|faint|p2a: Charizard
|
|c| ryzed|lmao
|c| alt7777777|rekt
|join|Gocowboys
|join|Teeny Victory
|c| BibarelThump|seriously this is like
|join|Jetpack
|c| BibarelThump|the most
|leave|Teeny Victory
|
|switch|p2a: Venusaur|Venusaur, M|282\/322
|-damage|p2a: Venusaur|242\/322|[from] Stealth Rock
|turn|21
|c| BibarelThump|casual gamer gone pokemonshowdown
|c| BibarelThump|I've ever seen
|c| fgawrgkb|LOL
|
|switch|p1a: Heatran|Heatran, F|157\/327
|move|p2a: Venusaur|Earthquake|p1a: Heatran
|-supereffective|p1a: Heatran
|-damage|p1a: Heatran|0 fnt
|faint|p1a: Heatran
|
|c| alt7777777|Reveal Sunny Day
|c| BibarelThump|I'm surprised everything doesn't have earthquake
|c| BibarelThump|LOL
|c| BibarelThump|LOLOLOL
|c| alt7777777|damn
|c| fgawrgkb|PREDICTED
|c| HEADSHOT1809|omg
|c| Sucker Lunch|WRECKED
|c| BibarelThump|CALLED IT
|c| alt7777777|bopped
|join|MaybeI'mMamoswine
|c| fgawrgkb|LOL
|c| HEADSHOT1809|omg
|c| alt7777777|fucking
|c| fgawrgkb|LOL
|c| alt7777777|bopped
|c| fgawrgkb|LOL
|c| fgawrgkb|OLOL
|
|switch|p1a: Thundurus|Thundurus, M|299\/299
|turn|22
|c| Sucker Lunch|GO CASUAL
|c| HEADSHOT1809|DAMAGE
|c| Sucker Lunch|GO
|
|move|p1a: Thundurus|Nasty Plot|p1a: Thundurus
|-boost|p1a: Thundurus|spa|2
|move|p2a: Venusaur|Sludge Bomb|p1a: Thundurus
|-damage|p1a: Thundurus|172\/299
|
|turn|23
|
|move|p1a: Thundurus|Hidden Power|p2a: Venusaur
|-supereffective|p2a: Venusaur
|-damage|p2a: Venusaur|0 fnt
|-damage|p1a: Thundurus|143\/299|[from] item: Life Orb
|faint|p2a: Venusaur
|
|c| BibarelThump|#believe
|c| BibarelThump|that's a wrap
|join|daftmau5
|
|switch|p2a: Metagross|Metagross, shiny|322\/322
|-damage|p2a: Metagross|302\/322|[from] Stealth Rock
|turn|24
|c| BibarelThump|ohhh my heart
|c| BibarelThump|I can't
|c| alt7777777|bummer
|c|âWECAMEASROMANS|just wanna say that
|join|AsususA
|c| BibarelThump|reveal scarf
|c| BibarelThump|oml
|leave|AsususA
|c|âWECAMEASROMANS|you have the best team i've ever seen
|c|âWECAMEASROMANS|in a long while
|c|âWECAMEASROMANS|gg
|c| BibarelThump|scarf zen
|c| fgawrgkb|LOL
|c| fgawrgkb|LOL
|c| BibarelThump|incoming
|
|move|p1a: Thundurus|Thunderbolt|p2a: Metagross
|-damage|p2a: Metagross|0 fnt
|-damage|p1a: Thundurus|114\/299|[from] item: Life Orb
|faint|p2a: Metagross
|
|win|WECAMEASROMANS
|c| BibarelThump|oh thank god
|leave|WECAMEASROMANS
|c| BibarelThump|gg wcar
|player|p1