|join|WECAMEASROMANS
|join|Sir Slaking
|join|Sennto
|join|gyarad0site
|join|etnatrj
|player|p1|WECAMEASROMANS|101
|player|p2|Sir Slaking|99
|gametype|singles
|gen|6
|tier|OU
|clearpoke
|poke|p1|Tornadus-Therian, M
|poke|p1|Victini
|poke|p1|Tentacruel, M
|poke|p1|Venusaur, F
|poke|p1|Hippowdon, F
|poke|p1|Clefable, M
|poke|p2|Manectric, F
|poke|p2|Talonflame, M
|poke|p2|Excadrill, M
|poke|p2|Garchomp, M
|poke|p2|Rotom-Wash, shiny
|poke|p2|Landorus-Therian, M, shiny
|rule|Swagger Clause: Swagger is banned
|rule|Baton Pass Clause: Limit one PokÃ©mon knowing Baton Pass
|rule|Sleep Clause Mod: Limit one foe put to sleep
|rule|Species Clause: Limit one of each PokÃ©mon
|rule|OHKO Clause: OHKO moves are banned
|rule|Moody Clause: Moody is banned
|rule|Evasion Moves Clause: Evasion moves are banned
|rule|Endless Battle Clause: Forcing endless battles is banned
|rule|HP Percentage Mod: HP is shown in percentages
|teampreview
|join|5th
|join|rika and hanyuu
|join|SmashBrosBrawl
|join|Churmp Eevee
|join|Boikachu
|join|u5ev
|join|Alldaalts
|join|JayBayy
|join|iiiiiiiioioi
|join|Agilis
|join|LordWienerButt
|c| Churmp Eevee|sir slaking sux
|c|âSir Slaking|ugh
|join|Reverend
|join|Chillingtilnoon
|join|brrhavto
|leave|iiiiiiiioioi
|c|âSir Slaking|I wish when PO reset weeks ago
|c|âSir Slaking|it didnt delete all my gothitelle teams
|c| Churmp Eevee|i wish
|c| Churmp Eevee|you did
|join|Evil King Arthur
|join|You Know Gasai
|c|âSir Slaking|Well
|join|tele's successor
|c|âSir Slaking|Your wish came true.
|join|IamChow
|c| Churmp Eevee|can't hear you
|join|ModChatPlus
|leave|IamChow
|c| Churmp Eevee|on el phone
|
|start
|switch|p1a: Venusaur|Venusaur, F|363\/363
|switch|p2a: Garchomp|Garchomp, M|420\/420
|turn|1
|c|âSir Slaking|I'd imagine.
|c| Churmp Eevee|n_nj
|c|âSir Slaking|I'm not really talking
|join|RegisterThis8==
|c| Churmp Eevee|n_nk
|
|switch|p1a: Hippowdon|Hippowdon, F|416\/416
|move|p2a: Garchomp|Stealth Rock|p1a: Hippowdon
|-sidestart|p1: WECAMEASROMANS|move: Stealth Rock
|
|turn|2
|
|move|p2a: Garchomp|Toxic|p1a: Hippowdon
|-status|p1a: Hippowdon|tox
|move|p1a: Hippowdon|Stealth Rock|p2a: Garchomp
|-sidestart|p2: Sir Slaking|move: Stealth Rock
|
|-damage|p1a: Hippowdon|390\/416 tox|[from] psn
|turn|3
|c| Churmp Eevee|n_nj
|join|nikelalogique
|
|switch|p1a: Clefable|Clefable, M|393\/393
|move|p2a: Garchomp|Dragon Tail|p1a: Clefable
|-immune|p1a: Clefable|[msg]
|
|turn|4
|
|switch|p2a: Rotom-Wash|Rotom-Wash, shiny|304\/304
|-damage|p2a: Rotom-Wash|266\/304|[from] Stealth Rock
|move|p1a: Clefable|Heal Bell|p1a: Clefable
|-cureteam|p1a: Clefable|[from] move: HealBell
|
|-heal|p2a: Rotom-Wash|285\/304|[from] item: Leftovers
|turn|5
|join|shadowthorn
|c| You Know Gasai|why did he come as roman?
|join|Geraldation
|join|Lady Biscotti
|c| You Know Gasai|why didnt he come as jew
|c|âSir Slaking|he was watching kinky shit
|
|move|p2a: Rotom-Wash|Volt Switch|p1a: Clefable
|-damage|p1a: Clefable|318\/393
|
|switch|p2a: Excadrill|Excadrill, M|361\/361
|-damage|p2a: Excadrill|350\/361|[from] Stealth Rock
|-ability|p2a: Excadrill|Mold Breaker
|move|p1a: Clefable|Moonblast|p2a: Excadrill
|-resisted|p2a: Excadrill
|-damage|p2a: Excadrill|272\/361
|
|-heal|p1a: Clefable|342\/393|[from] item: Leftovers
|turn|6
|join|mdianst
|c| Agilis|WCAR where is your name from?
|
|switch|p2a: Manectric|Manectric, F|281\/281
|-damage|p2a: Manectric|246\/281|[from] Stealth Rock
|switch|p1a: Hippowdon|Hippowdon, F|390\/416
|-damage|p1a: Hippowdon|364\/416|[from] Stealth Rock
|
|-heal|p1a: Hippowdon|390\/416|[from] item: Leftovers
|turn|7
|c| RegisterThis8==|metal\/emo core band likely
|c|+SmashBrosBrawl|what was this double
|c|âSir Slaking|i expected him to go into tenta
|c| gyarad0site|lol
|c|+SmashBrosBrawl|,
|c| alt7777777|http:\/\/en.wikipedia.org\/wiki\/We_Came_as_Romans
|
|switch|p2a: Rotom-Wash|Rotom-Wash, shiny|285\/304
|-damage|p2a: Rotom-Wash|247\/304|[from] Stealth Rock
|move|p1a: Hippowdon|Earthquake|p2a: Rotom-Wash
|-immune|p2a: Rotom-Wash|[msg]
|
|-heal|p2a: Rotom-Wash|266\/304|[from] item: Leftovers
|-heal|p1a: Hippowdon|416\/416|[from] item: Leftovers
|turn|8
|c| RegisterThis8==|nail'd it
|
|switch|p1a: Clefable|Clefable, M|342\/393
|move|p2a: Rotom-Wash|Volt Switch|p1a: Clefable
|-damage|p1a: Clefable|267\/393
|
|switch|p2a: Excadrill|Excadrill, M|272\/361
|-damage|p2a: Excadrill|261\/361|[from] Stealth Rock
|-ability|p2a: Excadrill|Mold Breaker
|
|-heal|p1a: Clefable|291\/393|[from] item: Leftovers
|turn|9
|leave|rika and hanyuu
|
|switch|p1a: Venusaur|Venusaur, F|363\/363
|-damage|p1a: Venusaur|318\/363|[from] Stealth Rock
|move|p2a: Excadrill|Iron Head|p1a: Venusaur
|-damage|p1a: Venusaur|162\/363
|
|turn|10
|
|detailschange|p1a: Venusaur|Venusaur-Mega, F
|-mega|p1a: Venusaur|Venusaur|Venusaurite
|move|p2a: Excadrill|Iron Head|p1a: Venusaur
|-damage|p1a: Venusaur|45\/363
|move|p1a: Venusaur|Synthesis|p1a: Venusaur
|-heal|p1a: Venusaur|226\/363
|
|turn|11
|join|xvr04x
|
|move|p2a: Excadrill|Iron Head|p1a: Venusaur
|-crit|p1a: Venusaur
|-damage|p1a: Venusaur|46\/363
|cant|p1a: Venusaur|flinch
|
|turn|12
|c|âSir Slaking|Fuck you.
|join|InSoMn
|c|âSir Slaking|Flinch
|c|+SmashBrosBrawl|lmfao
|c|âSir Slaking|Called it.
|
|switch|p1a: Hippowdon|Hippowdon, F|416\/416
|-damage|p1a: Hippowdon|390\/416|[from] Stealth Rock
|move|p2a: Excadrill|Iron Head|p1a: Hippowdon
|-damage|p1a: Hippowdon|273\/416
|
|-heal|p1a: Hippowdon|299\/416|[from] item: Leftovers
|turn|13
|c| Agilis|Rude
|c| RegisterThis8==|lol
|c|+SmashBrosBrawl|now rotom has reign
|c| Boikachu|sp. def venus?
|join|rika and hanyuu
|
|switch|p2a: Landorus-Therian|Landorus-Therian, M, shiny|319\/319
|-damage|p2a: Landorus-Therian|280\/319|[from] Stealth Rock
|-ability|p2a: Landorus-Therian|Intimidate|[of] p1a: Hippowdon
|-unboost|p1a: Hippowdon|atk|1
|move|p1a: Hippowdon|Stone Edge|p2a: Landorus-Therian
|-damage|p2a: Landorus-Therian|211\/319
|
|-heal|p1a: Hippowdon|325\/416|[from] item: Leftovers
|turn|14
|
|switch|p1a: Tornadus-Therian|Tornadus-Therian, M|332\/332
|-damage|p1a: Tornadus-Therian|249\/332|[from] Stealth Rock
|move|p2a: Landorus-Therian|Knock Off|p1a: Tornadus-Therian
|-damage|p1a: Tornadus-Therian|103\/332
|-enditem|p1a: Tornadus-Therian|Assault Vest|[from] move: Knock Off|[of] p2a: Landorus-Therian
|
|turn|15
|leave|alt7777777
|
|switch|p2a: Rotom-Wash|Rotom-Wash, shiny|266\/304
|-damage|p2a: Rotom-Wash|228\/304|[from] Stealth Rock
|move|p1a: Tornadus-Therian|Knock Off|p2a: Rotom-Wash
|-damage|p2a: Rotom-Wash|162\/304
|-enditem|p2a: Rotom-Wash|Leftovers|[from] move: Knock Off|[of] p1a: Tornadus-Therian
|
|turn|16
|join|Luxuryball13
|
|move|p1a: Tornadus-Therian|U-turn|p2a: Rotom-Wash
|-damage|p2a: Rotom-Wash|113\/304
|join|asdfCookie
|
|switch|p1a: Clefable|Clefable, M|291\/393
|move|p2a: Rotom-Wash|Volt Switch|p1a: Clefable
|-damage|p1a: Clefable|210\/393
|join|leremyju
|
|switch|p2a: Excadrill|Excadrill, M|261\/361
|-damage|p2a: Excadrill|250\/361|[from] Stealth Rock
|-ability|p2a: Excadrill|Mold Breaker
|
|-heal|p1a: Clefable|234\/393|[from] item: Leftovers
|turn|17
|
|switch|p1a: Venusaur|Venusaur-Mega, F|46\/363
|-damage|p1a: Venusaur|1\/363|[from] Stealth Rock
|move|p2a: Excadrill|Rapid Spin|p1a: Venusaur
|-damage|p1a: Venusaur|0 fnt
|-sideend|p2: Sir Slaking|Stealth Rock|[from] move: Rapid Spin|[of] p2a: Excadrill
|faint|p1a: Venusaur
|
|c|âWECAMEASROMANS|oh whoop
|c|âSir Slaking|lol
|c|âWECAMEASROMANS|that was supposed to die
|
|switch|p1a: Hippowdon|Hippowdon, F|325\/416
|-damage|p1a: Hippowdon|299\/416|[from] Stealth Rock
|turn|18
|
|switch|p2a: Rotom-Wash|Rotom-Wash, shiny|113\/304
|move|p1a: Hippowdon|Stealth Rock|p2a: Rotom-Wash
|-sidestart|p2: Sir Slaking|move: Stealth Rock
|
|-heal|p1a: Hippowdon|325\/416|[from] item: Leftovers
|turn|19
|
|switch|p1a: Clefable|Clefable, M|234\/393
|move|p2a: Rotom-Wash|Pain Split|p1a: Clefable
|-sethp|p1a: Clefable|173\/393|p2a: Rotom-Wash|173\/304|[from] move: Pain Split
|
|-heal|p1a: Clefable|197\/393|[from] item: Leftovers
|turn|20
|
|move|p2a: Rotom-Wash|Volt Switch|p1a: Clefable
|-damage|p1a: Clefable|118\/393
|
|switch|p2a: Excadrill|Excadrill, M|250\/361
|-damage|p2a: Excadrill|239\/361|[from] Stealth Rock
|-ability|p2a: Excadrill|Mold Breaker
|move|p1a: Clefable|Soft-Boiled|p1a: Clefable
|-heal|p1a: Clefable|315\/393
|
|-heal|p1a: Clefable|339\/393|[from] item: Leftovers
|turn|21
|
|switch|p1a: Hippowdon|Hippowdon, F|325\/416
|-damage|p1a: Hippowdon|299\/416|[from] Stealth Rock
|move|p2a: Excadrill|Rapid Spin|p1a: Hippowdon
|-damage|p1a: Hippowdon|279\/416
|-sideend|p2: Sir Slaking|Stealth Rock|[from] move: Rapid Spin|[of] p2a: Excadrill
|
|-heal|p1a: Hippowdon|305\/416|[from] item: Leftovers
|turn|22
|
|switch|p2a: Rotom-Wash|Rotom-Wash, shiny|173\/304
|move|p1a: Hippowdon|Stealth Rock|p2a: Rotom-Wash
|-sidestart|p2: Sir Slaking|move: Stealth Rock
|
|-heal|p1a: Hippowdon|331\/416|[from] item: Leftovers
|turn|23
|join|not trying to win
|
|switch|p1a: Clefable|Clefable, M|339\/393
|move|p2a: Rotom-Wash|Volt Switch|p1a: Clefable
|-damage|p1a: Clefable|255\/393
|join|SeventyFive
|join|noobhole
|join|hello mr anderson
|
|switch|p2a: Excadrill|Excadrill, M|239\/361
|-damage|p2a: Excadrill|228\/361|[from] Stealth Rock
|-ability|p2a: Excadrill|Mold Breaker
|
|-heal|p1a: Clefable|279\/393|[from] item: Leftovers
|turn|24
|leave|noobhole
|c| u5ev|no fireblast on clef?
|c| Churmp Eevee|too many u-switch
|c|+SmashBrosBrawl|wait thats
|c|+SmashBrosBrawl|scarf exca
|c|+SmashBrosBrawl|and scarf lando
|c| Churmp Eevee|and band flame
|c|âSir Slaking|I only run choice pokemoin
|c| Churmp Eevee|and manectricite manectric
|c| Churmp Eevee|and sash chomp
|c|âSir Slaking|naw
|c| mdianst|and leftovers rotom
|join|Snickered
|c| Churmp Eevee|and leftovers rotom
|c|âSir Slaking|Specs Manectric
|c|+SmashBrosBrawl|,,,
|c| Churmp Eevee|lol
|c| u5ev|scarfchomp
|c| RegisterThis8==|lol
|join|Manabind
|
|switch|p1a: Hippowdon|Hippowdon, F|331\/416
|-damage|p1a: Hippowdon|305\/416|[from] Stealth Rock
|move|p2a: Excadrill|Earthquake|p1a: Hippowdon
|-damage|p1a: Hippowdon|161\/416
|
|-heal|p1a: Hippowdon|187\/416|[from] item: Leftovers
|turn|25
|c| mdianst|i think rotom wins this match
|c| tele's successor|specs mega chomp?
|c|+SmashBrosBrawl|crt
|leave|Sennto
|
|move|p2a: Excadrill|Earthquake|p1a: Hippowdon
|-damage|p1a: Hippowdon|42\/416
|move|p1a: Hippowdon|Slack Off|p1a: Hippowdon
|-heal|p1a: Hippowdon|250\/416
|
|-heal|p1a: Hippowdon|276\/416|[from] item: Leftovers
|turn|26
|join|Sennto
|
|switch|p2a: Garchomp|Garchomp, M|420\/420
|-damage|p2a: Garchomp|394\/420|[from] Stealth Rock
|move|p1a: Hippowdon|Stone Edge|p2a: Garchomp
|-resisted|p2a: Garchomp
|-damage|p2a: Garchomp|361\/420
|
|-heal|p1a: Hippowdon|302\/416|[from] item: Leftovers
|turn|27
|
|switch|p1a: Tornadus-Therian|Tornadus-Therian, M|213\/332
|-damage|p1a: Tornadus-Therian|130\/332|[from] Stealth Rock
|move|p2a: Garchomp|Earthquake|p1a: Tornadus-Therian
|-immune|p1a: Tornadus-Therian|[msg]
|
|turn|28
|c| gyarad0site|doesn't this match kind of prove how & why scarf drill is ass
|
|switch|p1a: Clefable|Clefable, M|279\/393
|move|p2a: Garchomp|Dragon Tail|p1a: Clefable
|-immune|p1a: Clefable|[msg]
|
|-heal|p1a: Clefable|303\/393|[from] item: Leftovers
|turn|29
|c|+SmashBrosBrawl|if that was sd chomp
|c|+SmashBrosBrawl|it would do work
|
|switch|p2a: Excadrill|Excadrill, M|228\/361
|-damage|p2a: Excadrill|217\/361|[from] Stealth Rock
|-ability|p2a: Excadrill|Mold Breaker
|move|p1a: Clefable|Moonblast|p2a: Excadrill
|-resisted|p2a: Excadrill
|-damage|p2a: Excadrill|143\/361
|
|-heal|p1a: Clefable|327\/393|[from] item: Leftovers
|turn|30
|
|switch|p1a: Hippowdon|Hippowdon, F|302\/416
|-damage|p1a: Hippowdon|276\/416|[from] Stealth Rock
|move|p2a: Excadrill|Rapid Spin|p1a: Hippowdon
|-crit|p1a: Hippowdon
|-damage|p1a: Hippowdon|249\/416
|-sideend|p2: Sir Slaking|Stealth Rock|[from] move: Rapid Spin|[of] p2a: Excadrill
|
|-heal|p1a: Hippowdon|275\/416|[from] item: Leftovers
|turn|31
|
|switch|p2a: Garchomp|Garchomp, M|361\/420
|move|p1a: Hippowdon|Stealth Rock|p2a: Garchomp
|-sidestart|p2: Sir Slaking|move: Stealth Rock
|
|-heal|p1a: Hippowdon|301\/416|[from] item: Leftovers
|turn|32
|leave|hello mr anderson
|
|move|p1a: Hippowdon|Slack Off|p1a: Hippowdon
|-heal|p1a: Hippowdon|416\/416
|move|p2a: Garchomp|Dragon Tail|p1a: Hippowdon
|-damage|p1a: Hippowdon|359\/416
|drag|p1a: Tentacruel|Tentacruel, M|363\/363
|-damage|p1a: Tentacruel|318\/363|[from] Stealth Rock
|
|-heal|p1a: Tentacruel|340\/363|[from] item: Black Sludge
|turn|33
|
|switch|p1a: Tornadus-Therian|Tornadus-Therian, M|240\/332
|-damage|p1a: Tornadus-Therian|157\/332|[from] Stealth Rock
|move|p2a: Garchomp|Dragon Tail|p1a: Tornadus-Therian
|-damage|p1a: Tornadus-Therian|46\/332
|drag|p1a: Victini|Victini|404\/404
|-damage|p1a: Victini|303\/404|[from] Stealth Rock
|
|-heal|p1a: Victini|328\/404|[from] item: Leftovers
|turn|34
|
|switch|p1a: Clefable|Clefable, M|327\/393
|move|p2a: Garchomp|Earthquake|p1a: Clefable
|-damage|p1a: Clefable|179\/393
|
|-heal|p1a: Clefable|203\/393|[from] item: Leftovers
|turn|35
|c| tele's successor|bulky toxic is drill's best set atm
|c|âSir Slaking|naw
|leave|leremyju
|
|switch|p2a: Manectric|Manectric, F|246\/281
|-damage|p2a: Manectric|211\/281|[from] Stealth Rock
|move|p1a: Clefable|Soft-Boiled|p1a: Clefable
|-heal|p1a: Clefable|393\/393
|
|turn|36
|c| Boikachu|wow thats annoying, we should just carry heal block around for bullshit like this
|
|detailschange|p2a: Manectric|Manectric-Mega, F
|-mega|p2a: Manectric|Manectric|Manectite
|-ability|p2a: Manectric|Intimidate|[of] p1a: Clefable
|-unboost|p1a: Clefable|atk|1
|move|p2a: Manectric|Thunderbolt|p1a: Clefable
|-crit|p1a: Clefable
|-damage|p1a: Clefable|153\/393
|move|p1a: Clefable|Moonblast|p2a: Manectric
|-damage|p2a: Manectric|72\/281
|
|-heal|p1a: Clefable|177\/393|[from] item: Leftovers
|turn|37
|leave|Manabind
|c| You Know Gasai|or just do that
|join|king godot
|
|switch|p2a: Rotom-Wash|Rotom-Wash, shiny|173\/304
|-damage|p2a: Rotom-Wash|135\/304|[from] Stealth Rock
|move|p1a: Clefable|Soft-Boiled|p1a: Clefable
|-heal|p1a: Clefable|374\/393
|
|-heal|p1a: Clefable|393\/393|[from] item: Leftovers
|turn|38
|c| Geraldation|is this tourney close to finals?
|
|move|p2a: Rotom-Wash|Volt Switch|p1a: Clefable
|-damage|p1a: Clefable|311\/393
|
|switch|p2a: Landorus-Therian|Landorus-Therian, M, shiny|211\/319
|-damage|p2a: Landorus-Therian|172\/319|[from] Stealth Rock
|-ability|p2a: Landorus-Therian|Intimidate|[of] p1a: Clefable
|-unboost|p1a: Clefable|atk|1
|move|p1a: Clefable|Calm Mind|p1a: Clefable
|-boost|p1a: Clefable|spa|1
|-boost|p1a: Clefable|spd|1
|
|-heal|p1a: Clefable|335\/393|[from] item: Leftovers
|turn|39
|c| mdianst|ii thougth this was finals lol
|
|move|p2a: Landorus-Therian|Knock Off|p1a: Clefable
|-resisted|p1a: Clefable
|-damage|p1a: Clefable|265\/393
|-enditem|p1a: Clefable|Leftovers|[from] move: Knock Off|[of] p2a: Landorus-Therian
|move|p1a: Clefable|Soft-Boiled|p1a: Clefable
|-heal|p1a: Clefable|393\/393
|
|turn|40
|leave|u5ev
|
|switch|p2a: Excadrill|Excadrill, M|143\/361
|-damage|p2a: Excadrill|132\/361|[from] Stealth Rock
|-ability|p2a: Excadrill|Mold Breaker
|move|p1a: Clefable|Moonblast|p2a: Excadrill
|-resisted|p2a: Excadrill
|-damage|p2a: Excadrill|17\/361
|
|turn|41
|
|switch|p1a: Hippowdon|Hippowdon, F|359\/416
|-damage|p1a: Hippowdon|333\/416|[from] Stealth Rock
|move|p2a: Excadrill|Iron Head|p1a: Hippowdon
|-damage|p1a: Hippowdon|221\/416
|
|-heal|p1a: Hippowdon|247\/416|[from] item: Leftovers
|turn|42
|c|+SmashBrosBrawl|rotom is on a timer
|
|move|p2a: Excadrill|Iron Head|p1a: Hippowdon
|-damage|p1a: Hippowdon|141\/416
|move|p1a: Hippowdon|Slack Off|p1a: Hippowdon
|-heal|p1a: Hippowdon|349\/416
|
|-heal|p1a: Hippowdon|375\/416|[from] item: Leftovers
|turn|43
|
|switch|p2a: Rotom-Wash|Rotom-Wash, shiny|135\/304
|-damage|p2a: Rotom-Wash|97\/304|[from] Stealth Rock
|move|p1a: Hippowdon|Earthquake|p2a: Rotom-Wash
|-immune|p2a: Rotom-Wash|[msg]
|
|-heal|p1a: Hippowdon|401\/416|[from] item: Leftovers
|turn|44
|
|switch|p1a: Clefable|Clefable, M|393\/393
|move|p2a: Rotom-Wash|Pain Split|p1a: Clefable
|-sethp|p1a: Clefable|245\/393|p2a: Rotom-Wash|245\/304|[from] move: Pain Split
|
|turn|45
|c|âSir Slaking|mmm
|
|move|p2a: Rotom-Wash|Volt Switch|p1a: Clefable
|-damage|p1a: Clefable|173\/393
|
|switch|p2a: Talonflame|Talonflame, M|317\/317
|-damage|p2a: Talonflame|159\/317|[from] Stealth Rock
|move|p1a: Clefable|Soft-Boiled|p1a: Clefable
|-heal|p1a: Clefable|370\/393
|
|turn|46
|
|switch|p1a: Hippowdon|Hippowdon, F|401\/416
|-damage|p1a: Hippowdon|375\/416|[from] Stealth Rock
|move|p2a: Talonflame|Roost|p2a: Talonflame
|-heal|p2a: Talonflame|317\/317
|
|-heal|p1a: Hippowdon|401\/416|[from] item: Leftovers
|turn|47
|c| gyarad0site|scarfdrill cost you all the momentum
|
|switch|p2a: Garchomp|Garchomp, M|361\/420
|-damage|p2a: Garchomp|335\/420|[from] Stealth Rock
|switch|p1a: Victini|Victini|328\/404
|-damage|p1a: Victini|227\/404|[from] Stealth Rock
|
|-heal|p1a: Victini|252\/404|[from] item: Leftovers
|turn|48
|c|âSir Slaking|scarfdrill does a lot of work most games
|
|switch|p1a: Clefable|Clefable, M|370\/393
|move|p2a: Garchomp|Dragon Tail|p1a: Clefable
|-immune|p1a: Clefable|[msg]
|
|turn|49
|c|âSir Slaking|this just isn't one of them
|
|move|p2a: Garchomp|Earthquake|p1a: Clefable
|-damage|p1a: Clefable|219\/393
|move|p1a: Clefable|Moonblast|p2a: Garchomp
|-supereffective|p2a: Garchomp
|-damage|p2a: Garchomp|75\/420
|
|turn|50
|c|âSir Slaking|Im bored as fuck now
|c|âSir Slaking|This is too taxing for me
|c|âSir Slaking|Ill probably lose
|c|âSir Slaking|so
|c| Snickered|scarf drill does mad work to WCAR's team
|-message|Sir Slaking forfeited.
|
|win|WECAMEASROMANS
|c| Evil King Arthur|not really
|leave|Snickered
|leave|king godot
|leave|SmashBrosBrawl
|leave|WECAMEASROMANS
|leave|Churmp Eevee
|leave|Sir Slaking
|leave|JayBayy
|player|p1
|player|p2
|leave|Boikachu
|leave|Sennto
|leave|nikelalogique
|leave|mdianst
|leave|Evil King Arthur
|leave|LordWienerButt
|c| tele's successor|yeah it 5hkos hippo after rocks with flinch spam
|leave|tele's successor
|leave|InSoMn
|join|Siliga
|leave|ModChatPlus
|leave|Alldaalts
|leave|SeventyFive
|leave|Reverend
|leave|asdfCookie
|leave|Chillingtilnoon
|leave|not trying to win
|leave|Luxuryball13