|join|WECAMEASROMANS
|join|Mudkip Slayer
|join|Hallucination
|player|p1|WECAMEASROMANS|1
|player|p2|Mudkip Slayer|196
|gametype|singles
|gen|6
|tier|OU
|clearpoke
|poke|p1|Tornadus-Therian, M
|poke|p1|Victini
|poke|p1|Tentacruel, F
|poke|p1|Venusaur, M
|poke|p1|Hippowdon, M
|poke|p1|Clefable, F
|poke|p2|Doublade, F
|poke|p2|Chansey, F
|poke|p2|Slowbro, M
|poke|p2|Gothitelle, M
|poke|p2|Mandibuzz, F
|poke|p2|Quagsire, F
|rule|Swagger Clause: Swagger is banned
|rule|Baton Pass Clause: Limit one PokÃ©mon knowing Baton Pass
|rule|Sleep Clause Mod: Limit one foe put to sleep
|rule|Species Clause: Limit one of each PokÃ©mon
|rule|OHKO Clause: OHKO moves are banned
|rule|Moody Clause: Moody is banned
|rule|Evasion Moves Clause: Evasion moves are banned
|rule|Endless Battle Clause: Forcing endless battles is banned
|rule|HP Percentage Mod: HP is shown in percentages
|teampreview
|join|Ryzed
|join|Vrin
|join|boltsandbombers
|join|SARAH PAULSON
|join|alt7777777
|join|PragaSV
|join|TryHorN
|join|thatisnotedible
|c| Vrin|go far doublade
|c| Vrin|go far
|join|abcdefghitony
|join|Snickered
|c| Ryzed|oh god
|join|Reskk
|join|MyLittleDick
|c| Ryzed|whenever i see a stall team i puke
|join|Tythaeus
|
|start
|switch|p1a: Tornadus-Therian|Tornadus-Therian, M|332\/332
|switch|p2a: Starmie.|Slowbro, M|394\/394
|turn|1
|c| PragaSV|that team is aids
|join|Demandred
|c| Vrin|great starmie
|join|iEcho
|c|âMudkip Slayer|just vsed stall so why not .-.
|join|zzetjkzektj'
|c| Ryzed|spinblocker doublade gonna do work
|join|flubzor
|
|move|p1a: Tornadus-Therian|Knock Off|p2a: Starmie.
|-supereffective|p2a: Starmie.
|-damage|p2a: Starmie.|336\/394
|move|p2a: Starmie.|Scald|p1a: Tornadus-Therian
|-damage|p1a: Tornadus-Therian|266\/332
|
|turn|2
|join|rubbertoed
|
|move|p1a: Tornadus-Therian|U-turn|p2a: Starmie.
|-supereffective|p2a: Starmie.
|-damage|p2a: Starmie.|274\/394
|c| Ryzed|megabro confirmed
|c| iEcho|mega bruh revealed
|
|switch|p1a: Clefable|Clefable, F|393\/393
|move|p2a: Starmie.|Scald|p1a: Clefable
|-damage|p1a: Clefable|302\/393
|
|-heal|p1a: Clefable|326\/393|[from] item: Leftovers
|turn|3
|c| PragaSV|obvi
|c| alt7777777|not like there's any other mega
|leave|flubzor
|
|switch|p1a: Tornadus-Therian|Tornadus-Therian, M|332\/332
|move|p2a: Starmie.|Calm Mind|p2a: Starmie.
|-boost|p2a: Starmie.|spa|1
|-boost|p2a: Starmie.|spd|1
|
|turn|4
|c| Vrin|naw
|c| iEcho|reveal the mega chansey
|c| Vrin|mega mandibuzz
|c| iEcho|^
|c| PragaSV|wcar whut are you doing
|
|move|p1a: Tornadus-Therian|U-turn|p2a: Starmie.
|-supereffective|p2a: Starmie.
|-damage|p2a: Starmie.|204\/394
|c| Vrin|losing to stall
|c| Vrin|obv
|
|switch|p1a: Clefable|Clefable, F|326\/393
|move|p2a: Starmie.|Slack Off|p2a: Starmie.
|-heal|p2a: Starmie.|394\/394
|
|-heal|p1a: Clefable|350\/393|[from] item: Leftovers
|turn|5
|c| Ryzed|cm wars
|
|switch|p1a: Venusaur|Venusaur, M|363\/363
|move|p2a: Starmie.|Calm Mind|p2a: Starmie.
|-boost|p2a: Starmie.|spa|1
|-boost|p2a: Starmie.|spd|1
|
|turn|6
|c| Vrin|is it unaware tho
|c| Ryzed|megabro 6-0 imo
|c| PragaSV|too late
|
|detailschange|p1a: Venusaur|Venusaur-Mega, M
|-mega|p1a: Venusaur|Venusaur|Venusaurite
|detailschange|p2a: Starmie.|Slowbro-Mega, M
|-mega|p2a: Starmie.|Slowbro|Slowbronite
|move|p1a: Venusaur|Leech Seed|p2a: Starmie.
|-start|p2a: Starmie.|move: Leech Seed
|move|p2a: Starmie.|Psyshock|p1a: Venusaur
|-supereffective|p1a: Venusaur
|-damage|p1a: Venusaur|13\/363
|
|-damage|p2a: Starmie.|345\/394|[from] Leech Seed|[of] p1a: Venusaur
|-heal|p1a: Venusaur|62\/363|[silent]
|turn|7
|c| Ryzed|toxic inc
|c| Snickered|sleep power.
|c| Vrin|rip
|join|Wheezer
|
|move|p1a: Venusaur|Giga Drain|p2a: Starmie.
|-supereffective|p2a: Starmie.
|-damage|p2a: Starmie.|207\/394
|-heal|p1a: Venusaur|131\/363|[from] drain|[of] p2a: Starmie.
|move|p2a: Starmie.|Psyshock|p1a: Venusaur
|-supereffective|p1a: Venusaur
|-damage|p1a: Venusaur|0 fnt
|faint|p1a: Venusaur
|
|
|switch|p1a: Victini|Victini|404\/404
|turn|8
|c| iEcho|psyshokku
|c| PragaSV|reveal mold breaker victini
|c| PragaSV|n crit
|join|Bloodz
|c| Reskk|starmie op
|c| Snickered|reveal final gambit victini
|c| iEcho|lol
|c| TryHorN|special
|c| TryHorN|specs
|c| TryHorN|victini
|c| TheSkyAboveUs|bolt strike
|c| Vrin|i love that mold breaker bypasses no guard so that rock slide from mb exca can miss vs a doublade
|c| PragaSV|energy ball
|c| alt7777777|bolt won't do anything
|
|move|p1a: Victini|Taunt|p2a: Starmie.
|-start|p2a: Starmie.|move: Taunt
|move|p2a: Starmie.|Scald|p1a: Victini
|-supereffective|p1a: Victini
|-damage|p1a: Victini|0 fnt
|faint|p1a: Victini
|
|c| Snickered|Yeet
|c| alt7777777|bop
|c| TryHorN|wtf
|
|switch|p1a: Clefable|Clefable, F|350\/393
|turn|9
|c| Ryzed|lol
|c| iEcho|bop lol
|c| TryHorN|bolt strike kills
|c| TheSkyAboveUs|wcar is choking
|c| Snickered|unaware clef
|c| TryHorN|im quite sure
|c| TryHorN|lol
|
|switch|p2a: Wobbuffet.|Gothitelle, M|301\/301
|move|p1a: Clefable|Calm Mind|p1a: Clefable
|-boost|p1a: Clefable|spa|1
|-boost|p1a: Clefable|spd|1
|
|-heal|p1a: Clefable|374\/393|[from] item: Leftovers
|turn|10
|c| iEcho|not rly
|c| iEcho|physical bruh
|c| Snickered|he's not choking, not by a long shot lol
|c| Ryzed|it's defensive victini doh
|
|move|p2a: Wobbuffet.|Trick|p1a: Clefable
|-activate|p2a: Wobbuffet.|move: Trick|[of] p1a: Clefable
|-item|p1a: Clefable|Choice Scarf|[from] move: Trick
|-item|p2a: Wobbuffet.|Leftovers|[from] move: Trick
|move|p1a: Clefable|Moonblast|p2a: Wobbuffet.
|-damage|p2a: Wobbuffet.|157\/301
|
|-heal|p2a: Wobbuffet.|175\/301|[from] item: Leftovers
|turn|11
|c| alt7777777|thele it is
|c| iEcho|wowowoo
|c| Snickered|he can rest stall here
|c| Ryzed|he was playing around this the whole time
|
|move|p2a: Wobbuffet.|Calm Mind|p2a: Wobbuffet.
|-boost|p2a: Wobbuffet.|spa|1
|-boost|p2a: Wobbuffet.|spd|1
|move|p1a: Clefable|Moonblast|p2a: Wobbuffet.
|-damage|p2a: Wobbuffet.|79\/301
|-unboost|p2a: Wobbuffet.|spa|1
|
|-heal|p2a: Wobbuffet.|97\/301|[from] item: Leftovers
|turn|12
|c| Ryzed|without this megabro 6-0
|c| Snickered|Bruh
|c| iEcho|this is painful..
|c| TheSkyAboveUs|literally satan nb
|join|lil manaphy
|c| PragaSV|chansey ftw
|c|âMudkip Slayer|no crits pls
|
|move|p2a: Wobbuffet.|Calm Mind|p2a: Wobbuffet.
|-boost|p2a: Wobbuffet.|spa|1
|-boost|p2a: Wobbuffet.|spd|1
|move|p1a: Clefable|Moonblast|p2a: Wobbuffet.
|-damage|p2a: Wobbuffet.|21\/301
|-unboost|p2a: Wobbuffet.|spa|1
|
|-heal|p2a: Wobbuffet.|39\/301|[from] item: Leftovers
|turn|13
|c| Snickered|lmfao
|c| alt7777777|why are you cming
|c| TheSkyAboveUs|u have rest?
|c| iEcho|reveal the crit
|c| Vrin|the spatk drops
|
|move|p2a: Wobbuffet.|Rest|p2a: Wobbuffet.
|-status|p2a: Wobbuffet.|slp
|-heal|p2a: Wobbuffet.|301\/301 slp|[silent]
|-status|p2a: Wobbuffet.|slp|[from] move: Rest
|move|p1a: Clefable|Moonblast|p2a: Wobbuffet.
|-damage|p2a: Wobbuffet.|229\/301 slp
|-unboost|p2a: Wobbuffet.|spa|1
|
|-heal|p2a: Wobbuffet.|247\/301 slp|[from] item: Leftovers
|turn|14
|c| Hallucination|look at all those chickens
|c| Vrin|yep
|c| Snickered|serence grace clef
|c| Snickered|omg Lmao
|c| Vrin|LOL
|c| PragaSV|lol
|
|cant|p2a: Wobbuffet.|slp
|move|p1a: Clefable|Moonblast|p2a: Wobbuffet.
|-damage|p2a: Wobbuffet.|171\/301 slp
|
|-heal|p2a: Wobbuffet.|189\/301 slp|[from] item: Leftovers
|turn|15
|c| iEcho|whoa lol
|
|cant|p2a: Wobbuffet.|slp
|move|p1a: Clefable|Moonblast|p2a: Wobbuffet.
|-damage|p2a: Wobbuffet.|114\/301 slp
|-unboost|p2a: Wobbuffet.|spa|1
|
|-heal|p2a: Wobbuffet.|132\/301 slp|[from] item: Leftovers
|turn|16
|c| TryHorN|reveal
|c| Vrin|3\/4
|c| TryHorN|the critical hit
|c| Snickered|we're gona be here foreer
|c| Snickered|OMG
|c| Snickered|LOL
|c| TryHorN|reveal the critical hit
|c| Vrin|4\/5
|
|-curestatus|p2a: Wobbuffet.|slp
|move|p2a: Wobbuffet.|Calm Mind|p2a: Wobbuffet.
|-boost|p2a: Wobbuffet.|spa|1
|-boost|p2a: Wobbuffet.|spd|1
|move|p1a: Clefable|Moonblast|p2a: Wobbuffet.
|-damage|p2a: Wobbuffet.|77\/301
|-unboost|p2a: Wobbuffet.|spa|1
|
|-heal|p2a: Wobbuffet.|95\/301|[from] item: Leftovers
|turn|17
|c| Vrin|5\/6
|c| Snickered|LMAO
|c| PragaSV|LOL
|join|thespiritinthesky
|
|move|p2a: Wobbuffet.|Rest|p2a: Wobbuffet.
|-status|p2a: Wobbuffet.|slp
|-heal|p2a: Wobbuffet.|301\/301 slp|[silent]
|-status|p2a: Wobbuffet.|slp|[from] move: Rest
|move|p1a: Clefable|Moonblast|p2a: Wobbuffet.
|-damage|p2a: Wobbuffet.|246\/301 slp
|-unboost|p2a: Wobbuffet.|spa|1
|
|-heal|p2a: Wobbuffet.|264\/301 slp|[from] item: Leftovers
|turn|18
|-message|WECAMEASROMANS forfeited.
|
|win|Mudkip Slayer
|leave|WECAMEASROMANS
|c| Snickered|6-7
|player|p1
|c| TheSkyAboveUs|W
|c| TheSkyAboveUs|O
|c| TryHorN|LOL
|c| Ryzed|wtf?
|c| TheSkyAboveUs|W
|c| Snickered|LMFAO
|c| Vrin|gg
|c|âMudkip Slayer|gg
|leave|PragaSV
|leave|alt7777777
|c| Tythaeus|Lol
|c| iEcho|OH MY GOD
|c| iEcho|ROFL
|leave|Wheezer
|leave|Mudkip Slayer
|player|p2
|leave|thespiritinthesky
|c| iEcho|THE ATTACK DROPS
|leave|Ryzed
|leave|Bloodz
|leave|Vrin
|leave|Snickered
|c| iEcho|LOL