|join|WECAMEASROMANS
|join|Brazilian Army
|player|p1|WECAMEASROMANS|170
|player|p2|Brazilian Army|2
|gametype|singles
|gen|6
|tier|OU
|clearpoke
|poke|p1|Thundurus, M
|poke|p1|Tyranitar, M
|poke|p1|Excadrill, M
|poke|p1|Gyarados, M
|poke|p1|Keldeo
|poke|p1|Talonflame, M
|poke|p2|Latios, M
|poke|p2|Crawdaunt, M
|poke|p2|Manectric, F
|poke|p2|Ferrothorn, F
|poke|p2|Hippowdon, F
|poke|p2|Gengar, F
|rule|Swagger Clause: Swagger is banned
|rule|Baton Pass Clause: Limit one PokÃ©mon knowing Baton Pass
|rule|Sleep Clause Mod: Limit one foe put to sleep
|rule|Species Clause: Limit one of each PokÃ©mon
|rule|OHKO Clause: OHKO moves are banned
|rule|Moody Clause: Moody is banned
|rule|Evasion Moves Clause: Evasion moves are banned
|rule|Endless Battle Clause: Forcing endless battles is banned
|rule|HP Percentage Mod: HP is shown in percentages
|teampreview
|join|gizmo
|join|lil manaphy
|join|habajiga
|join|FlamingVictini PB
|join|Rob
|join|c1one
|join|I Iike Squirtles
|c|âWECAMEASROMANS|gl
|join|daftmau5
|join|jpw234
|join|Yuttt.annual
|join|Dragonite VII
|join|Zamrock
|join|the pdc show
|leave|gizmo
|join|Tom Bus
|join|gizmo
|c| Zamrock|why are you niggas playign this early
|c| Zamrock|deadline is feb 7th
|c| Zamrock|-
|join|Z+V1
|join|FNH
|c| jpw234|modchat n_n
|c|âBrazilian Army|because we dont want to john
|c| Zamrock|rofl, nice team Brazilian army
|c|âBrazilian Army|:)
|join|TheLaughingCats
|join|WonderchildIT
|c| Zamrock|it's almost like u stole it someplace
|leave|FNH
|raw|<div class="broadcast-red"><b>Moderated chat was set to +!<\/b><br \/>Only users of rank + and higher can talk.<\/div>
|join|Century Express
|
|start
|switch|p1a: Keldeo|Keldeo|323\/323
|switch|p2a: Hippowdon|Hippowdon, F|378\/378
|-weather|Sandstorm
|turn|1
|join|ShootingStarmie
|
|switch|p2a: Ferrothorn|Ferrothorn, F|351\/351
|move|p1a: Keldeo|Scald|p2a: Ferrothorn
|-resisted|p2a: Ferrothorn
|-damage|p2a: Ferrothorn|273\/351
|
|-weather|Sandstorm|[upkeep]
|-damage|p1a: Keldeo|303\/323|[from] sandstorm
|-heal|p2a: Ferrothorn|294\/351|[from] item: Leftovers
|turn|2
|join|Fedayi
|
|switch|p1a: Tyranitar|Tyranitar, M|404\/404
|move|p2a: Ferrothorn|Spikes|p1a: Tyranitar
|-sidestart|p1: WECAMEASROMANS|Spikes
|
|-weather|Sandstorm|[upkeep]
|-heal|p2a: Ferrothorn|315\/351|[from] item: Leftovers
|turn|3
|join|PoweredByRevenge
|
|switch|p2a: Crawdaunt|Crawdaunt, M|268\/268
|move|p1a: Tyranitar|Stealth Rock|p2a: Crawdaunt
|-sidestart|p2: Brazilian Army|move: Stealth Rock
|
|-weather|Sandstorm|[upkeep]
|-damage|p2a: Crawdaunt|252\/268|[from] sandstorm
|turn|4
|
|switch|p2a: Manectric|Manectric, F|281\/281
|-damage|p2a: Manectric|246\/281|[from] Stealth Rock
|switch|p1a: Keldeo|Keldeo|303\/323
|-damage|p1a: Keldeo|263\/323|[from] Spikes
|
|-weather|Sandstorm|[upkeep]
|-damage|p1a: Keldeo|243\/323|[from] sandstorm
|-damage|p2a: Manectric|229\/281|[from] sandstorm
|turn|5
|leave|PoweredByRevenge
|join|Krovvy
|
|switch|p2a: Latios|Latios, M|301\/301
|-damage|p2a: Latios|264\/301|[from] Stealth Rock
|move|p1a: Keldeo|Secret Sword|p2a: Latios
|-resisted|p2a: Latios
|-damage|p2a: Latios|126\/301
|
|-weather|none
|turn|6
|
|switch|p1a: Tyranitar|Tyranitar, M|404\/404
|-damage|p1a: Tyranitar|354\/404|[from] Spikes
|-weather|Sandstorm
|move|p2a: Latios|Draco Meteor|p1a: Tyranitar
|-crit|p1a: Tyranitar
|-damage|p1a: Tyranitar|89\/404
|-unboost|p2a: Latios|spa|2
|-damage|p2a: Latios|96\/301|[from] item: Life Orb
|
|-weather|Sandstorm|[upkeep]
|-damage|p2a: Latios|78\/301|[from] sandstorm
|turn|7
|join|Mack bus
|leave|Mack bus
|
|move|p2a: Latios|Draco Meteor|p1a: Tyranitar
|-damage|p1a: Tyranitar|6\/404
|-unboost|p2a: Latios|spa|2
|-damage|p2a: Latios|48\/301|[from] item: Life Orb
|move|p1a: Tyranitar|Ice Beam|p2a: Latios
|-supereffective|p2a: Latios
|-damage|p2a: Latios|0 fnt
|faint|p2a: Latios
|
|-weather|Sandstorm|[upkeep]
|
|switch|p2a: Manectric|Manectric, F|229\/281
|-damage|p2a: Manectric|194\/281|[from] Stealth Rock
|turn|8
|
|detailschange|p2a: Manectric|Manectric-Mega, F
|-mega|p2a: Manectric|Manectric|Manectite
|-ability|p2a: Manectric|Intimidate|[of] p1a: Tyranitar
|-unboost|p1a: Tyranitar|atk|1
|move|p2a: Manectric|Flamethrower|p1a: Tyranitar
|-crit|p1a: Tyranitar
|-resisted|p1a: Tyranitar
|-damage|p1a: Tyranitar|0 fnt
|faint|p1a: Tyranitar
|
|-weather|Sandstorm|[upkeep]
|-damage|p2a: Manectric|177\/281|[from] sandstorm
|
|switch|p1a: Excadrill|Excadrill, M|361\/361
|-damage|p1a: Excadrill|316\/361|[from] Spikes
|turn|9
|
|switch|p2a: Hippowdon|Hippowdon, F|378\/378
|-damage|p2a: Hippowdon|355\/378|[from] Stealth Rock
|move|p1a: Excadrill|Earthquake|p2a: Hippowdon
|-damage|p2a: Hippowdon|147\/378
|-damage|p1a: Excadrill|280\/361|[from] item: Life Orb
|
|-weather|Sandstorm|[upkeep]
|-heal|p2a: Hippowdon|170\/378|[from] item: Leftovers
|turn|10
|join|retorno
|
|move|p1a: Excadrill|Earthquake|p2a: Hippowdon
|-damage|p2a: Hippowdon|0 fnt
|-damage|p1a: Excadrill|244\/361|[from] item: Life Orb
|faint|p2a: Hippowdon
|
|-weather|Sandstorm|[upkeep]
|c|âBrazilian Army|forget the evs for hippo
|join|Ox the Box
|
|switch|p2a: Crawdaunt|Crawdaunt, M|252\/268
|-damage|p2a: Crawdaunt|219\/268|[from] Stealth Rock
|turn|11
|c|âBrazilian Army|what a shit way to lose
|
|switch|p1a: Gyarados|Gyarados, M|353\/353
|-ability|p1a: Gyarados|Intimidate|[of] p2a: Crawdaunt
|-unboost|p2a: Crawdaunt|atk|1
|move|p2a: Crawdaunt|Waterfall|p1a: Gyarados
|-resisted|p1a: Gyarados
|-damage|p1a: Gyarados|253\/353
|-damage|p2a: Crawdaunt|193\/268|[from] item: Life Orb
|
|-weather|Sandstorm|[upkeep]
|-damage|p1a: Gyarados|231\/353|[from] sandstorm
|-damage|p2a: Crawdaunt|177\/268|[from] sandstorm
|turn|12
|join|I'm Virus (~'o')~
|
|switch|p2a: Ferrothorn|Ferrothorn, F|315\/351
|-damage|p2a: Ferrothorn|294\/351|[from] Stealth Rock
|detailschange|p1a: Gyarados|Gyarados-Mega, M
|-mega|p1a: Gyarados|Gyarados|Gyaradosite
|-ability|p1a: Gyarados|Mold Breaker
|move|p1a: Gyarados|Crunch|p2a: Ferrothorn
|-damage|p2a: Ferrothorn|174\/351
|-damage|p1a: Gyarados|187\/353|[from] ability: Iron Barbs|[of] p2a: Ferrothorn
|
|-weather|Sandstorm|[upkeep]
|-damage|p1a: Gyarados|165\/353|[from] sandstorm
|-heal|p2a: Ferrothorn|195\/351|[from] item: Leftovers
|turn|13
|join|Nebraska Jones
|
|move|p1a: Gyarados|Dragon Dance|p1a: Gyarados
|-boost|p1a: Gyarados|atk|1
|-boost|p1a: Gyarados|spe|1
|move|p2a: Ferrothorn|Leech Seed|p1a: Gyarados
|-start|p1a: Gyarados|move: Leech Seed
|
|-weather|none
|-heal|p2a: Ferrothorn|216\/351|[from] item: Leftovers
|-damage|p1a: Gyarados|121\/353|[from] Leech Seed|[of] p2a: Ferrothorn
|-heal|p2a: Ferrothorn|260\/351|[silent]
|turn|14
|leave|Nebraska Jones
|join|Nebraska Jones
|join|Pure Demize
|leave|Nebraska Jones
|
|move|p1a: Gyarados|Crunch|p2a: Ferrothorn
|-damage|p2a: Ferrothorn|71\/351
|-damage|p1a: Gyarados|77\/353|[from] ability: Iron Barbs|[of] p2a: Ferrothorn
|-unboost|p2a: Ferrothorn|def|1
|move|p2a: Ferrothorn|Power Whip|p1a: Gyarados
|-supereffective|p1a: Gyarados
|-damage|p1a: Gyarados|0 fnt
|faint|p1a: Gyarados
|
|-heal|p2a: Ferrothorn|92\/351|[from] item: Leftovers
|
|switch|p1a: Talonflame|Talonflame, M|320\/320
|turn|15
|
|move|p1a: Talonflame|Swords Dance|p1a: Talonflame
|-boost|p1a: Talonflame|atk|2
|move|p2a: Ferrothorn|Knock Off|p1a: Talonflame
|-damage|p1a: Talonflame|220\/320
|-enditem|p1a: Talonflame|Sharp Beak|[from] move: Knock Off|[of] p2a: Ferrothorn
|
|-heal|p2a: Ferrothorn|113\/351|[from] item: Leftovers
|turn|16
|join|Brazilian Bitches
|
|switch|p2a: Gengar|Gengar, F|261\/261
|-damage|p2a: Gengar|229\/261|[from] Stealth Rock
|move|p1a: Talonflame|Swords Dance|p1a: Talonflame
|-boost|p1a: Talonflame|atk|2
|
|turn|17
|
|move|p1a: Talonflame|Brave Bird|p2a: Gengar
|-damage|p2a: Gengar|0 fnt
|-damage|p1a: Talonflame|144\/320|[from] recoil|[of] p2a: Gengar
|faint|p2a: Gengar
|
|
|switch|p2a: Manectric|Manectric-Mega, F|177\/281
|-damage|p2a: Manectric|142\/281|[from] Stealth Rock
|-ability|p2a: Manectric|Intimidate|[of] p1a: Talonflame
|-unboost|p1a: Talonflame|atk|1
|turn|18
|join|Alldaalts
|
|switch|p2a: Ferrothorn|Ferrothorn, F|113\/351
|-damage|p2a: Ferrothorn|92\/351|[from] Stealth Rock
|move|p1a: Talonflame|Brave Bird|p2a: Ferrothorn
|-damage|p2a: Ferrothorn|0 fnt
|-damage|p1a: Talonflame|104\/320|[from] ability: Iron Barbs|[of] p2a: Ferrothorn
|-damage|p1a: Talonflame|74\/320|[from] recoil|[of] p2a: Ferrothorn
|faint|p2a: Ferrothorn
|
|c|âBrazilian Army|gg
|leave|Alldaalts
|c|âWECAMEASROMANS|gg
|
|switch|p2a: Crawdaunt|Crawdaunt, M|177\/268
|-damage|p2a: Crawdaunt|144\/268|[from] Stealth Rock
|turn|19
|
|move|p1a: Talonflame|Brave Bird|p2a: Crawdaunt
|-damage|p2a: Crawdaunt|0 fnt
|-damage|p1a: Talonflame|26\/320|[from] recoil|[of] p2a: Crawdaunt
|faint|p2a: Crawdaunt
|
|
|switch|p2a: Manectric|Manectric-Mega, F|142\/281
|-damage|p2a: Manectric|107\/281|[from] Stealth Rock
|-ability|p2a: Manectric|Intimidate|[of] p1a: Talonflame
|-unboost|p1a: Talonflame|atk|1
|turn|20
|leave|WonderchildIT
|
|move|p1a: Talonflame|Brave Bird|p2a: Manectric
|-resisted|p2a: Manectric
|-damage|p2a: Manectric|0 fnt
|-damage|p1a: Talonflame|0 fnt|[from] recoil|[of] p2a: Manectric
|faint|p2a: Manectric
|faint|p1a: Talonflame
|
|win|WECAMEASROMANS
|leave|WECAMEASROMANS
|leave|Yuttt.annual
|leave|Ox the Box
|leave|Rob
|leave|Zamrock
|leave|c1one
|leave|Brazilian Army
|leave|Dragonite VII
|leave|daftmau5
|leave|Z+V1
|player|p1
|leave|I Iike Squirtles
|leave|jpw234
|leave|TheLaughingCats
|player|p2
|leave|Pure Demize
|leave|Tom Bus
|leave|Fedayi
|leave|Century Express
|leave|the pdc show
|join|Mack bus
|leave|Mack bus
|leave|retorno
|leave|FlamingVictini PB
|join|Yuttt.annual
|join|Fedayi
|join|daftmau5
|leave|Yuttt.annual
|leave|Fedayi
|join|Yuttt.annual
|leave|Yuttt.annual
|join|I Iike Squirtles
|leave|I Iike Squirtles
|join|Dark380
|leave|Krovvy
|join|ThE0testing
|leave|ThE0testing
|leave|Dark380
|join|Fedayi
|leave|Fedayi
|join|Vertex
|leave|ShootingStarmie
|join|Here to gg
|leave|Here to gg
|leave|lil manaphy
|leave|Vertex
|leave|gizmo
|join|ggggd
|leave|ggggd
|join|WECAMEASROMANS