|join|WECAMEASROMANS
|join|Biz
|player|p1|WECAMEASROMANS|101
|player|p2|Biz|264
|gametype|singles
|gen|6
|tier|OU
|rated
|clearpoke
|poke|p1|Thundurus, M
|poke|p1|Hippowdon, M
|poke|p1|Celebi
|poke|p1|Victini
|poke|p1|Lopunny, M
|poke|p1|Latios, M
|poke|p2|Weavile, M
|poke|p2|Suicune
|poke|p2|Excadrill, M
|poke|p2|Altaria, F
|poke|p2|Magnezone
|poke|p2|Talonflame, M
|rule|Swagger Clause: Swagger is banned
|rule|Baton Pass Clause: Limit one PokÃ©mon knowing Baton Pass
|rule|Sleep Clause Mod: Limit one foe put to sleep
|rule|Species Clause: Limit one of each PokÃ©mon
|rule|OHKO Clause: OHKO moves are banned
|rule|Moody Clause: Moody is banned
|rule|Evasion Moves Clause: Evasion moves are banned
|rule|Endless Battle Clause: Forcing endless battles is banned
|rule|HP Percentage Mod: HP is shown in percentages
|teampreview
|c|âBiz|fuck
|c|âBiz|at last we meet
|
|start
|switch|p1a: Hippowdon|Hippowdon, M|416\/416
|switch|p2a: Talonflame|Talonflame, M|297\/297
|turn|1
|
|switch|p2a: Excadrill|Excadrill, M|362\/362
|-ability|p2a: Excadrill|Mold Breaker
|-item|p2a: Excadrill|Air Balloon
|move|p1a: Hippowdon|Stealth Rock|p2a: Excadrill
|-sidestart|p2: Biz|move: Stealth Rock
|
|turn|2
|
|move|p2a: Excadrill|Rapid Spin|p1a: Hippowdon
|-crit|p1a: Hippowdon
|-damage|p1a: Hippowdon|391\/416
|-sideend|p2: Biz|Stealth Rock|[from] move: Rapid Spin|[of] p2a: Excadrill
|move|p1a: Hippowdon|Stone Edge|p2a: Excadrill|[miss]
|-miss|p1a: Hippowdon|p2a: Excadrill
|
|-heal|p1a: Hippowdon|416\/416|[from] item: Leftovers
|turn|3
|join|Bloodz
|
|move|p2a: Excadrill|Stealth Rock|p1a: Hippowdon
|-sidestart|p1: WECAMEASROMANS|move: Stealth Rock
|move|p1a: Hippowdon|Stealth Rock|p2a: Excadrill
|-sidestart|p2: Biz|move: Stealth Rock
|
|turn|4
|
|move|p2a: Excadrill|Rapid Spin|p1a: Hippowdon
|-damage|p1a: Hippowdon|397\/416
|-sideend|p2: Biz|Stealth Rock|[from] move: Rapid Spin|[of] p2a: Excadrill
|move|p1a: Hippowdon|Stone Edge|p2a: Excadrill
|-resisted|p2a: Excadrill
|-damage|p2a: Excadrill|330\/362
|-enditem|p2a: Excadrill|Air Balloon
|
|-heal|p1a: Hippowdon|416\/416|[from] item: Leftovers
|turn|5
|join|req'd by crobro
|
|move|p2a: Excadrill|Earthquake|p1a: Hippowdon
|-damage|p1a: Hippowdon|275\/416
|move|p1a: Hippowdon|Stealth Rock|p2a: Excadrill
|-sidestart|p2: Biz|move: Stealth Rock
|
|-heal|p1a: Hippowdon|301\/416|[from] item: Leftovers
|turn|6
|
|move|p2a: Excadrill|Rapid Spin|p1a: Hippowdon
|-damage|p1a: Hippowdon|282\/416
|-sideend|p2: Biz|Stealth Rock|[from] move: Rapid Spin|[of] p2a: Excadrill
|move|p1a: Hippowdon|Earthquake|p2a: Excadrill
|-supereffective|p2a: Excadrill
|-damage|p2a: Excadrill|0 fnt
|faint|p2a: Excadrill
|
|-heal|p1a: Hippowdon|308\/416|[from] item: Leftovers
|
|switch|p2a: Weavile|Weavile, M|281\/281
|-ability|p2a: Weavile|Pressure
|turn|7
|
|move|p2a: Weavile|Icicle Crash|p1a: Hippowdon
|-supereffective|p1a: Hippowdon
|-damage|p1a: Hippowdon|116\/416
|move|p1a: Hippowdon|Stone Edge|p2a: Weavile
|-supereffective|p2a: Weavile
|-damage|p2a: Weavile|57\/281
|
|-heal|p1a: Hippowdon|142\/416|[from] item: Leftovers
|turn|8
|
|move|p2a: Weavile|Icicle Crash|p1a: Hippowdon
|-supereffective|p1a: Hippowdon
|-damage|p1a: Hippowdon|0 fnt
|faint|p1a: Hippowdon
|
|
|switch|p1a: Lopunny|Lopunny, M|271\/271
|-damage|p1a: Lopunny|238\/271|[from] Stealth Rock
|turn|9
|
|switch|p2a: Talonflame|Talonflame, M|297\/297
|detailschange|p1a: Lopunny|Lopunny-Mega, M
|-mega|p1a: Lopunny|Lopunny|Lopunnite
|move|p1a: Lopunny|Return|p2a: Talonflame
|-damage|p2a: Talonflame|2\/297
|
|turn|10
|
|switch|p1a: Victini|Victini|369\/369
|-damage|p1a: Victini|277\/369|[from] Stealth Rock
|move|p2a: Talonflame|U-turn|p1a: Victini
|-damage|p1a: Victini|175\/369
|
|switch|p2a: Altaria|Altaria, F|291\/291
|-ability|p2a: Altaria|Cloud Nine
|
|-heal|p1a: Victini|198\/369|[from] item: Leftovers
|turn|11
|join|MonoConvergence
|
|switch|p1a: Thundurus|Thundurus, M|305\/305
|-damage|p1a: Thundurus|229\/305|[from] Stealth Rock
|detailschange|p2a: Altaria|Altaria-Mega, F
|-mega|p2a: Altaria|Altaria|Altarianite
|move|p2a: Altaria|Earthquake|p1a: Thundurus
|-immune|p1a: Thundurus|[msg]
|
|-heal|p1a: Thundurus|248\/305|[from] item: Leftovers
|turn|12
|
|switch|p2a: Magnezone|Magnezone|282\/282
|move|p1a: Thundurus|Thunder Wave|p2a: Magnezone
|-fail|p2a: Magnezone
|
|-heal|p1a: Thundurus|267\/305|[from] item: Leftovers
|turn|13
|
|move|p2a: Magnezone|Volt Switch|p1a: Thundurus
|-damage|p1a: Thundurus|104\/305
|
|switch|p2a: Suicune|Suicune|404\/404
|-ability|p2a: Suicune|Pressure
|move|p1a: Thundurus|Thunderbolt|p2a: Suicune
|-supereffective|p2a: Suicune
|-damage|p2a: Suicune|108\/404
|
|-heal|p1a: Thundurus|123\/305|[from] item: Leftovers
|-heal|p2a: Suicune|133\/404|[from] item: Leftovers
|turn|14
|join|Prankster
|join|QuagGod
|
|move|p1a: Thundurus|Thunderbolt|p2a: Suicune
|-supereffective|p2a: Suicune
|-damage|p2a: Suicune|0 fnt
|faint|p2a: Suicune
|
|-heal|p1a: Thundurus|142\/305|[from] item: Leftovers
|join|asdfCookie
|
|switch|p2a: Magnezone|Magnezone|282\/282
|turn|15
|
|switch|p1a: Celebi|Celebi|404\/404
|-damage|p1a: Celebi|354\/404|[from] Stealth Rock
|move|p2a: Magnezone|Volt Switch|p1a: Celebi
|-resisted|p1a: Celebi
|-damage|p1a: Celebi|304\/404
|join|yuy
|
|switch|p2a: Weavile|Weavile, M|57\/281
|-ability|p2a: Weavile|Pressure
|
|-heal|p1a: Celebi|329\/404|[from] item: Leftovers
|turn|16
|
|move|p2a: Weavile|Icicle Crash|p1a: Celebi
|-crit|p1a: Celebi
|-supereffective|p1a: Celebi
|-damage|p1a: Celebi|0 fnt
|faint|p1a: Celebi
|
|
|switch|p1a: Thundurus|Thundurus, M|142\/305
|-damage|p1a: Thundurus|66\/305|[from] Stealth Rock
|turn|17
|
|switch|p1a: Latios|Latios, M|299\/299
|-damage|p1a: Latios|262\/299|[from] Stealth Rock
|move|p2a: Weavile|Ice Shard|p1a: Latios
|-supereffective|p1a: Latios
|-damage|p1a: Latios|106\/299
|
|turn|18
|-message|WECAMEASROMANS forfeited.
|
|win|Biz
|raw|Ladder updating...
|leave|WECAMEASROMANS
|player|p1
|raw|WECAMEASROMANS's rating: 1515 &rarr; <strong>1492<\/strong><br \/>(-23 for losing)
|raw|Biz's rating: 1462 &rarr; <strong>1485<\/strong><br \/>(+23 for winning)