|join|Reskk
|join|WECAMEASROMANS
|join|PZwag
|player|p1|Reskk|102
|player|p2|WECAMEASROMANS|266
|gametype|singles
|gen|6
|tier|OU
|clearpoke
|poke|p1|Rotom-Wash
|poke|p1|Diancie
|poke|p1|Tyranitar, M
|poke|p1|Tornadus-Therian, M
|poke|p1|Excadrill, M
|poke|p1|Latios, M
|poke|p2|Tornadus-Therian, M
|poke|p2|Victini
|poke|p2|Tentacruel, M
|poke|p2|Venusaur, F
|poke|p2|Hippowdon, F
|poke|p2|Clefable, F
|rule|Swagger Clause: Swagger is banned
|rule|Baton Pass Clause: Limit one PokÃ©mon knowing Baton Pass
|rule|Sleep Clause Mod: Limit one foe put to sleep
|rule|Species Clause: Limit one of each PokÃ©mon
|rule|OHKO Clause: OHKO moves are banned
|rule|Moody Clause: Moody is banned
|rule|Evasion Moves Clause: Evasion moves are banned
|rule|Endless Battle Clause: Forcing endless battles is banned
|rule|HP Percentage Mod: HP is shown in percentages
|teampreview
|join|GengarTheASDFGHJKL
|join|Demandred
|join|QuagGod
|join|All Together Now
|join|dhikhjghiduhjd
|
|start
|switch|p1a: Tornadus-Therian|Tornadus-Therian, M|332\/332
|switch|p2a: Venusaur|Venusaur, F|363\/363
|turn|1
|join|venancio12
|join|Cryolite
|
|switch|p2a: Clefable|Clefable, F|393\/393
|move|p1a: Tornadus-Therian|Hurricane|p2a: Clefable|[miss]
|-miss|p1a: Tornadus-Therian|p2a: Clefable
|
|turn|2
|c| Cryolite|all of my lel
|
|move|p1a: Tornadus-Therian|Knock Off|p2a: Clefable
|-resisted|p2a: Clefable
|-damage|p2a: Clefable|357\/393
|-enditem|p2a: Clefable|Leftovers|[from] move: Knock Off|[of] p1a: Tornadus-Therian
|move|p2a: Clefable|Moonblast|p1a: Tornadus-Therian
|-damage|p1a: Tornadus-Therian|259\/332
|
|turn|3
|c|âReskk|lol
|c| Cryolite|i swear that thing constantly thinks its sunny out
|
|move|p1a: Tornadus-Therian|Hurricane|p2a: Clefable
|-damage|p2a: Clefable|203\/393
|move|p2a: Clefable|Soft-Boiled|p2a: Clefable
|-heal|p2a: Clefable|393\/393
|
|turn|4
|c| Cryolite|fucking 50% on a good day
|
|move|p1a: Tornadus-Therian|Focus Blast|p2a: Clefable
|-resisted|p2a: Clefable
|-damage|p2a: Clefable|342\/393
|move|p2a: Clefable|Moonblast|p1a: Tornadus-Therian
|-damage|p1a: Tornadus-Therian|183\/332
|
|turn|5
|leave|GengarTheASDFGHJKL
|join|will reqs you mate
|
|move|p1a: Tornadus-Therian|U-turn|p2a: Clefable
|-resisted|p2a: Clefable
|-damage|p2a: Clefable|317\/393
|join|klasjdoa
|
|switch|p1a: Rotom-Wash|Rotom-Wash|303\/303
|move|p2a: Clefable|Soft-Boiled|p2a: Clefable
|-heal|p2a: Clefable|393\/393
|
|turn|6
|join|king of spycrabs
|
|switch|p2a: Venusaur|Venusaur, F|363\/363
|move|p1a: Rotom-Wash|Will-O-Wisp|p2a: Venusaur
|-status|p2a: Venusaur|brn
|
|-damage|p2a: Venusaur|318\/363 brn|[from] brn
|turn|7
|
|switch|p1a: Tornadus-Therian|Tornadus-Therian, M|293\/332
|detailschange|p2a: Venusaur|Venusaur-Mega, F
|-mega|p2a: Venusaur|Venusaur|Venusaurite
|move|p2a: Venusaur|Knock Off|p1a: Tornadus-Therian
|-damage|p1a: Tornadus-Therian|259\/332
|-enditem|p1a: Tornadus-Therian|Assault Vest|[from] move: Knock Off|[of] p2a: Venusaur
|
|-damage|p2a: Venusaur|273\/363 brn|[from] brn
|turn|8
|c|âReskk|huh
|c| dhikhjghiduhjd|lel
|c|âReskk|intesting
|
|switch|p2a: Clefable|Clefable, F|393\/393
|move|p1a: Tornadus-Therian|Hurricane|p2a: Clefable
|-damage|p2a: Clefable|236\/393
|
|turn|9
|c|âReskk|interesting
|
|move|p1a: Tornadus-Therian|Hurricane|p2a: Clefable
|-damage|p2a: Clefable|98\/393
|move|p2a: Clefable|Soft-Boiled|p2a: Clefable
|-heal|p2a: Clefable|295\/393
|
|turn|10
|join|ThE0
|
|move|p1a: Tornadus-Therian|Hurricane|p2a: Clefable|[miss]
|-miss|p1a: Tornadus-Therian|p2a: Clefable
|move|p2a: Clefable|Soft-Boiled|p2a: Clefable
|-heal|p2a: Clefable|393\/393
|
|turn|11
|
|move|p1a: Tornadus-Therian|Hurricane|p2a: Clefable
|-damage|p2a: Clefable|254\/393
|move|p2a: Clefable|Heal Bell|p2a: Clefable
|-cureteam|p2a: Clefable|[from] move: HealBell
|
|turn|12
|leave|will reqs you mate
|
|move|p1a: Tornadus-Therian|U-turn|p2a: Clefable
|-resisted|p2a: Clefable
|-damage|p2a: Clefable|229\/393
|join|ItsKNIGHTime
|
|switch|p1a: Rotom-Wash|Rotom-Wash|303\/303
|move|p2a: Clefable|Soft-Boiled|p2a: Clefable
|-heal|p2a: Clefable|393\/393
|
|turn|13
|join|abcdefghitony
|
|move|p1a: Rotom-Wash|Volt Switch|p2a: Clefable
|-damage|p2a: Clefable|318\/393
|
|switch|p1a: Tornadus-Therian|Tornadus-Therian, M|332\/332
|move|p2a: Clefable|Moonblast|p1a: Tornadus-Therian
|-damage|p1a: Tornadus-Therian|215\/332
|
|turn|14
|join|Hyperism
|
|move|p1a: Tornadus-Therian|Hurricane|p2a: Clefable
|-damage|p2a: Clefable|161\/393
|move|p2a: Clefable|Calm Mind|p2a: Clefable
|-boost|p2a: Clefable|spa|1
|-boost|p2a: Clefable|spd|1
|
|turn|15
|
|move|p1a: Tornadus-Therian|U-turn|p2a: Clefable
|-resisted|p2a: Clefable
|-damage|p2a: Clefable|132\/393
|
|switch|p1a: Excadrill|Excadrill, M|361\/361
|move|p2a: Clefable|Soft-Boiled|p2a: Clefable
|-heal|p2a: Clefable|329\/393
|
|turn|16
|
|switch|p2a: Hippowdon|Hippowdon, F|416\/416
|move|p1a: Excadrill|Iron Head|p2a: Hippowdon
|-damage|p2a: Hippowdon|276\/416
|-damage|p1a: Excadrill|325\/361|[from] item: Life Orb
|
|-heal|p2a: Hippowdon|302\/416|[from] item: Leftovers
|turn|17
|c|âReskk|top kek
|c|âReskk|sand force hippo
|c|âWECAMEASROMANS|yeah its for moonlight clefable
|join|Mitsune Haku
|
|switch|p1a: Rotom-Wash|Rotom-Wash|303\/303
|move|p2a: Hippowdon|Slack Off|p2a: Hippowdon
|-heal|p2a: Hippowdon|416\/416
|
|turn|18
|join|Jukain
|
|switch|p2a: Clefable|Clefable, F|329\/393
|move|p1a: Rotom-Wash|Will-O-Wisp|p2a: Clefable
|-status|p2a: Clefable|brn
|
|turn|19
|join|Avarice87
|c|âReskk|alright
|c|âReskk|finally
|c|+Jukain|lol
|c|+Jukain|>moonlight clefable
|c| Mitsune Haku|magic guard
|c|+Jukain|plz wcar
|c| Avarice87|Is this for the tourney?
|c| klasjdoa|?
|c|âReskk|thats the point misune
|c| klasjdoa|Alright what?
|
|move|p1a: Rotom-Wash|Hydro Pump|p2a: Clefable
|-damage|p2a: Clefable|200\/393 brn
|move|p2a: Clefable|Moonblast|p1a: Rotom-Wash
|-damage|p1a: Rotom-Wash|210\/303
|
|-heal|p1a: Rotom-Wash|228\/303|[from] item: Leftovers
|turn|20
|join|mestier1233
|c| mestier1233|wow what a meanie choice
|c| klasjdoa|You didn't get it yet, lol?
|join|SSJLegend
|c| mestier1233|no one is using toxicroak
|
|move|p1a: Rotom-Wash|Hydro Pump|p2a: Clefable
|-damage|p2a: Clefable|79\/393 brn
|move|p2a: Clefable|Soft-Boiled|p2a: Clefable
|-heal|p2a: Clefable|276\/393 brn
|
|-heal|p1a: Rotom-Wash|246\/303|[from] item: Leftovers
|turn|21
|c| mestier1233|u guys are both nerds
|c|âReskk|TFW no crit
|join|Mediocre Manifesto
|
|move|p1a: Rotom-Wash|Volt Switch|p2a: Clefable
|-damage|p2a: Clefable|198\/393 brn
|
|switch|p1a: Diancie|Diancie|257\/257
|move|p2a: Clefable|Moonblast|p1a: Diancie
|-damage|p1a: Diancie|179\/257
|
|turn|22
|c| mestier1233|toxicroak is the only good mon
|c| mestier1233|all these others are nerd
|
|detailschange|p1a: Diancie|Diancie-Mega
|-mega|p1a: Diancie|Diancie|Diancite
|move|p1a: Diancie|Moonblast|p2a: Clefable
|-damage|p2a: Clefable|0 fnt
|faint|p2a: Clefable
|
|
|switch|p2a: Venusaur|Venusaur-Mega, F|273\/363
|turn|23
|
|switch|p1a: Tornadus-Therian|Tornadus-Therian, M|325\/332
|move|p2a: Venusaur|Leech Seed|p1a: Tornadus-Therian
|-start|p1a: Tornadus-Therian|move: Leech Seed
|
|-damage|p1a: Tornadus-Therian|284\/332|[from] Leech Seed|[of] p2a: Venusaur
|-heal|p2a: Venusaur|314\/363|[silent]
|turn|24
|
|switch|p2a: Hippowdon|Hippowdon, F|416\/416
|move|p1a: Tornadus-Therian|Hurricane|p2a: Hippowdon
|-damage|p2a: Hippowdon|218\/416
|
|-heal|p2a: Hippowdon|244\/416|[from] item: Leftovers
|-damage|p1a: Tornadus-Therian|243\/332|[from] Leech Seed|[of] p2a: Hippowdon
|-heal|p2a: Hippowdon|285\/416|[silent]
|turn|25
|join|SwaggBoi
|
|switch|p1a: Rotom-Wash|Rotom-Wash|246\/303
|move|p2a: Hippowdon|Slack Off|p2a: Hippowdon
|-heal|p2a: Hippowdon|416\/416
|
|-heal|p1a: Rotom-Wash|264\/303|[from] item: Leftovers
|turn|26
|leave|ItsKNIGHTime
|
|switch|p2a: Victini|Victini|404\/404
|move|p1a: Rotom-Wash|Will-O-Wisp|p2a: Victini|[miss]
|-miss|p1a: Rotom-Wash|p2a: Victini
|
|-heal|p1a: Rotom-Wash|282\/303|[from] item: Leftovers
|turn|27
|leave|SwaggBoi
|
|move|p2a: Victini|Will-O-Wisp|p1a: Rotom-Wash
|-status|p1a: Rotom-Wash|brn
|move|p1a: Rotom-Wash|Will-O-Wisp|p2a: Victini
|-fail|p2a: Victini
|
|-heal|p1a: Rotom-Wash|300\/303 brn|[from] item: Leftovers
|-damage|p1a: Rotom-Wash|263\/303 brn|[from] brn
|turn|28
|c| Mitsune Haku|lol
|c|âReskk|will o wisp victini
|c|âReskk|k
|c| Mitsune Haku|will o wisp ON A victini
|c| Mitsune Haku|k
|
|switch|p2a: Tornadus-Therian|Tornadus-Therian, M|332\/332
|move|p1a: Rotom-Wash|Pain Split|p2a: Tornadus-Therian
|-sethp|p2a: Tornadus-Therian|297\/332|p1a: Rotom-Wash|297\/303 brn|[from] move: Pain Split
|
|-heal|p1a: Rotom-Wash|303\/303 brn|[from] item: Leftovers
|-damage|p1a: Rotom-Wash|266\/303 brn|[from] brn
|turn|29
|c|âReskk|i honestly expected rain dish tentacruel to come in
|c|âReskk|considering this guys team
|c| Mitsune Haku|it's strange
|c|âReskk|its surprisingly annoyng against my team
|c| klasjdoa|I told you that victini was bulky
|c| klasjdoa|:D
|c|âReskk|nah
|
|move|p2a: Tornadus-Therian|Knock Off|p1a: Rotom-Wash
|-damage|p1a: Rotom-Wash|221\/303 brn
|-enditem|p1a: Rotom-Wash|Leftovers|[from] move: Knock Off|[of] p2a: Tornadus-Therian
|move|p1a: Rotom-Wash|Will-O-Wisp|p2a: Tornadus-Therian
|-status|p2a: Tornadus-Therian|brn
|
|-damage|p2a: Tornadus-Therian|256\/332 brn|[from] brn
|-damage|p1a: Rotom-Wash|184\/303 brn|[from] brn
|turn|30
|c|âReskk|it isnt
|c| Mitsune Haku|100\/100\/100 isnt bad but shit typing
|c|âReskk|^
|
|move|p2a: Tornadus-Therian|U-turn|p1a: Rotom-Wash
|-damage|p1a: Rotom-Wash|165\/303 brn
|
|switch|p2a: Venusaur|Venusaur-Mega, F|314\/363
|move|p1a: Rotom-Wash|Pain Split|p2a: Venusaur
|-sethp|p2a: Venusaur|239\/363|p1a: Rotom-Wash|239\/303 brn|[from] move: Pain Split
|
|-damage|p1a: Rotom-Wash|202\/303 brn|[from] brn
|turn|31
|c|âReskk|that was a bad move
|c|âReskk|because no matter what i used
|c|âReskk|i got the advantage there
|c| Cryolite|why would you even consider bulky victini tho
|c| Cryolite|when glaciate mixed nukes the meta
|c|âReskk|victini is faster than most WoWers
|c|âReskk|is why
|c|âReskk|plus high base power moves
|join|Kung Fu Pancham
|c| Cryolite|he has no actual wallbreaker
|
|move|p1a: Rotom-Wash|Volt Switch|p2a: Venusaur
|-resisted|p2a: Venusaur
|-damage|p2a: Venusaur|204\/363
|c|âReskk|tanky venu mega
|join|craing
|
|switch|p1a: Latios|Latios, M|301\/301
|move|p2a: Venusaur|Giga Drain|p1a: Latios
|-resisted|p1a: Latios
|-damage|p1a: Latios|253\/301
|-heal|p2a: Venusaur|228\/363|[from] drain|[of] p1a: Latios
|
|turn|32
|c| Cryolite|gonna break all dem heatrans
|c|âReskk|i guess
|join|MonoConvergence
|c| Cryolite|if rocks go down and stay down
|
|switch|p2a: Tornadus-Therian|Tornadus-Therian, M|332\/332 brn
|move|p1a: Latios|Draco Meteor|p2a: Tornadus-Therian
|-damage|p2a: Tornadus-Therian|108\/332 brn
|-unboost|p1a: Latios|spa|2
|-damage|p1a: Latios|223\/301|[from] item: Life Orb
|
|-damage|p2a: Tornadus-Therian|67\/332 brn|[from] brn
|turn|33
|c| Cryolite|which is very possible with a shit spinner like tenta
|leave|Kung Fu Pancham
|c| Cryolite|there isn't much he can do besides let victini die
|
|move|p2a: Tornadus-Therian|U-turn|p1a: Latios
|-supereffective|p1a: Latios
|-damage|p1a: Latios|167\/301
|c| Cryolite|use starmie and heatran imo
|
|switch|p2a: Hippowdon|Hippowdon, F|416\/416
|move|p1a: Latios|Psyshock|p2a: Hippowdon
|-damage|p2a: Hippowdon|354\/416
|-damage|p1a: Latios|137\/301|[from] item: Life Orb
|
|-heal|p2a: Hippowdon|380\/416|[from] item: Leftovers
|turn|34
|c| Avarice87|I wouldn't count WCAR out yet
|c|âReskk|nah
|c| Cryolite|he's not losing
|
|move|p1a: Latios|Roost|p1a: Latios
|-heal|p1a: Latios|288\/301
|move|p2a: Hippowdon|Stealth Rock|p1a: Latios
|-sidestart|p1: Reskk|move: Stealth Rock
|
|-heal|p2a: Hippowdon|406\/416|[from] item: Leftovers
|turn|35
|c|âReskk|hes not out
|c|âReskk|losing clef was big tho
|c| Avarice87|It hurt for sure
|
|move|p1a: Latios|Defog|p2a: Hippowdon
|-unboost|p2a: Hippowdon|evasion|1
|-sideend|p1: Reskk|Stealth Rock|[from] move: Defog|[of] p1a: Latios
|move|p2a: Hippowdon|Stone Edge|p1a: Latios
|-damage|p1a: Latios|182\/301
|
|-heal|p2a: Hippowdon|416\/416|[from] item: Leftovers
|turn|36
|c| Cryolite|its interesting
|c| Cryolite|if wcar loses hippo, he loses
|c|âReskk|yes
|
|move|p1a: Latios|Roost|p1a: Latios
|-heal|p1a: Latios|301\/301
|move|p2a: Hippowdon|Earthquake|p1a: Latios
|-immune|p1a: Latios|[msg]
|
|turn|37
|c| Cryolite|if you lose tomwash, you lose
|
|move|p1a: Latios|Draco Meteor|p2a: Hippowdon
|-damage|p2a: Hippowdon|228\/416
|-unboost|p1a: Latios|spa|2
|-damage|p1a: Latios|271\/301|[from] item: Life Orb
|move|p2a: Hippowdon|Stealth Rock|p1a: Latios
|-sidestart|p1: Reskk|move: Stealth Rock
|
|-heal|p2a: Hippowdon|254\/416|[from] item: Leftovers
|turn|38
|c|âReskk|hippo needs to live for him
|c| Cryolite|and you need tomwash just as much
|
|move|p1a: Latios|Defog|p2a: Hippowdon
|-unboost|p2a: Hippowdon|evasion|1
|-sideend|p1: Reskk|Stealth Rock|[from] move: Defog|[of] p1a: Latios
|move|p2a: Hippowdon|Slack Off|p2a: Hippowdon
|-heal|p2a: Hippowdon|416\/416
|
|turn|39
|
|move|p1a: Latios|Psyshock|p2a: Hippowdon
|-damage|p2a: Hippowdon|372\/416
|-damage|p1a: Latios|241\/301|[from] item: Life Orb
|move|p2a: Hippowdon|Stealth Rock|p1a: Latios
|-sidestart|p1: Reskk|move: Stealth Rock
|
|-heal|p2a: Hippowdon|398\/416|[from] item: Leftovers
|turn|40
|
|switch|p2a: Victini|Victini|404\/404
|move|p1a: Latios|Defog|p2a: Victini
|-unboost|p2a: Victini|evasion|1
|-sideend|p1: Reskk|Stealth Rock|[from] move: Defog|[of] p1a: Latios
|
|turn|41
|join|AD impish john
|c|âReskk|yep
|c|âReskk|he knew he couldnt waste stone edges there
|
|move|p1a: Latios|Roost|p1a: Latios
|-heal|p1a: Latios|301\/301
|move|p2a: Victini|Will-O-Wisp|p1a: Latios
|-status|p1a: Latios|brn
|
|-damage|p1a: Latios|264\/301 brn|[from] brn
|turn|42
|c| Cryolite|he's trying to kill your latios
|c|âReskk|he cant
|
|move|p1a: Latios|Roost|p1a: Latios
|-heal|p1a: Latios|301\/301 brn
|move|p2a: Victini|Bolt Strike|p1a: Latios
|-resisted|p1a: Latios
|-damage|p1a: Latios|228\/301 brn
|
|-damage|p1a: Latios|191\/301 brn|[from] brn
|turn|43
|c| Cryolite|roost pp stall
|c|âReskk|victini doesnt have the movepool
|join|DMâ35
|
|switch|p1a: Tyranitar|Tyranitar, M|342\/342
|-weather|Sandstorm
|switch|p2a: Tornadus-Therian|Tornadus-Therian, M|177\/332 brn
|
|-weather|Sandstorm|[upkeep]
|-damage|p2a: Tornadus-Therian|157\/332 brn|[from] sandstorm
|-damage|p2a: Tornadus-Therian|116\/332 brn|[from] brn
|turn|44
|c| Cryolite|next
|c| Cryolite|gen
|c| Cryolite|plays
|leave|AD impish john
|c|âReskk|hmm
|join|powaa
|c| Cryolite|now things get interesting
|c| Cryolite|av focus blast can't kill iirc
|c| Cryolite|if you're sdef
|c| Cryolite|but scarf dies
|
|move|p2a: Tornadus-Therian|U-turn|p1a: Tyranitar
|-supereffective|p1a: Tyranitar
|-damage|p1a: Tyranitar|294\/342
|c|âReskk|no
|
|switch|p2a: Hippowdon|Hippowdon, F|398\/416
|move|p1a: Tyranitar|Stealth Rock|p2a: Hippowdon
|-sidestart|p2: WECAMEASROMANS|move: Stealth Rock
|
|-weather|Sandstorm|[upkeep]
|-heal|p2a: Hippowdon|416\/416|[from] item: Leftovers
|turn|45
|leave|abcdefghitony
|
|switch|p1a: Diancie|Diancie-Mega|179\/257
|move|p2a: Hippowdon|Stealth Rock|p1a: Diancie
|move|p1a: Diancie|Stealth Rock|p2a: Hippowdon|[from]Magic Bounce
|-fail|p2a: Hippowdon
|
|-weather|Sandstorm|[upkeep]
|turn|46
|c| Cryolite|the plays are real
|leave|mestier1233
|
|move|p1a: Diancie|Diamond Storm|p2a: Hippowdon
|-resisted|p2a: Hippowdon
|-damage|p2a: Hippowdon|357\/416
|-boost|p1a: Diancie|def|1
|move|p2a: Hippowdon|Stealth Rock|p1a: Diancie
|move|p1a: Diancie|Stealth Rock|p2a: Hippowdon|[from]Magic Bounce
|-fail|p2a: Hippowdon
|
|-weather|Sandstorm|[upkeep]
|-heal|p2a: Hippowdon|383\/416|[from] item: Leftovers
|turn|47
|c|âReskk|top
|c|âReskk|fucking
|c|âReskk|kek
|c| Cryolite|THE PLAYZ
|c| Cryolite|ARE FUCKING REAL
|
|move|p1a: Diancie|Diamond Storm|p2a: Hippowdon
|-resisted|p2a: Hippowdon
|-damage|p2a: Hippowdon|317\/416
|move|p2a: Hippowdon|Earthquake|p1a: Diancie
|-supereffective|p1a: Diancie
|-damage|p1a: Diancie|0 fnt
|faint|p1a: Diancie
|
|-weather|Sandstorm|[upkeep]
|-heal|p2a: Hippowdon|343\/416|[from] item: Leftovers
|leave|klasjdoa
|c|âReskk|that was an all out sac
|c|âReskk|and it lasted a while
|c| Cryolite|moonblast?
|c|âReskk|nah
|c|âReskk|no point
|c|âReskk|if i got another def boost
|c|âReskk|i lived
|join|SwaggBoi
|c|âReskk|an eq
|c| Cryolite|shouldn't have risked it
|leave|SwaggBoi
|c|âReskk|50% chance
|c| Cryolite|it guarantees surf isnt a range if you have it on lati
|c| Cryolite|wait you dont nvm
|
|switch|p1a: Latios|Latios, M|191\/301 brn
|turn|48
|leave|QuagGod
|c|âReskk|who you gonna sac
|join|Fulgrate
|c| Cryolite|~~GHOSTBUSTERS~~
|
|switch|p2a: Tornadus-Therian|Tornadus-Therian, M|226\/332 brn
|-damage|p2a: Tornadus-Therian|143\/332 brn|[from] Stealth Rock
|move|p1a: Latios|Draco Meteor|p2a: Tornadus-Therian
|-damage|p2a: Tornadus-Therian|0 fnt
|-unboost|p1a: Latios|spa|2
|-damage|p1a: Latios|161\/301 brn|[from] item: Life Orb
|faint|p2a: Tornadus-Therian
|
|-weather|Sandstorm|[upkeep]
|-damage|p1a: Latios|143\/301 brn|[from] sandstorm
|-damage|p1a: Latios|106\/301 brn|[from] brn
|
|switch|p2a: Hippowdon|Hippowdon, F|343\/416
|-damage|p2a: Hippowdon|317\/416|[from] Stealth Rock
|turn|49
|
|move|p1a: Latios|Roost|p1a: Latios
|-heal|p1a: Latios|257\/301 brn
|move|p2a: Hippowdon|Stealth Rock|p1a: Latios
|-sidestart|p1: Reskk|move: Stealth Rock
|
|-weather|Sandstorm|[upkeep]
|-damage|p1a: Latios|239\/301 brn|[from] sandstorm
|-heal|p2a: Hippowdon|343\/416|[from] item: Leftovers
|-damage|p1a: Latios|202\/301 brn|[from] brn
|turn|50
|c| Cryolite|wcar can just stall lati out of roost now
|c| Cryolite|he has to switch
|c|âReskk|he only hits with stone edge
|c|âReskk|stone edge has too little pp
|c| Cryolite|chip damage
|c| Cryolite|is gonna ruin you
|c|âReskk|chip ends in 1 turn
|
|move|p1a: Latios|Roost|p1a: Latios
|-heal|p1a: Latios|301\/301 brn
|move|p2a: Hippowdon|Stone Edge|p1a: Latios
|-damage|p1a: Latios|176\/301 brn
|
|-weather|none
|-heal|p2a: Hippowdon|369\/416|[from] item: Leftovers
|-damage|p1a: Latios|139\/301 brn|[from] brn
|turn|51
|c| Cryolite|not like you aren't burned
|c| Cryolite|or anything
|c|âReskk|chips too slow
|c| king of spycrabs|WCAR, ninja was banned, u dont need tenta anymore
|
|move|p1a: Latios|Roost|p1a: Latios
|-heal|p1a: Latios|290\/301 brn
|move|p2a: Hippowdon|Stone Edge|p1a: Latios
|-damage|p1a: Latios|192\/301 brn
|
|-heal|p2a: Hippowdon|395\/416|[from] item: Leftovers
|-damage|p1a: Latios|155\/301 brn|[from] brn
|turn|52
|c|âReskk|see
|c|âReskk|i outroost
|join|wevjwevj
|
|move|p1a: Latios|Roost|p1a: Latios
|-heal|p1a: Latios|301\/301 brn
|move|p2a: Hippowdon|Stealth Rock|p1a: Latios
|-fail|p1a: Latios
|
|-heal|p2a: Hippowdon|416\/416|[from] item: Leftovers
|-damage|p1a: Latios|264\/301 brn|[from] brn
|turn|53
|c| Cryolite|1 v 1
|c| Cryolite|wcar wins this
|c| wevjwevj|ready for that high crit chance to come through
|join|Jeevs
|c|âReskk|still wont kill
|
|move|p1a: Latios|Draco Meteor|p2a: Hippowdon
|-damage|p2a: Hippowdon|247\/416
|-unboost|p1a: Latios|spa|2
|-damage|p1a: Latios|234\/301 brn|[from] item: Life Orb
|move|p2a: Hippowdon|Stone Edge|p1a: Latios|[miss]
|-miss|p2a: Hippowdon|p1a: Latios
|
|-heal|p2a: Hippowdon|273\/416|[from] item: Leftovers
|-damage|p1a: Latios|197\/301 brn|[from] brn
|turn|54
|
|move|p1a: Latios|Roost|p1a: Latios
|-heal|p1a: Latios|301\/301 brn
|move|p2a: Hippowdon|Slack Off|p2a: Hippowdon
|-heal|p2a: Hippowdon|416\/416
|
|-damage|p1a: Latios|264\/301 brn|[from] brn
|turn|55
|
|switch|p1a: Rotom-Wash|Rotom-Wash|202\/303 brn
|-damage|p1a: Rotom-Wash|165\/303 brn|[from] Stealth Rock
|move|p2a: Hippowdon|Stealth Rock|p1a: Rotom-Wash
|-fail|p1a: Rotom-Wash
|
|-damage|p1a: Rotom-Wash|128\/303 brn|[from] brn
|turn|56
|
|switch|p2a: Tentacruel|Tentacruel, M|363\/363
|-damage|p2a: Tentacruel|318\/363|[from] Stealth Rock
|move|p1a: Rotom-Wash|Pain Split|p2a: Tentacruel
|-sethp|p2a: Tentacruel|223\/363|p1a: Rotom-Wash|223\/303 brn|[from] move: Pain Split
|
|-heal|p2a: Tentacruel|245\/363|[from] item: Black Sludge
|-damage|p1a: Rotom-Wash|186\/303 brn|[from] brn
|turn|57
|c|âWECAMEASROMANS|damn cancel
|c|âWECAMEASROMANS|zz
|c| king of spycrabs|i havent seen a mega venu in ages
|leave|powaa
|
|move|p2a: Tentacruel|Rapid Spin|p1a: Rotom-Wash
|-damage|p1a: Rotom-Wash|179\/303 brn
|-sideend|p2: WECAMEASROMANS|Stealth Rock|[from] move: Rapid Spin|[of] p2a: Tentacruel
|move|p1a: Rotom-Wash|Volt Switch|p2a: Tentacruel
|-crit|p2a: Tentacruel
|-supereffective|p2a: Tentacruel
|-damage|p2a: Tentacruel|39\/363
|
|switch|p1a: Latios|Latios, M|264\/301 brn
|-damage|p1a: Latios|227\/301 brn|[from] Stealth Rock
|
|-heal|p2a: Tentacruel|61\/363|[from] item: Black Sludge
|-damage|p1a: Latios|190\/301 brn|[from] brn
|turn|58
|leave|Mediocre Manifesto
|leave|All Together Now
|
|switch|p2a: Victini|Victini|404\/404
|move|p1a: Latios|Defog|p2a: Victini
|-unboost|p2a: Victini|evasion|1
|-sideend|p1: Reskk|Stealth Rock|[from] move: Defog|[of] p1a: Latios
|
|-damage|p1a: Latios|153\/301 brn|[from] brn
|turn|59
|
|move|p1a: Latios|Roost|p1a: Latios
|-heal|p1a: Latios|301\/301 brn
|move|p2a: Victini|V-create|p1a: Latios
|-resisted|p1a: Latios
|-damage|p1a: Latios|170\/301 brn
|-unboost|p2a: Victini|def|1
|-unboost|p2a: Victini|spd|1
|-unboost|p2a: Victini|spe|1
|
|-damage|p1a: Latios|133\/301 brn|[from] brn
|turn|60
|
|move|p1a: Latios|Draco Meteor|p2a: Victini
|-damage|p2a: Victini|0 fnt
|-unboost|p1a: Latios|spa|2
|-damage|p1a: Latios|103\/301 brn|[from] item: Life Orb
|faint|p2a: Victini
|
|-damage|p1a: Latios|66\/301 brn|[from] brn
|
|switch|p2a: Hippowdon|Hippowdon, F|416\/416
|turn|61
|
|move|p1a: Latios|Roost|p1a: Latios
|-heal|p1a: Latios|217\/301 brn
|move|p2a: Hippowdon|Stealth Rock|p1a: Latios
|-sidestart|p1: Reskk|move: Stealth Rock
|
|-damage|p1a: Latios|180\/301 brn|[from] brn
|turn|62
|
|move|p1a: Latios|Roost|p1a: Latios
|-heal|p1a: Latios|301\/301 brn
|move|p2a: Hippowdon|Stealth Rock|p1a: Latios
|-fail|p1a: Latios
|
|-damage|p1a: Latios|264\/301 brn|[from] brn
|turn|63
|c| Cryolite|3 dms left
|
|move|p1a: Latios|Defog|p2a: Hippowdon
|-unboost|p2a: Hippowdon|evasion|1
|-sideend|p1: Reskk|Stealth Rock|[from] move: Defog|[of] p1a: Latios
|move|p2a: Hippowdon|Stealth Rock|p1a: Latios
|-sidestart|p1: Reskk|move: Stealth Rock
|
|-damage|p1a: Latios|227\/301 brn|[from] brn
|turn|64
|join|PhobiaBB
|join|Bulky Deoxys-A
|c|âReskk|rnjesus is with me
|c| Jeevs|is there a reason hes staying in
|
|move|p1a: Latios|Draco Meteor|p2a: Hippowdon
|-damage|p2a: Hippowdon|237\/416
|-unboost|p1a: Latios|spa|2
|-damage|p1a: Latios|197\/301 brn|[from] item: Life Orb
|move|p2a: Hippowdon|Stealth Rock|p1a: Latios
|-fail|p1a: Latios
|
|-heal|p2a: Hippowdon|263\/416|[from] item: Leftovers
|-damage|p1a: Latios|160\/301 brn|[from] brn
|turn|65
|c| Jeevs|..
|c|âReskk|who
|c| Jeevs|latios
|
|move|p1a: Latios|Roost|p1a: Latios
|-heal|p1a: Latios|301\/301 brn
|move|p2a: Hippowdon|Slack Off|p2a: Hippowdon
|-heal|p2a: Hippowdon|416\/416
|
|-damage|p1a: Latios|264\/301 brn|[from] brn
|turn|66
|
|switch|p1a: Tornadus-Therian|Tornadus-Therian, M|332\/332
|-damage|p1a: Tornadus-Therian|249\/332|[from] Stealth Rock
|move|p2a: Hippowdon|Earthquake|p1a: Tornadus-Therian
|-immune|p1a: Tornadus-Therian|[msg]
|
|turn|67
|join|abcdefghitony
|leave|Bulky Deoxys-A
|leave|PhobiaBB
|
|move|p1a: Tornadus-Therian|Knock Off|p2a: Hippowdon
|-damage|p2a: Hippowdon|368\/416
|-enditem|p2a: Hippowdon|Leftovers|[from] move: Knock Off|[of] p1a: Tornadus-Therian
|move|p2a: Hippowdon|Earthquake|p1a: Tornadus-Therian
|-immune|p1a: Tornadus-Therian|[msg]
|
|turn|68
|
|move|p1a: Tornadus-Therian|U-turn|p2a: Hippowdon
|-damage|p2a: Hippowdon|336\/416
|
|switch|p1a: Rotom-Wash|Rotom-Wash|179\/303 brn
|-damage|p1a: Rotom-Wash|142\/303 brn|[from] Stealth Rock
|move|p2a: Hippowdon|Stone Edge|p1a: Rotom-Wash
|-damage|p1a: Rotom-Wash|75\/303 brn
|
|-damage|p1a: Rotom-Wash|38\/303 brn|[from] brn
|turn|69
|join|yung bird
|
|switch|p2a: Venusaur|Venusaur-Mega, F|228\/363
|move|p1a: Rotom-Wash|Pain Split|p2a: Venusaur
|-sethp|p2a: Venusaur|133\/363|p1a: Rotom-Wash|133\/303 brn|[from] move: Pain Split
|
|-damage|p1a: Rotom-Wash|96\/303 brn|[from] brn
|turn|70
|
|move|p1a: Rotom-Wash|Will-O-Wisp|p2a: Venusaur
|-status|p2a: Venusaur|brn
|move|p2a: Venusaur|Synthesis|p2a: Venusaur
|-heal|p2a: Venusaur|314\/363 brn
|
|-damage|p1a: Rotom-Wash|59\/303 brn|[from] brn
|-damage|p2a: Venusaur|269\/363 brn|[from] brn
|turn|71
|join|jesitheboss
|
|switch|p2a: Tentacruel|Tentacruel, M|61\/363
|move|p1a: Rotom-Wash|Pain Split|p2a: Tentacruel
|-sethp|p2a: Tentacruel|60\/363|p1a: Rotom-Wash|60\/303 brn|[from] move: Pain Split
|
|-heal|p2a: Tentacruel|82\/363|[from] item: Black Sludge
|-damage|p1a: Rotom-Wash|23\/303 brn|[from] brn
|turn|72
|
|move|p2a: Tentacruel|Scald|p1a: Rotom-Wash
|-resisted|p1a: Rotom-Wash
|-damage|p1a: Rotom-Wash|0 fnt
|faint|p1a: Rotom-Wash
|
|-heal|p2a: Tentacruel|104\/363|[from] item: Black Sludge
|
|switch|p1a: Latios|Latios, M|264\/301 brn
|-damage|p1a: Latios|227\/301 brn|[from] Stealth Rock
|turn|73
|
|switch|p2a: Hippowdon|Hippowdon, F|336\/416
|move|p1a: Latios|Psyshock|p2a: Hippowdon
|-damage|p2a: Hippowdon|214\/416
|-damage|p1a: Latios|197\/301 brn|[from] item: Life Orb
|
|-damage|p1a: Latios|160\/301 brn|[from] brn
|turn|74
|
|switch|p2a: Tentacruel|Tentacruel, M|104\/363
|move|p1a: Latios|Draco Meteor|p2a: Tentacruel
|-damage|p2a: Tentacruel|0 fnt
|-unboost|p1a: Latios|spa|2
|-damage|p1a: Latios|130\/301 brn|[from] item: Life Orb
|faint|p2a: Tentacruel
|
|-damage|p1a: Latios|93\/301 brn|[from] brn
|join|shadowthorn
|
|switch|p2a: Hippowdon|Hippowdon, F|214\/416
|turn|75
|join|I'm Virus (~'o')~
|
|move|p1a: Latios|Draco Meteor|p2a: Hippowdon
|-damage|p2a: Hippowdon|53\/416
|-unboost|p1a: Latios|spa|2
|-damage|p1a: Latios|63\/301 brn|[from] item: Life Orb
|move|p2a: Hippowdon|Slack Off|p2a: Hippowdon
|-heal|p2a: Hippowdon|261\/416
|
|-damage|p1a: Latios|26\/301 brn|[from] brn
|turn|76
|
|move|p1a: Latios|Roost|p1a: Latios
|-heal|p1a: Latios|177\/301 brn
|move|p2a: Hippowdon|Slack Off|p2a: Hippowdon
|-heal|p2a: Hippowdon|416\/416
|
|-damage|p1a: Latios|140\/301 brn|[from] brn
|turn|77
|
|move|p1a: Latios|Roost|p1a: Latios
|-heal|p1a: Latios|291\/301 brn
|move|p2a: Hippowdon|Earthquake|p1a: Latios
|-immune|p1a: Latios|[msg]
|
|-damage|p1a: Latios|254\/301 brn|[from] brn
|turn|78
|join|FasterThanDeoxys-S
|
|move|p1a: Latios|Psyshock|p2a: Hippowdon
|-crit|p2a: Hippowdon
|-damage|p2a: Hippowdon|220\/416
|-damage|p1a: Latios|224\/301 brn|[from] item: Life Orb
|move|p2a: Hippowdon|Earthquake|p1a: Latios
|-immune|p1a: Latios|[msg]
|
|-damage|p1a: Latios|187\/301 brn|[from] brn
|turn|79
|c|âReskk|OH SURE
|c|âReskk|PSYSHOCK CAN CRIT
|
|move|p1a: Latios|Psyshock|p2a: Hippowdon
|-damage|p2a: Hippowdon|177\/416
|-damage|p1a: Latios|157\/301 brn|[from] item: Life Orb
|move|p2a: Hippowdon|Slack Off|p2a: Hippowdon
|-heal|p2a: Hippowdon|385\/416
|
|-damage|p1a: Latios|120\/301 brn|[from] brn
|turn|80
|
|move|p1a: Latios|Roost|p1a: Latios
|-heal|p1a: Latios|271\/301 brn
|move|p2a: Hippowdon|Stealth Rock|p1a: Latios
|-fail|p1a: Latios
|
|-damage|p1a: Latios|234\/301 brn|[from] brn
|turn|81
|join|Frickett
|
|move|p1a: Latios|Defog|p2a: Hippowdon
|-unboost|p2a: Hippowdon|evasion|1
|-sideend|p1: Reskk|Stealth Rock|[from] move: Defog|[of] p1a: Latios
|move|p2a: Hippowdon|Stealth Rock|p1a: Latios
|-sidestart|p1: Reskk|move: Stealth Rock
|
|-damage|p1a: Latios|197\/301 brn|[from] brn
|turn|82
|
|move|p1a: Latios|Defog|p2a: Hippowdon
|-unboost|p2a: Hippowdon|evasion|1
|-sideend|p1: Reskk|Stealth Rock|[from] move: Defog|[of] p1a: Latios
|move|p2a: Hippowdon|Stealth Rock|p1a: Latios
|-sidestart|p1: Reskk|move: Stealth Rock
|
|-damage|p1a: Latios|160\/301 brn|[from] brn
|turn|83
|
|move|p1a: Latios|Defog|p2a: Hippowdon
|-unboost|p2a: Hippowdon|evasion|1
|-sideend|p1: Reskk|Stealth Rock|[from] move: Defog|[of] p1a: Latios
|move|p2a: Hippowdon|Stealth Rock|p1a: Latios
|-sidestart|p1: Reskk|move: Stealth Rock
|
|-damage|p1a: Latios|123\/301 brn|[from] brn
|turn|84
|
|switch|p1a: Tornadus-Therian|Tornadus-Therian, M|332\/332
|-damage|p1a: Tornadus-Therian|249\/332|[from] Stealth Rock
|move|p2a: Hippowdon|Stone Edge|p1a: Tornadus-Therian
|-supereffective|p1a: Tornadus-Therian
|-damage|p1a: Tornadus-Therian|55\/332
|
|turn|85
|c| I'm Virus (~'o')~|double you car
|c| I'm Virus (~'o')~|wants these rocks up
|c| I'm Virus (~'o')~|holy shit
|
|move|p1a: Tornadus-Therian|U-turn|p2a: Hippowdon
|-damage|p2a: Hippowdon|351\/416
|c|âReskk|ya dont say
|join|fkof
|
|switch|p1a: Latios|Latios, M|123\/301 brn
|-damage|p1a: Latios|86\/301 brn|[from] Stealth Rock
|move|p2a: Hippowdon|Earthquake|p1a: Latios
|-immune|p1a: Latios|[msg]
|
|-damage|p1a: Latios|49\/301 brn|[from] brn
|turn|86
|
|move|p1a: Latios|Defog|p2a: Hippowdon
|-unboost|p2a: Hippowdon|evasion|1
|-sideend|p1: Reskk|Stealth Rock|[from] move: Defog|[of] p1a: Latios
|move|p2a: Hippowdon|Stone Edge|p1a: Latios
|-damage|p1a: Latios|0 fnt
|faint|p1a: Latios
|
|
|switch|p1a: Tornadus-Therian|Tornadus-Therian, M|165\/332
|turn|87
|
|switch|p1a: Excadrill|Excadrill, M|325\/361
|move|p2a: Hippowdon|Slack Off|p2a: Hippowdon
|-heal|p2a: Hippowdon|416\/416
|
|turn|88
|
|switch|p1a: Tornadus-Therian|Tornadus-Therian, M|275\/332
|move|p2a: Hippowdon|Stealth Rock|p1a: Tornadus-Therian
|-sidestart|p1: Reskk|move: Stealth Rock
|
|turn|89
|
|move|p1a: Tornadus-Therian|Hurricane|p2a: Hippowdon
|-damage|p2a: Hippowdon|226\/416
|move|p2a: Hippowdon|Earthquake|p1a: Tornadus-Therian
|-immune|p1a: Tornadus-Therian|[msg]
|
|turn|90
|
|move|p1a: Tornadus-Therian|Focus Blast|p2a: Hippowdon
|-damage|p2a: Hippowdon|100\/416
|move|p2a: Hippowdon|Slack Off|p2a: Hippowdon
|-heal|p2a: Hippowdon|308\/416
|
|turn|91
|join|Steve Downie
|c| I'm Virus (~'o')~|confuse hax imo
|leave|Steve Downie
|
|move|p1a: Tornadus-Therian|Focus Blast|p2a: Hippowdon
|-damage|p2a: Hippowdon|176\/416
|-unboost|p2a: Hippowdon|spd|1
|move|p2a: Hippowdon|Slack Off|p2a: Hippowdon
|-heal|p2a: Hippowdon|384\/416
|
|turn|92
|c|âReskk|or that
|c| FasterThanDeoxys-S|god this thing is bulky
|
|move|p1a: Tornadus-Therian|Hurricane|p2a: Hippowdon
|-damage|p2a: Hippowdon|75\/416
|-start|p2a: Hippowdon|confusion
|-activate|p2a: Hippowdon|confusion
|-damage|p2a: Hippowdon|53\/416|[from] confusion
|
|turn|93
|c| wevjwevj|ooft
|c| I'm Virus (~'o')~|and that
|c| FasterThanDeoxys-S|or that
|c|âReskk|TOP
|c|âReskk|KEK
|c| FasterThanDeoxys-S|PLAYS
|
|move|p1a: Tornadus-Therian|Hurricane|p2a: Hippowdon
|-damage|p2a: Hippowdon|0 fnt
|faint|p2a: Hippowdon
|
|c| Avarice87|What does Kek mean?
|
|switch|p2a: Venusaur|Venusaur-Mega, F|269\/363 brn
|turn|94
|c|âReskk|great game dude
|c| FasterThanDeoxys-S|he wasnt able to come as roman
|c| wevjwevj|lol
|
|move|p1a: Tornadus-Therian|Hurricane|p2a: Venusaur
|-crit|p2a: Venusaur
|-supereffective|p2a: Venusaur
|-damage|p2a: Venusaur|0 fnt
|faint|p2a: Venusaur
|
|win|Reskk
|leave|WECAMEASROMANS
|c| I'm Virus (~'o')~|inb4 it mattered
|c| FasterThanDeoxys-S|crit mattered imo
|leave|Reskk
|leave|I'm Virus (~'o')~
|leave|Avarice87
|player|p2
|leave|MonoConvergence
|leave|Demandred
|leave|FasterThanDeoxys-S
|leave|wevjwevj
|leave|abcdefghitony
|player|p1
|join|Vertex
|leave|Mitsune Haku
|leave|fkof
|leave|Vertex
|leave|jesitheboss
|leave|ThE0
|leave|Cryolite
|leave|SSJLegend
|leave|craing
|join|skazka by medtner
|leave|skazka by medtner
|join|PhobiaBB
|leave|PhobiaBB
|join|Dimmeh
|join|craing
|leave|craing
|leave|Dimmeh
|leave|Jukain