|join|Evil King Arthur
|join|WECAMEASROMANS
|player|p1|Evil King Arthur|102
|player|p2|WECAMEASROMANS|170
|gametype|singles
|gen|6
|tier|OU
|rated
|clearpoke
|poke|p1|Diancie
|poke|p1|Heatran, M
|poke|p1|Rotom-Wash
|poke|p1|Chesnaught, M
|poke|p1|Latias, F
|poke|p1|Excadrill, M
|poke|p2|Thundurus, M
|poke|p2|Landorus, M
|poke|p2|Bisharp, F
|poke|p2|Klefki, M
|poke|p2|Lopunny, M
|poke|p2|Azumarill, F
|rule|Swagger Clause: Swagger is banned
|rule|Baton Pass Clause: Limit one PokÃ©mon knowing Baton Pass
|rule|Sleep Clause Mod: Limit one foe put to sleep
|rule|Species Clause: Limit one of each PokÃ©mon
|rule|OHKO Clause: OHKO moves are banned
|rule|Moody Clause: Moody is banned
|rule|Evasion Moves Clause: Evasion moves are banned
|rule|Endless Battle Clause: Forcing endless battles is banned
|rule|HP Percentage Mod: HP is shown in percentages
|teampreview
|c|âEvil King Arthur|gl hf
|
|start
|switch|p1a: Rotom-Wash|Rotom-Wash|293\/293
|switch|p2a: Landorus|Landorus, M|319\/319
|turn|1
|c|âWECAMEASROMANS|you too
|
|move|p2a: Landorus|Stealth Rock|p1a: Rotom-Wash
|-sidestart|p1: Evil King Arthur|move: Stealth Rock
|move|p1a: Rotom-Wash|Volt Switch|p2a: Landorus
|-immune|p2a: Landorus|[msg]
|
|turn|2
|
|move|p2a: Landorus|Focus Blast|p1a: Rotom-Wash
|-damage|p1a: Rotom-Wash|47\/293
|move|p1a: Rotom-Wash|Will-O-Wisp|p2a: Landorus
|-status|p2a: Landorus|brn
|
|-heal|p1a: Rotom-Wash|65\/293|[from] item: Leftovers
|-damage|p2a: Landorus|280\/319 brn|[from] brn
|turn|3
|
|switch|p1a: Latias|Latias, F|301\/301
|-damage|p1a: Latias|264\/301|[from] Stealth Rock
|move|p2a: Landorus|Psychic|p1a: Latias
|-resisted|p1a: Latias
|-damage|p1a: Latias|187\/301
|
|-damage|p2a: Landorus|241\/319 brn|[from] brn
|turn|4
|
|switch|p2a: Bisharp|Bisharp, F|271\/271
|move|p1a: Latias|Psyshock|p2a: Bisharp
|-immune|p2a: Bisharp|[msg]
|
|turn|5
|
|move|p1a: Latias|Draco Meteor|p2a: Bisharp
|-resisted|p2a: Bisharp
|-damage|p2a: Bisharp|88\/271
|-unboost|p1a: Latias|spa|2
|-damage|p1a: Latias|157\/301|[from] item: Life Orb
|move|p2a: Bisharp|Swords Dance|p2a: Bisharp
|-boost|p2a: Bisharp|atk|2
|
|turn|6
|
|move|p2a: Bisharp|Sucker Punch|p1a: Latias
|-fail|p1a: Latias
|move|p1a: Latias|Defog|p2a: Bisharp
|-unboost|p2a: Bisharp|evasion|1
|-boost|p2a: Bisharp|atk|2|[from] ability: Defiant
|-sideend|p1: Evil King Arthur|Stealth Rock|[from] move: Defog|[of] p1a: Latias
|
|turn|7
|
|move|p2a: Bisharp|Sucker Punch|p1a: Latias
|-fail|p1a: Latias
|move|p1a: Latias|Defog|p2a: Bisharp
|-unboost|p2a: Bisharp|evasion|1
|-boost|p2a: Bisharp|atk|2|[from] ability: Defiant
|
|turn|8
|
|move|p2a: Bisharp|Sucker Punch|p1a: Latias
|-fail|p1a: Latias
|move|p1a: Latias|Healing Wish|p1a: Latias
|faint|p1a: Latias
|
|
|switch|p1a: Rotom-Wash|Rotom-Wash|65\/293
|-heal|p1a: Rotom-Wash|293\/293|[from] move: Healing Wish
|turn|9
|
|move|p2a: Bisharp|Knock Off|p1a: Rotom-Wash
|-damage|p1a: Rotom-Wash|0 fnt
|-enditem|p1a: Rotom-Wash|Leftovers|[from] move: Knock Off|[of] p2a: Bisharp
|-damage|p2a: Bisharp|61\/271|[from] item: Life Orb
|faint|p1a: Rotom-Wash
|
|
|switch|p1a: Chesnaught|Chesnaught, M|320\/320
|turn|10
|
|move|p1a: Chesnaught|Substitute|p1a: Chesnaught
|-start|p1a: Chesnaught|Substitute
|-damage|p1a: Chesnaught|240\/320
|move|p2a: Bisharp|Iron Head|p1a: Chesnaught
|-end|p1a: Chesnaught|Substitute
|-damage|p2a: Bisharp|34\/271|[from] item: Life Orb
|
|turn|11
|
|move|p2a: Bisharp|Sucker Punch|p1a: Chesnaught
|-fail|p1a: Chesnaught
|move|p1a: Chesnaught|Belly Drum|p1a: Chesnaught
|-damage|p1a: Chesnaught|80\/320
|-setboost|p1a: Chesnaught|atk|6|[from] move: Belly Drum
|-enditem|p1a: Chesnaught|Salac Berry|[eat]
|-boost|p1a: Chesnaught|spe|1|[from] item: Salac Berry
|
|turn|12
|
|move|p2a: Bisharp|Sucker Punch|p1a: Chesnaught
|-fail|p1a: Chesnaught
|move|p1a: Chesnaught|Substitute|p1a: Chesnaught
|-fail|p1a: Chesnaught|move: Substitute|[weak]
|
|turn|13
|
|move|p2a: Bisharp|Sucker Punch|p1a: Chesnaught
|-resisted|p1a: Chesnaught
|-damage|p1a: Chesnaught|0 fnt
|-damage|p2a: Bisharp|7\/271|[from] item: Life Orb
|faint|p1a: Chesnaught
|
|c|âEvil King Arthur|i did not mean to hit bd
|c|âEvil King Arthur|i meant to hit sub
|
|switch|p1a: Excadrill|Excadrill, M|361\/361
|-ability|p1a: Excadrill|Mold Breaker
|turn|14
|
|switch|p1a: Heatran|Heatran, M|385\/385
|move|p2a: Bisharp|Sucker Punch|p1a: Heatran
|-fail|p1a: Heatran
|
|turn|15
|
|move|p2a: Bisharp|Knock Off|p1a: Heatran
|-damage|p1a: Heatran|0 fnt
|-enditem|p1a: Heatran|Leftovers|[from] move: Knock Off|[of] p2a: Bisharp
|-damage|p2a: Bisharp|0 fnt|[from] item: Life Orb
|faint|p1a: Heatran
|faint|p2a: Bisharp
|
|
|switch|p2a: Azumarill|Azumarill, F|358\/358
|switch|p1a: Diancie|Diancie|259\/259
|turn|16
|
|detailschange|p1a: Diancie|Diancie-Mega
|-mega|p1a: Diancie|Diancie|Diancite
|move|p2a: Azumarill|Aqua Jet|p1a: Diancie
|-supereffective|p1a: Diancie
|-damage|p1a: Diancie|19\/259
|move|p1a: Diancie|Moonblast|p2a: Azumarill
|-damage|p2a: Azumarill|118\/358
|
|turn|17
|
|move|p2a: Azumarill|Aqua Jet|p1a: Diancie
|-supereffective|p1a: Diancie
|-damage|p1a: Diancie|0 fnt
|faint|p1a: Diancie
|
|
|switch|p1a: Excadrill|Excadrill, M|361\/361
|-ability|p1a: Excadrill|Mold Breaker
|turn|18
|
|move|p2a: Azumarill|Aqua Jet|p1a: Excadrill
|-supereffective|p1a: Excadrill
|-damage|p1a: Excadrill|0 fnt
|faint|p1a: Excadrill
|
|win|WECAMEASROMANS
|raw|Ladder updating...
|c|âEvil King Arthur|gg
|leave|WECAMEASROMANS
|leave|Evil King Arthur
|player|p2
|player|p1
|raw|Evil King Arthur's rating: 1455 &rarr; <strong>1442<\/strong><br \/>(-13 for losing)
|raw|WECAMEASROMANS's rating: 1591 &rarr; <strong>1604<\/strong><br \/>(+13 for winning)