|join|wish killer
|join|WECAMEASROMANS
|join|Appreciation
|player|p1|wish killer|68
|player|p2|WECAMEASROMANS|102
|gametype|singles
|gen|6
|tier|OU
|rated
|clearpoke
|poke|p1|Bisharp, M
|poke|p1|Venusaur, F
|poke|p1|Heatran, M
|poke|p1|Keldeo
|poke|p1|Chansey, F
|poke|p1|Skarmory, M
|poke|p2|Thundurus, M
|poke|p2|Bisharp, F
|poke|p2|Crawdaunt, M
|poke|p2|Celebi
|poke|p2|Lopunny, F
|poke|p2|Landorus-Therian, M
|rule|Swagger Clause: Swagger is banned
|rule|Baton Pass Clause: Limit one PokÃ©mon knowing Baton Pass
|rule|Sleep Clause Mod: Limit one foe put to sleep
|rule|Species Clause: Limit one of each PokÃ©mon
|rule|OHKO Clause: OHKO moves are banned
|rule|Moody Clause: Moody is banned
|rule|Evasion Moves Clause: Evasion moves are banned
|rule|Endless Battle Clause: Forcing endless battles is banned
|rule|HP Percentage Mod: HP is shown in percentages
|teampreview
|c| Appreciation|WCAR <3
|join|CleanerThanRotom-W
|join|Justin T4
|c| CleanerThanRotom-W|hello wish killer
|c| Appreciation|nice team :)(
|c| CleanerThanRotom-W|have a good game
|c| Appreciation|bloody where do you actually live
|join|Yuttt.ttttt
|
|start
|switch|p1a: uCan'tSeeMe|Heatran, M|340\/340
|switch|p2a: Lopunny|Lopunny, F|271\/271
|-item|p1a: uCan'tSeeMe|Air Balloon
|turn|1
|
|switch|p1a: Zenzoh|Skarmory, M|334\/334
|detailschange|p2a: Lopunny|Lopunny-Mega, F
|-mega|p2a: Lopunny|Lopunny|Lopunnite
|move|p2a: Lopunny|Power-Up Punch|p1a: Zenzoh
|-damage|p1a: Zenzoh|286\/334
|-damage|p2a: Lopunny|226\/271|[from] item: Rocky Helmet|[of] p1a: Zenzoh
|-boost|p2a: Lopunny|atk|1
|
|turn|2
|join|Henry
|c|âwish killer|i live in my house trice
|
|move|p2a: Lopunny|High Jump Kick|p1a: Zenzoh
|-damage|p1a: Zenzoh|66\/334
|-damage|p2a: Lopunny|181\/271|[from] item: Rocky Helmet|[of] p1a: Zenzoh
|move|p1a: Zenzoh|Brave Bird|p2a: Lopunny
|-supereffective|p2a: Lopunny
|-damage|p2a: Lopunny|0 fnt
|-damage|p1a: Zenzoh|6\/334|[from] recoil|[of] p2a: Lopunny
|faint|p2a: Lopunny
|
|c| Appreciation|saccing the win con
|c| Appreciation|part 1
|c| Henry|yeah uh
|join|Dread Plate
|c| Henry|yea
|c| Appreciation|HENRY
|c| Appreciation|<3333333
|join|Mediocre Manifesto
|c| Appreciation|where is your house bloody
|c|âwish killer|you're my venu...
|c| Henry|hey
|
|switch|p2a: Celebi|Celebi|404\/404
|turn|3
|c| Appreciation|venu n_n
|
|move|p2a: Celebi|Giga Drain|p1a: Zenzoh
|-resisted|p1a: Zenzoh
|-damage|p1a: Zenzoh|0 fnt
|faint|p1a: Zenzoh
|
|c| Appreciation|thx bloody fren n_n
|c| CleanerThanRotom-W|nice team wish killer
|
|switch|p1a: uCan'tSeeMe|Heatran, M|340\/340
|-item|p1a: uCan'tSeeMe|Air Balloon
|turn|4
|c| CleanerThanRotom-W|i hope u made it urself
|join|Cyberwiss
|c| Henry|bloody will you ever use a new team
|c| Henry|ever
|c| Appreciation|no
|
|move|p1a: uCan'tSeeMe|Stealth Rock|p2a: Celebi
|-sidestart|p2: WECAMEASROMANS|move: Stealth Rock
|move|p2a: Celebi|Stealth Rock|p1a: uCan'tSeeMe
|-sidestart|p1: wish killer|move: Stealth Rock
|
|turn|5
|c| Appreciation|this team
|c| Appreciation|will be still the best
|c| Appreciation|in gen 10
|c| Appreciation|:^)
|
|move|p1a: uCan'tSeeMe|Fire Blast|p2a: Celebi
|-supereffective|p2a: Celebi
|-damage|p2a: Celebi|146\/404
|-status|p2a: Celebi|brn
|move|p2a: Celebi|Baton Pass|p2a: Celebi
|c| Appreciation|rekt
|c| Yuttt.ttttt|burn maturd
|c| Appreciation|as
|c| Appreciation|fuck
|
|switch|p2a: Crawdaunt|Crawdaunt, M|267\/267
|-damage|p2a: Crawdaunt|234\/267|[from] Stealth Rock
|
|turn|6
|join|wish skiller
|c| Appreciation|wcar u better have hp flying on thundy
|
|switch|p1a: Call me Trice|Venusaur, F|364\/364
|-damage|p1a: Call me Trice|319\/364|[from] Stealth Rock
|move|p2a: Crawdaunt|Swords Dance|p2a: Crawdaunt
|-boost|p2a: Crawdaunt|atk|2
|
|turn|7
|c| Appreciation|LEL
|c| wish skiller|my venu...
|c| Appreciation|oh no
|c| Appreciation|why is it sd
|
|detailschange|p1a: Call me Trice|Venusaur-Mega, F
|-mega|p1a: Call me Trice|Venusaur|Venusaurite
|move|p2a: Crawdaunt|Knock Off|p1a: Call me Trice
|-damage|p1a: Call me Trice|54\/364
|-damage|p2a: Crawdaunt|208\/267|[from] item: Life Orb
|move|p1a: Call me Trice|Giga Drain|p2a: Crawdaunt
|-supereffective|p2a: Crawdaunt
|-damage|p2a: Crawdaunt|0 fnt
|-heal|p1a: Call me Trice|158\/364|[from] drain|[of] p2a: Crawdaunt
|faint|p2a: Crawdaunt
|
|c| Appreciation|ok ez
|
|switch|p2a: Landorus-Therian|Landorus-Therian, M|325\/325
|-damage|p2a: Landorus-Therian|285\/325|[from] Stealth Rock
|-ability|p2a: Landorus-Therian|Intimidate|[of] p1a: Call me Trice
|-unboost|p1a: Call me Trice|atk|1
|turn|8
|c| wish skiller|good play wish killer
|
|move|p2a: Landorus-Therian|Swords Dance|p2a: Landorus-Therian
|-boost|p2a: Landorus-Therian|atk|2
|move|p1a: Call me Trice|Synthesis|p1a: Call me Trice
|-heal|p1a: Call me Trice|340\/364
|
|-heal|p2a: Landorus-Therian|305\/325|[from] item: Leftovers
|turn|9
|join|Call me Trice
|c| Call me Trice|hi
|c| Call me Trice|you called me?
|c|âwish killer|hi
|
|move|p2a: Landorus-Therian|Earthquake|p1a: Call me Trice
|-damage|p1a: Call me Trice|72\/364
|move|p1a: Call me Trice|Leech Seed|p2a: Landorus-Therian
|-start|p2a: Landorus-Therian|move: Leech Seed
|
|-heal|p2a: Landorus-Therian|325\/325|[from] item: Leftovers
|-damage|p2a: Landorus-Therian|285\/325|[from] Leech Seed|[of] p1a: Call me Trice
|-heal|p1a: Call me Trice|112\/364|[silent]
|turn|10
|c| wish skiller|welcome trice
|c| Call me Trice|i love your teams wcar
|c| Call me Trice|but bloody>u tbh..
|
|move|p2a: Landorus-Therian|Stone Edge|p1a: Call me Trice|[miss]
|-miss|p2a: Landorus-Therian|p1a: Call me Trice
|move|p1a: Call me Trice|Giga Drain|p2a: Landorus-Therian
|-damage|p2a: Landorus-Therian|165\/325
|-heal|p1a: Call me Trice|172\/364|[from] drain|[of] p2a: Landorus-Therian
|
|-heal|p2a: Landorus-Therian|185\/325|[from] item: Leftovers
|-damage|p2a: Landorus-Therian|145\/325|[from] Leech Seed|[of] p1a: Call me Trice
|-heal|p1a: Call me Trice|212\/364|[silent]
|turn|11
|c| Call me Trice|rekt
|c| Yuttt.ttttt|oof
|
|move|p2a: Landorus-Therian|Earthquake|p1a: Call me Trice
|-damage|p1a: Call me Trice|0 fnt
|faint|p1a: Call me Trice
|
|-heal|p2a: Landorus-Therian|165\/325|[from] item: Leftovers
|join|CleanerThanRotom-W
|c| CleanerThanRotom-W|hi
|
|switch|p1a: Lil MoB killer|Keldeo|323\/323
|-damage|p1a: Lil MoB killer|303\/323|[from] Stealth Rock
|turn|12
|c| Call me Trice|hi
|
|switch|p2a: Celebi|Celebi|146\/404
|-damage|p2a: Celebi|96\/404|[from] Stealth Rock
|move|p1a: Lil MoB killer|Scald|p2a: Celebi
|-resisted|p2a: Celebi
|-damage|p2a: Celebi|44\/404
|
|-heal|p1a: Lil MoB killer|323\/323|[from] item: Leftovers
|-heal|p2a: Celebi|69\/404|[from] item: Leftovers
|turn|13
|join|Fliegende Nudel
|c| Call me Trice|NOO
|c| Call me Trice|RIP
|
|move|p1a: Lil MoB killer|Icy Wind|p2a: Celebi
|-supereffective|p2a: Celebi
|-damage|p2a: Celebi|0 fnt
|faint|p2a: Celebi
|
|c| Call me Trice|jk
|c| Call me Trice|rekt
|
|switch|p2a: Thundurus|Thundurus, M|305\/305
|-damage|p2a: Thundurus|229\/305|[from] Stealth Rock
|turn|14
|c| CleanerThanRotom-W|my lil mob barley
|c| Fliegende Nudel|#ripinpeace
|c| Call me Trice|he doubles
|c| Call me Trice|just scald
|c|âwish killer|i know
|
|switch|p1a: CleanerThanRotom-W|Chansey, F|684\/684
|-damage|p1a: CleanerThanRotom-W|599\/684|[from] Stealth Rock
|move|p2a: Thundurus|Thunderbolt|p1a: CleanerThanRotom-W
|-damage|p1a: CleanerThanRotom-W|506\/684
|
|-heal|p2a: Thundurus|248\/305|[from] item: Leftovers
|turn|15
|c| Call me Trice|NP
|c| Call me Trice|NPNPNN THUNDY
|
|move|p2a: Thundurus|Thunderbolt|p1a: CleanerThanRotom-W
|-damage|p1a: CleanerThanRotom-W|418\/684
|move|p1a: CleanerThanRotom-W|Seismic Toss|p2a: Thundurus
|-damage|p2a: Thundurus|148\/305
|
|-heal|p2a: Thundurus|167\/305|[from] item: Leftovers
|turn|16
|c| CleanerThanRotom-W|im tanking all hits
|
|move|p2a: Thundurus|Thunderbolt|p1a: CleanerThanRotom-W
|-damage|p1a: CleanerThanRotom-W|324\/684
|move|p1a: CleanerThanRotom-W|Seismic Toss|p2a: Thundurus
|-damage|p2a: Thundurus|67\/305
|
|-heal|p2a: Thundurus|86\/305|[from] item: Leftovers
|turn|17
|c| Call me Trice|chansey so good..
|c| Yuttt.ttttt|wcar so bad..
|c| Call me Trice|bloody
|
|move|p2a: Thundurus|Thunderbolt|p1a: CleanerThanRotom-W
|-damage|p1a: CleanerThanRotom-W|236\/684
|move|p1a: CleanerThanRotom-W|Seismic Toss|p2a: Thundurus
|-damage|p2a: Thundurus|0 fnt
|faint|p2a: Thundurus
|
|c| Call me Trice|watch out for lando
|c| Call me Trice|if its double dance
|
|switch|p2a: Bisharp|Bisharp, F|271\/271
|-damage|p2a: Bisharp|255\/271|[from] Stealth Rock
|turn|18
|c| Call me Trice|,_,
|c| Call me Trice|or that
|c| Fliegende Nudel|why do u call no pokemon "fliegende nudel"
|c| Call me Trice|good
|c| Fliegende Nudel|:(
|c| Call me Trice|we win imo
|
|move|p2a: Bisharp|Swords Dance|p2a: Bisharp
|-boost|p2a: Bisharp|atk|2
|move|p1a: CleanerThanRotom-W|Thunder Wave|p2a: Bisharp
|-status|p2a: Bisharp|par
|
|turn|19
|c| CleanerThanRotom-W|bloody
|c| Yuttt.ttttt|can he AVOID hax
|c| CleanerThanRotom-W|why no keldeo
|c| Call me Trice|he has
|
|move|p1a: CleanerThanRotom-W|Seismic Toss|p2a: Bisharp
|-damage|p2a: Bisharp|155\/271 par
|move|p2a: Bisharp|Swords Dance|p2a: Bisharp
|-boost|p2a: Bisharp|atk|2
|
|turn|20
|c| Call me Trice|5 set up mons
|c| Call me Trice|wtf
|
|move|p2a: Bisharp|Sucker Punch|p1a: CleanerThanRotom-W
|-fail|p1a: CleanerThanRotom-W
|move|p1a: CleanerThanRotom-W|Soft-Boiled|p1a: CleanerThanRotom-W
|-heal|p1a: CleanerThanRotom-W|578\/684
|
|turn|21
|c| Fliegende Nudel|5?
|c| Call me Trice|yes 5
|
|move|p2a: Bisharp|Sucker Punch|p1a: CleanerThanRotom-W
|-damage|p1a: CleanerThanRotom-W|0 fnt
|-damage|p2a: Bisharp|128\/271 par|[from] item: Life Orb
|faint|p1a: CleanerThanRotom-W
|
|c| Fliegende Nudel|sharp crawdaunt tdurs celebi
|c| Call me Trice|lopunny kinda sets up
|c| Call me Trice|with power up punch
|c| Fliegende Nudel|lel
|c| Call me Trice|le
|c| Fliegende Nudel|PuP?
|c| Fliegende Nudel|lmao
|
|switch|p1a: I came from leddit|Bisharp, M|334\/334
|-damage|p1a: I came from leddit|314\/334|[from] Stealth Rock
|turn|22
|leave|Dread Plate
|
|move|p1a: I came from leddit|Knock Off|p2a: Bisharp
|-resisted|p2a: Bisharp
|-damage|p2a: Bisharp|41\/271 par
|-enditem|p2a: Bisharp|Life Orb|[from] move: Knock Off|[of] p1a: I came from leddit
|cant|p2a: Bisharp|par
|
|-heal|p1a: I came from leddit|334\/334|[from] item: Leftovers
|turn|23
|leave|Henry
|
|move|p1a: I came from leddit|Sucker Punch|p2a: Bisharp
|-resisted|p2a: Bisharp
|-damage|p2a: Bisharp|0 fnt
|faint|p2a: Bisharp
|
|
|switch|p2a: Landorus-Therian|Landorus-Therian, M|165\/325
|-damage|p2a: Landorus-Therian|125\/325|[from] Stealth Rock
|-ability|p2a: Landorus-Therian|Intimidate|[of] p1a: I came from leddit
|-unboost|p1a: I came from leddit|atk|1
|-boost|p1a: I came from leddit|atk|2|[from] ability: Defiant
|turn|24
|c|âwish killer|gg WCAR
|leave|Mediocre Manifesto
|
|move|p2a: Landorus-Therian|Earthquake|p1a: I came from leddit
|-supereffective|p1a: I came from leddit
|-damage|p1a: I came from leddit|0 fnt
|faint|p1a: I came from leddit
|
|-heal|p2a: Landorus-Therian|145\/325|[from] item: Leftovers
|join|Avarice87
|leave|Yuttt.ttttt
|
|switch|p1a: Lil MoB killer|Keldeo|323\/323
|-damage|p1a: Lil MoB killer|303\/323|[from] Stealth Rock
|turn|25
|c| Call me Trice|gg
|
|move|p1a: Lil MoB killer|Scald|p2a: Landorus-Therian
|-crit|p2a: Landorus-Therian
|-supereffective|p2a: Landorus-Therian
|-damage|p2a: Landorus-Therian|0 fnt
|faint|p2a: Landorus-Therian
|
|win|wish killer
|raw|Ladder updating...
|raw|wish killer's rating: 1800 &rarr; <strong>1812<\/strong><br \/>(+12 for winning)
|raw|WECAMEASROMANS's rating: 1651 &rarr; <strong>1639<\/strong><br \/>(-12 for losing)
|c| Avarice87|Oy Benny Spaghetti
|leave|WECAMEASROMANS
|c| Avarice87|Gg