|join|WECAMEASROMANS
|join|Dan Smith
|player|p1|WECAMEASROMANS|266
|player|p2|Dan Smith|266
|gametype|singles
|gen|6
|tier|OU
|rated
|clearpoke
|poke|p1|Kyurem-Black
|poke|p1|Thundurus, M
|poke|p1|Landorus-Therian, M
|poke|p1|Heatran, M
|poke|p1|Sableye, M
|poke|p1|Starmie
|poke|p2|Volcarona, F
|poke|p2|Tyranitar, F
|poke|p2|Starmie
|poke|p2|Landorus, M
|poke|p2|Scizor, M
|poke|p2|Clefable, F
|rule|Swagger Clause: Swagger is banned
|rule|Baton Pass Clause: Limit one PokÃ©mon knowing Baton Pass
|rule|Sleep Clause Mod: Limit one foe put to sleep
|rule|Species Clause: Limit one of each PokÃ©mon
|rule|OHKO Clause: OHKO moves are banned
|rule|Moody Clause: Moody is banned
|rule|Evasion Moves Clause: Evasion moves are banned
|rule|Endless Battle Clause: Forcing endless battles is banned
|rule|HP Percentage Mod: HP is shown in percentages
|teampreview
|
|start
|switch|p1a: Thundurus|Thundurus, M|299\/299
|switch|p2a: Landorus|Landorus, M|319\/319
|turn|1
|
|move|p1a: Thundurus|Nasty Plot|p1a: Thundurus
|-boost|p1a: Thundurus|spa|2
|move|p2a: Landorus|Psychic|p1a: Thundurus
|-damage|p1a: Thundurus|88\/299
|
|turn|2
|
|switch|p2a: Clefable|Clefable, F|393\/393
|move|p1a: Thundurus|Hidden Power|p2a: Clefable
|-damage|p2a: Clefable|190\/393
|-damage|p1a: Thundurus|59\/299|[from] item: Life Orb
|
|-heal|p2a: Clefable|214\/393|[from] item: Leftovers
|turn|3
|
|move|p1a: Thundurus|Thunderbolt|p2a: Clefable
|-damage|p2a: Clefable|0 fnt
|-damage|p1a: Thundurus|30\/299|[from] item: Life Orb
|faint|p2a: Clefable
|
|
|switch|p2a: Scizor|Scizor, M|303\/303
|turn|4
|
|switch|p1a: Heatran|Heatran, M|327\/327
|detailschange|p2a: Scizor|Scizor-Mega, M
|-mega|p2a: Scizor|Scizor|Scizorite
|move|p2a: Scizor|Bullet Punch|p1a: Heatran
|-resisted|p1a: Heatran
|-damage|p1a: Heatran|298\/327
|
|-heal|p1a: Heatran|318\/327|[from] item: Leftovers
|turn|5
|
|switch|p2a: Landorus|Landorus, M|319\/319
|move|p1a: Heatran|Stealth Rock|p2a: Landorus
|-sidestart|p2: Dan Smith|move: Stealth Rock
|
|-heal|p1a: Heatran|327\/327|[from] item: Leftovers
|turn|6
|
|switch|p1a: Thundurus|Thundurus, M|30\/299
|move|p2a: Landorus|Stealth Rock|p1a: Thundurus
|-sidestart|p1: WECAMEASROMANS|move: Stealth Rock
|
|turn|7
|
|switch|p2a: Starmie|Starmie|324\/324
|-damage|p2a: Starmie|284\/324|[from] Stealth Rock
|move|p1a: Thundurus|Thunderbolt|p2a: Starmie
|-supereffective|p2a: Starmie
|-damage|p2a: Starmie|0 fnt
|-damage|p1a: Thundurus|1\/299|[from] item: Life Orb
|faint|p2a: Starmie
|
|
|switch|p2a: Scizor|Scizor-Mega, M|303\/303
|-damage|p2a: Scizor|266\/303|[from] Stealth Rock
|turn|8
|
|move|p2a: Scizor|Bullet Punch|p1a: Thundurus
|-resisted|p1a: Thundurus
|-damage|p1a: Thundurus|0 fnt
|faint|p1a: Thundurus
|
|
|switch|p1a: Heatran|Heatran, M|327\/327
|-damage|p1a: Heatran|287\/327|[from] Stealth Rock
|turn|9
|
|switch|p2a: Tyranitar|Tyranitar, F|382\/382
|-damage|p2a: Tyranitar|335\/382|[from] Stealth Rock
|-weather|Sandstorm
|move|p1a: Heatran|Fire Blast|p2a: Tyranitar
|-resisted|p2a: Tyranitar
|-damage|p2a: Tyranitar|267\/382
|
|-weather|Sandstorm|[upkeep]
|-heal|p1a: Heatran|307\/327|[from] item: Leftovers
|turn|10
|
|move|p1a: Heatran|Earth Power|p2a: Tyranitar
|-supereffective|p2a: Tyranitar
|-damage|p2a: Tyranitar|111\/382
|move|p2a: Tyranitar|Crunch|p1a: Heatran
|-damage|p1a: Heatran|97\/327
|
|-weather|Sandstorm|[upkeep]
|-heal|p1a: Heatran|117\/327|[from] item: Leftovers
|turn|11
|
|move|p1a: Heatran|Fire Blast|p2a: Tyranitar|[miss]
|-miss|p1a: Heatran|p2a: Tyranitar
|move|p2a: Tyranitar|Crunch|p1a: Heatran
|-damage|p1a: Heatran|0 fnt
|faint|p1a: Heatran
|
|-weather|Sandstorm|[upkeep]
|
|switch|p1a: Starmie|Starmie|261\/261
|-damage|p1a: Starmie|229\/261|[from] Stealth Rock
|turn|12
|
|move|p1a: Starmie|Hydro Pump|p2a: Tyranitar
|-supereffective|p2a: Tyranitar
|-damage|p2a: Tyranitar|0 fnt
|-damage|p1a: Starmie|203\/261|[from] item: Life Orb
|faint|p2a: Tyranitar
|
|-weather|Sandstorm|[upkeep]
|-damage|p1a: Starmie|187\/261|[from] sandstorm
|
|switch|p2a: Scizor|Scizor-Mega, M|266\/303
|-damage|p2a: Scizor|229\/303|[from] Stealth Rock
|turn|13
|
|move|p1a: Starmie|Hydro Pump|p2a: Scizor
|-damage|p2a: Scizor|15\/303
|-damage|p1a: Starmie|161\/261|[from] item: Life Orb
|move|p2a: Scizor|Bug Bite|p1a: Starmie
|-crit|p1a: Starmie
|-supereffective|p1a: Starmie
|-damage|p1a: Starmie|0 fnt
|faint|p1a: Starmie
|
|-weather|none
|
|switch|p1a: Landorus-Therian|Landorus-Therian, M|325\/325
|-damage|p1a: Landorus-Therian|285\/325|[from] Stealth Rock
|-ability|p1a: Landorus-Therian|Intimidate|[of] p2a: Scizor
|-unboost|p2a: Scizor|atk|1
|turn|14
|
|move|p2a: Scizor|Bullet Punch|p1a: Landorus-Therian
|-damage|p1a: Landorus-Therian|186\/325
|move|p1a: Landorus-Therian|U-turn|p2a: Scizor
|-resisted|p2a: Scizor
|-damage|p2a: Scizor|0 fnt
|faint|p2a: Scizor
|
|switch|p1a: Kyurem-Black|Kyurem-Black|391\/391
|-damage|p1a: Kyurem-Black|294\/391|[from] Stealth Rock
|-ability|p1a: Kyurem-Black|Teravolt
|
|
|switch|p2a: Volcarona|Volcarona, F|335\/335
|-damage|p2a: Volcarona|168\/335|[from] Stealth Rock
|turn|15
|
|move|p2a: Volcarona|Fire Blast|p1a: Kyurem-Black|[miss]
|-miss|p2a: Volcarona|p1a: Kyurem-Black
|move|p1a: Kyurem-Black|Outrage|p2a: Volcarona
|-damage|p2a: Volcarona|0 fnt
|-status|p1a: Kyurem-Black|brn
|-damage|p1a: Kyurem-Black|255\/391 brn|[from] item: Life Orb
|faint|p2a: Volcarona
|
|-damage|p1a: Kyurem-Black|207\/391 brn|[from] brn
|
|switch|p2a: Landorus|Landorus, M|319\/319
|-damage|p2a: Landorus|280\/319|[from] Stealth Rock
|turn|16
|
|move|p2a: Landorus|Earth Power|p1a: Kyurem-Black
|-damage|p1a: Kyurem-Black|0 fnt
|faint|p1a: Kyurem-Black
|
|
|switch|p1a: Sableye|Sableye, M|304\/304
|-damage|p1a: Sableye|266\/304|[from] Stealth Rock
|turn|17
|
|detailschange|p1a: Sableye|Sableye-Mega, M
|-mega|p1a: Sableye|Sableye|Sablenite
|move|p1a: Sableye|Will-O-Wisp|p2a: Landorus
|-status|p2a: Landorus|brn
|move|p2a: Landorus|Earth Power|p1a: Sableye
|-damage|p1a: Sableye|31\/304
|
|-damage|p2a: Landorus|241\/319 brn|[from] brn
|turn|18
|
|move|p2a: Landorus|Knock Off|p1a: Sableye
|-damage|p1a: Sableye|5\/304
|-damage|p2a: Landorus|210\/319 brn|[from] item: Life Orb
|move|p1a: Sableye|Recover|p1a: Sableye
|-heal|p1a: Sableye|157\/304
|
|-damage|p2a: Landorus|171\/319 brn|[from] brn
|turn|19
|-message|Dan Smith forfeited.
|leave|Dan Smith
|
|win|WECAMEASROMANS
|raw|Ladder updating...
|player|p2
|raw|WECAMEASROMANS's rating: 1714 &rarr; <strong>1731<\/strong><br \/>(+17 for winning)
|raw|Dan Smith's rating: 1665 &rarr; <strong>1647<\/strong><br \/>(-18 for losing)