|join|WECAMEASROMANS
|join|WowBruh
|player|p1|WECAMEASROMANS|266
|player|p2|WowBruh|153
|gametype|singles
|gen|6
|tier|OU
|clearpoke
|poke|p1|Kyurem-Black
|poke|p1|Thundurus, M
|poke|p1|Landorus-Therian, M
|poke|p1|Heatran, M
|poke|p1|Sableye, M
|poke|p1|Starmie
|poke|p2|Gyarados, M, shiny
|poke|p2|Ferrothorn, M
|poke|p2|Talonflame, M
|poke|p2|Excadrill, M
|poke|p2|Raikou, shiny
|poke|p2|Clefable, F, shiny
|rule|Swagger Clause: Swagger is banned
|rule|Baton Pass Clause: Limit one PokÃ©mon knowing Baton Pass
|rule|Sleep Clause Mod: Limit one foe put to sleep
|rule|Species Clause: Limit one of each PokÃ©mon
|rule|OHKO Clause: OHKO moves are banned
|rule|Moody Clause: Moody is banned
|rule|Evasion Moves Clause: Evasion moves are banned
|rule|Endless Battle Clause: Forcing endless battles is banned
|rule|HP Percentage Mod: HP is shown in percentages
|teampreview
|join|gayyyborr
|join|CSS)bleachzxzx
|join|Frickett
|join|HEADSHOT1809
|join|Young Hax God
|join|fgawrgkb
|join|WaitTilYesterday
|join|alt7777777
WowBruh turned on modjoin.
|raw|<div class="broadcast-red"><b>Moderated chat was set to +!<\/b><br \/>Only users of rank + and higher can talk.<\/div>
WowBruh made this room hidden.
Young Hax God was promoted to Room Voice by WowBruh.
|
|start
|switch|p1a: Heatran|Heatran, M|327\/327
|switch|p2a: Hug Me|Ferrothorn, M|352\/352
|turn|1
|
|switch|p2a: Shenron|Gyarados, M, shiny|353\/353
|-ability|p2a: Shenron|Intimidate|[of] p1a: Heatran
|-unboost|p1a: Heatran|atk|1
|move|p1a: Heatran|Fire Blast|p2a: Shenron
|-resisted|p2a: Shenron
|-damage|p2a: Shenron|248\/353
|
|turn|2
|
|switch|p1a: Sableye|Sableye, M|304\/304
|detailschange|p2a: Shenron|Gyarados-Mega, M, shiny
|-mega|p2a: Shenron|Gyarados|Gyaradosite
|-ability|p2a: Shenron|Mold Breaker
|move|p2a: Shenron|Dragon Dance|p2a: Shenron
|-boost|p2a: Shenron|atk|1
|-boost|p2a: Shenron|spe|1
|
|turn|3
|leave|gayyyborr
|
|switch|p2a: Pink Bitch|Clefable, F, shiny|394\/394
|detailschange|p1a: Sableye|Sableye-Mega, M
|-mega|p1a: Sableye|Sableye|Sablenite
|move|p1a: Sableye|Will-O-Wisp|p2a: Pink Bitch
|-status|p2a: Pink Bitch|brn
|
|turn|4
|
|switch|p2a: Dig Dug|Excadrill, M|361\/361
|-ability|p2a: Dig Dug|Mold Breaker
|switch|p1a: Heatran|Heatran, M|327\/327
|
|turn|5
|
|switch|p1a: Landorus-Therian|Landorus-Therian, M|325\/325
|-ability|p1a: Landorus-Therian|Intimidate|[of] p2a: Dig Dug
|-unboost|p2a: Dig Dug|atk|1
|move|p2a: Dig Dug|Earthquake|p1a: Landorus-Therian
|-immune|p1a: Landorus-Therian|[msg]
|
|turn|6
|
|switch|p2a: Hug Me|Ferrothorn, M|352\/352
|move|p1a: Landorus-Therian|Earthquake|p2a: Hug Me
|-damage|p2a: Hug Me|220\/352
|
|-heal|p2a: Hug Me|242\/352|[from] item: Leftovers
|turn|7
|
|switch|p1a: Sableye|Sableye-Mega, M|304\/304
|move|p2a: Hug Me|Leech Seed|p1a: Sableye
|move|p1a: Sableye|Leech Seed|p2a: Hug Me|[from]Magic Bounce
|-immune|p2a: Hug Me|[msg]
|
|-heal|p2a: Hug Me|264\/352|[from] item: Leftovers
|turn|8
|c|âWowBruh|I suck
|c|+Young Hax God|^
|c|âWowBruh|Keep that in mind.
|
|switch|p1a: Heatran|Heatran, M|327\/327
|switch|p2a: Pink Bitch|Clefable, F, shiny|394\/394 brn
|
|turn|9
|c|+Young Hax God|Im helpin you bruh
|c|âWowBruh|That was real helpful
|
|switch|p2a: Shenron|Gyarados-Mega, M, shiny|248\/353
|-ability|p2a: Shenron|Mold Breaker
|move|p1a: Heatran|Stealth Rock|p2a: Shenron
|-sidestart|p2: WowBruh|move: Stealth Rock
|
|turn|10
|
|switch|p1a: Landorus-Therian|Landorus-Therian, M|325\/325
|-ability|p1a: Landorus-Therian|Intimidate|[of] p2a: Shenron
|-unboost|p2a: Shenron|atk|1
|move|p2a: Shenron|Waterfall|p1a: Landorus-Therian
|-supereffective|p1a: Landorus-Therian
|-damage|p1a: Landorus-Therian|89\/325
|
|turn|11
|
|switch|p1a: Kyurem-Black|Kyurem-Black|391\/391
|-ability|p1a: Kyurem-Black|Teravolt
|switch|p2a: Hug Me|Ferrothorn, M|264\/352
|-damage|p2a: Hug Me|242\/352|[from] Stealth Rock
|
|-heal|p2a: Hug Me|264\/352|[from] item: Leftovers
|turn|12
|
|switch|p1a: Sableye|Sableye-Mega, M|304\/304
|move|p2a: Hug Me|Knock Off|p1a: Sableye
|-damage|p1a: Sableye|276\/304
|
|-heal|p2a: Hug Me|286\/352|[from] item: Leftovers
|turn|13
|
|move|p1a: Sableye|Will-O-Wisp|p2a: Hug Me
|-status|p2a: Hug Me|brn
|move|p2a: Hug Me|Leech Seed|p1a: Sableye
|move|p1a: Sableye|Leech Seed|p2a: Hug Me|[from]Magic Bounce
|-immune|p2a: Hug Me|[msg]
|
|-heal|p2a: Hug Me|308\/352 brn|[from] item: Leftovers
|-damage|p2a: Hug Me|264\/352 brn|[from] brn
|turn|14
|
|switch|p2a: Pink Bitch|Clefable, F, shiny|394\/394 brn
|move|p1a: Sableye|Recover|p1a: Sableye
|-heal|p1a: Sableye|304\/304
|
|turn|15
|
|switch|p1a: Heatran|Heatran, M|327\/327
|move|p2a: Pink Bitch|Moonblast|p1a: Heatran
|-resisted|p1a: Heatran
|-damage|p1a: Heatran|303\/327
|-unboost|p1a: Heatran|spa|1
|
|-heal|p1a: Heatran|323\/327|[from] item: Leftovers
|turn|16
|
|switch|p2a: Sabortooth|Raikou, shiny|321\/321
|-damage|p2a: Sabortooth|281\/321|[from] Stealth Rock
|-ability|p2a: Sabortooth|Pressure
|move|p1a: Heatran|Fire Blast|p2a: Sabortooth
|-damage|p2a: Sabortooth|179\/321
|
|-heal|p1a: Heatran|327\/327|[from] item: Leftovers
|turn|17
|
|move|p2a: Sabortooth|Hidden Power|p1a: Heatran
|-resisted|p1a: Heatran
|-damage|p1a: Heatran|311\/327
|move|p1a: Heatran|Earth Power|p2a: Sabortooth
|-supereffective|p2a: Sabortooth
|-damage|p2a: Sabortooth|67\/321
|
|-heal|p1a: Heatran|327\/327|[from] item: Leftovers
|turn|18
|
|switch|p1a: Landorus-Therian|Landorus-Therian, M|89\/325
|-ability|p1a: Landorus-Therian|Intimidate|[of] p2a: Sabortooth
|-unboost|p2a: Sabortooth|atk|1
|move|p2a: Sabortooth|Volt Switch|p1a: Landorus-Therian
|-immune|p1a: Landorus-Therian|[msg]
|
|turn|19
|
|move|p1a: Landorus-Therian|Earthquake|p2a: Sabortooth
|-supereffective|p2a: Sabortooth
|-damage|p2a: Sabortooth|0 fnt
|faint|p2a: Sabortooth
|
|leave|fgawrgkb
|
|switch|p2a: TalonLAME|Talonflame, M|359\/359
|-damage|p2a: TalonLAME|180\/359|[from] Stealth Rock
|turn|20
|
|switch|p1a: Thundurus|Thundurus, M|299\/299
|move|p2a: TalonLAME|Roost|p2a: TalonLAME
|-heal|p2a: TalonLAME|359\/359
|
|turn|21
|leave|WaitTilYesterday
|
|switch|p2a: Dig Dug|Excadrill, M|361\/361
|-damage|p2a: Dig Dug|350\/361|[from] Stealth Rock
|-ability|p2a: Dig Dug|Mold Breaker
|move|p1a: Thundurus|Thunderbolt|p2a: Dig Dug
|-immune|p2a: Dig Dug|[msg]
|
|turn|22
|
|switch|p1a: Sableye|Sableye-Mega, M|304\/304
|move|p2a: Dig Dug|Rock Slide|p1a: Sableye
|-damage|p1a: Sableye|244\/304
|
|turn|23
|
|switch|p2a: Pink Bitch|Clefable, F, shiny|394\/394 brn
|move|p1a: Sableye|Recover|p1a: Sableye
|-heal|p1a: Sableye|304\/304
|
|turn|24
|
|switch|p2a: Shenron|Gyarados-Mega, M, shiny|248\/353
|-damage|p2a: Shenron|204\/353|[from] Stealth Rock
|-ability|p2a: Shenron|Mold Breaker
|switch|p1a: Heatran|Heatran, M|327\/327
|
|turn|25
|leave|CSS)bleachzxzx
|
|switch|p1a: Kyurem-Black|Kyurem-Black|391\/391
|-ability|p1a: Kyurem-Black|Teravolt
|move|p2a: Shenron|Dragon Dance|p2a: Shenron
|-boost|p2a: Shenron|atk|1
|-boost|p2a: Shenron|spe|1
|
|turn|26
|
|move|p2a: Shenron|Crunch|p1a: Kyurem-Black
|-damage|p1a: Kyurem-Black|100\/391
|move|p1a: Kyurem-Black|Fusion Bolt|p2a: Shenron
|-supereffective|p2a: Shenron
|-damage|p2a: Shenron|0 fnt
|-damage|p1a: Kyurem-Black|61\/391|[from] item: Life Orb
|faint|p2a: Shenron
|
|
|switch|p2a: Dig Dug|Excadrill, M|350\/361
|-damage|p2a: Dig Dug|339\/361|[from] Stealth Rock
|-ability|p2a: Dig Dug|Mold Breaker
|turn|27
|
|switch|p1a: Sableye|Sableye-Mega, M|304\/304
|move|p2a: Dig Dug|Rock Slide|p1a: Sableye
|-damage|p1a: Sableye|243\/304
|
|turn|28
|c|âWowBruh|GG
|-message|WowBruh forfeited.
|
|win|WECAMEASROMANS
|c|âWECAMEASROMANS|gg
|leave|WowBruh
|player|p2
|leave|WECAMEASROMANS
|player|p1
|leave|HEADSHOT1809