|join|IHateLadderPlayers
|join|jimbonagga
|player|p1|IHateLadderPlayers|115
|player|p2|jimbonagga|1
|gametype|singles
|gen|6
|tier|OU
|rated
|clearpoke
|poke|p1|Gallade, M
|poke|p1|Tyranitar, M
|poke|p1|Scizor, F
|poke|p1|Rotom-Wash
|poke|p1|Clefable, M
|poke|p1|Latias, F
|poke|p2|Empoleon, M
|poke|p2|Infernape, M
|poke|p2|Tornadus-Therian, M
|poke|p2|Whimsicott, M
|poke|p2|Heracross, F
|poke|p2|Talonflame, M
|rule|Swagger Clause: Swagger is banned
|rule|Baton Pass Clause: Limit one PokÃ©mon knowing Baton Pass
|rule|Sleep Clause Mod: Limit one foe put to sleep
|rule|Species Clause: Limit one of each PokÃ©mon
|rule|OHKO Clause: OHKO moves are banned
|rule|Moody Clause: Moody is banned
|rule|Evasion Moves Clause: Evasion moves are banned
|rule|Endless Battle Clause: Forcing endless battles is banned
|rule|HP Percentage Mod: HP is shown in percentages
|teampreview
|
|start
|switch|p1a: Latias|Latias, F|319\/319
|switch|p2a: Empoleon|Empoleon, M|371\/371
|turn|1
|
|switch|p1a: Rotom-Wash|Rotom-Wash|303\/303
|move|p2a: Empoleon|Agility|p2a: Empoleon
|-boost|p2a: Empoleon|spe|2
|
|turn|2
|
|move|p2a: Empoleon|Substitute|p2a: Empoleon
|-start|p2a: Empoleon|Substitute
|-damage|p2a: Empoleon|279\/371
|move|p1a: Rotom-Wash|Will-O-Wisp|p2a: Empoleon
|
|turn|3
|
|move|p2a: Empoleon|Agility|p2a: Empoleon
|-boost|p2a: Empoleon|spe|2
|move|p1a: Rotom-Wash|Volt Switch|p2a: Empoleon
|-supereffective|p2a: Empoleon
|-end|p2a: Empoleon|Substitute
|c|âIHateLadderPlayers|!learn empoleon, baton pass
|raw|<div class="infobox">Empoleon <span class="message-learn-cannotlearn">can't<\/span> learn Baton Pass<\/div>
|
|switch|p1a: Gallade|Gallade, M|277\/277
|
|turn|4
|
|detailschange|p1a: Gallade|Gallade-Mega, M
|-mega|p1a: Gallade|Gallade|Galladite
|move|p2a: Empoleon|Substitute|p2a: Empoleon
|-start|p2a: Empoleon|Substitute
|-damage|p2a: Empoleon|187\/371
|move|p1a: Gallade|Close Combat|p2a: Empoleon
|-supereffective|p2a: Empoleon
|-end|p2a: Empoleon|Substitute
|-unboost|p1a: Gallade|def|1
|-unboost|p1a: Gallade|spd|1
|
|turn|5
|
|switch|p1a: Rotom-Wash|Rotom-Wash|303\/303
|move|p2a: Empoleon|Substitute|p2a: Empoleon
|-start|p2a: Empoleon|Substitute
|-damage|p2a: Empoleon|95\/371
|
|turn|6
|
|move|p2a: Empoleon|Hydro Pump|p1a: Rotom-Wash
|-resisted|p1a: Rotom-Wash
|-damage|p1a: Rotom-Wash|175\/303
|move|p1a: Rotom-Wash|Volt Switch|p2a: Empoleon
|-crit|p2a: Empoleon
|-supereffective|p2a: Empoleon
|-end|p2a: Empoleon|Substitute
|leave|jimbonagga
|player|p2
|join|jimbonagga
|player|p2|jimbonagga|1
|
|switch|p1a: Scizor|Scizor, F|331\/331
|
|turn|7
|
|move|p1a: Scizor|Bullet Punch|p2a: Empoleon
|-resisted|p2a: Empoleon
|-damage|p2a: Empoleon|44\/371
|-enditem|p2a: Empoleon|Petaya Berry|[eat]
|-boost|p2a: Empoleon|spa|1|[from] item: Petaya Berry
|move|p2a: Empoleon|Hydro Pump|p1a: Scizor
|-damage|p1a: Scizor|0 fnt
|faint|p1a: Scizor
|
|
|switch|p1a: Latias|Latias, F|319\/319
|turn|8
|
|move|p2a: Empoleon|Ice Beam|p1a: Latias
|-supereffective|p1a: Latias
|-damage|p1a: Latias|79\/319
|move|p1a: Latias|Psyshock|p2a: Empoleon
|-resisted|p2a: Empoleon
|-damage|p2a: Empoleon|0 fnt
|-damage|p1a: Latias|48\/319|[from] item: Life Orb
|faint|p2a: Empoleon
|
|
|switch|p2a: Whimsicott|Whimsicott, M|261\/261
|turn|9
|
|move|p2a: Whimsicott|Moonblast|p1a: Latias
|-supereffective|p1a: Latias
|-damage|p1a: Latias|0 fnt
|-damage|p2a: Whimsicott|235\/261|[from] item: Life Orb
|faint|p1a: Latias
|
|
|switch|p1a: Tyranitar|Tyranitar, M|341\/341
|-weather|Sandstorm
|turn|10
|
|move|p2a: Whimsicott|Tailwind|p2a: Whimsicott
|-sidestart|p2: jimbonagga|move: Tailwind
|move|p1a: Tyranitar|Stone Edge|p2a: Whimsicott
|-damage|p2a: Whimsicott|0 fnt
|faint|p2a: Whimsicott
|
|-weather|Sandstorm|[upkeep]
|
|switch|p2a: Heracross|Heracross, F|301\/301
|turn|11
|
|switch|p1a: Clefable|Clefable, M|394\/394
|move|p2a: Heracross|Close Combat|p1a: Clefable
|-resisted|p1a: Clefable
|-damage|p1a: Clefable|265\/394
|-unboost|p2a: Heracross|def|1
|-unboost|p2a: Heracross|spd|1
|
|-weather|Sandstorm|[upkeep]
|-damage|p2a: Heracross|283\/301|[from] sandstorm
|-heal|p1a: Clefable|289\/394|[from] item: Leftovers
|turn|12
|
|switch|p2a: Tornadus-Therian|Tornadus-Therian, M|299\/299
|move|p1a: Clefable|Thunder Wave|p2a: Tornadus-Therian
|-status|p2a: Tornadus-Therian|par
|
|-weather|Sandstorm|[upkeep]
|-damage|p2a: Tornadus-Therian|281\/299 par|[from] sandstorm
|-heal|p1a: Clefable|313\/394|[from] item: Leftovers
|turn|13
|
|move|p2a: Tornadus-Therian|Knock Off|p1a: Clefable
|-resisted|p1a: Clefable
|-damage|p1a: Clefable|266\/394
|-enditem|p1a: Clefable|Leftovers|[from] move: Knock Off|[of] p2a: Tornadus-Therian
|-damage|p2a: Tornadus-Therian|252\/299 par|[from] item: Life Orb
|move|p1a: Clefable|Stealth Rock|p2a: Tornadus-Therian
|-sidestart|p2: jimbonagga|move: Stealth Rock
|
|-weather|Sandstorm|[upkeep]
|-damage|p2a: Tornadus-Therian|234\/299 par|[from] sandstorm
|-sideend|p2: jimbonagga|move: Tailwind
|turn|14
|
|move|p1a: Clefable|Soft-Boiled|p1a: Clefable
|-heal|p1a: Clefable|394\/394
|move|p2a: Tornadus-Therian|U-turn|p1a: Clefable
|-resisted|p1a: Clefable
|-damage|p1a: Clefable|362\/394
|-damage|p2a: Tornadus-Therian|205\/299 par|[from] item: Life Orb
|
|switch|p2a: Talonflame|Talonflame, M|297\/297
|-damage|p2a: Talonflame|149\/297|[from] Stealth Rock
|
|-weather|none
|turn|15
|
|switch|p1a: Tyranitar|Tyranitar, M|341\/341
|-weather|Sandstorm
|move|p2a: Talonflame|Brave Bird|p1a: Tyranitar
|-resisted|p1a: Tyranitar
|-damage|p1a: Tyranitar|260\/341
|-damage|p2a: Talonflame|122\/297|[from] recoil|[of] p1a: Tyranitar
|
|-weather|Sandstorm|[upkeep]
|-damage|p2a: Talonflame|104\/297|[from] sandstorm
|turn|16
|
|move|p2a: Talonflame|Tailwind|p2a: Talonflame
|-sidestart|p2: jimbonagga|move: Tailwind
|move|p1a: Tyranitar|Stone Edge|p2a: Talonflame
|-supereffective|p2a: Talonflame
|-damage|p2a: Talonflame|0 fnt
|faint|p2a: Talonflame
|
|-weather|Sandstorm|[upkeep]
|
|switch|p2a: Infernape|Infernape, M|293\/293
|-damage|p2a: Infernape|257\/293|[from] Stealth Rock
|turn|17
|
|switch|p1a: Rotom-Wash|Rotom-Wash|175\/303
|move|p2a: Infernape|Substitute|p2a: Infernape
|-start|p2a: Infernape|Substitute
|-damage|p2a: Infernape|184\/293
|
|-weather|Sandstorm|[upkeep]
|-damage|p2a: Infernape|166\/293|[from] sandstorm
|-damage|p1a: Rotom-Wash|157\/303|[from] sandstorm
|-heal|p1a: Rotom-Wash|175\/303|[from] item: Leftovers
|turn|18
|
|move|p2a: Infernape|Close Combat|p1a: Rotom-Wash
|-damage|p1a: Rotom-Wash|10\/303
|-unboost|p2a: Infernape|def|1
|-unboost|p2a: Infernape|spd|1
|-damage|p2a: Infernape|137\/293|[from] item: Life Orb
|move|p1a: Rotom-Wash|Volt Switch|p2a: Infernape
|-end|p2a: Infernape|Substitute
|
|switch|p1a: Clefable|Clefable, M|362\/394
|
|-weather|Sandstorm|[upkeep]
|-damage|p2a: Infernape|119\/293|[from] sandstorm
|turn|19
|
|move|p2a: Infernape|Substitute|p2a: Infernape
|-start|p2a: Infernape|Substitute
|-damage|p2a: Infernape|46\/293
|move|p1a: Clefable|Moonblast|p2a: Infernape
|-end|p2a: Infernape|Substitute
|
|-weather|none
|-sideend|p2: jimbonagga|move: Tailwind
|turn|20
|
|move|p2a: Infernape|Overheat|p1a: Clefable
|-damage|p1a: Clefable|25\/394
|-unboost|p2a: Infernape|spa|2
|-damage|p2a: Infernape|17\/293|[from] item: Life Orb
|move|p1a: Clefable|Moonblast|p2a: Infernape
|-damage|p2a: Infernape|0 fnt
|faint|p2a: Infernape
|
|
|switch|p2a: Heracross|Heracross, F|283\/301
|-damage|p2a: Heracross|246\/301|[from] Stealth Rock
|turn|21
|
|switch|p1a: Rotom-Wash|Rotom-Wash|10\/303
|move|p2a: Heracross|Close Combat|p1a: Rotom-Wash
|-damage|p1a: Rotom-Wash|0 fnt
|-unboost|p2a: Heracross|def|1
|-unboost|p2a: Heracross|spd|1
|faint|p1a: Rotom-Wash
|-boost|p2a: Heracross|atk|1|[from] ability: Moxie
|
|
|switch|p1a: Gallade|Gallade-Mega, M|277\/277
|turn|22
|
|move|p1a: Gallade|Zen Headbutt|p2a: Heracross
|-supereffective|p2a: Heracross
|-damage|p2a: Heracross|0 fnt
|faint|p2a: Heracross
|
|
|switch|p2a: Tornadus-Therian|Tornadus-Therian, M|299\/299 par
|-damage|p2a: Tornadus-Therian|225\/299 par|[from] Stealth Rock
|turn|23
|
|move|p1a: Gallade|Knock Off|p2a: Tornadus-Therian
|-crit|p2a: Tornadus-Therian
|-damage|p2a: Tornadus-Therian|0 fnt
|-enditem|p2a: Tornadus-Therian|Life Orb|[from] move: Knock Off|[of] p1a: Gallade
|faint|p2a: Tornadus-Therian
|
|win|IHateLadderPlayers
|raw|Ladder updating...
|c|âIHateLadderPlayers|gg
|raw|IHateLadderPlayers's rating: 1294 &rarr; <strong>1314<\/strong><br \/>(+20 for winning)
|raw|jimbonagga's rating: 1227 &rarr; <strong>1207<\/strong><br \/>(-20 for losing)