|join|poek69x
|join|IHateLadderPlayers
|join|Eteboth
IHateLadderPlayers made this room hidden.
|player|p1|poek69x|283
|player|p2|IHateLadderPlayers|115
|gametype|singles
|gen|6
|tier|OU
|rated
|clearpoke
|poke|p1|Diancie
|poke|p1|Latios, M
|poke|p1|Talonflame, M
|poke|p1|Scizor, F
|poke|p1|Keldeo-Resolute
|poke|p1|Hippowdon, F
|poke|p2|Manaphy
|poke|p2|Lopunny, M
|poke|p2|Garchomp, M
|poke|p2|Clefable, F
|poke|p2|Heatran, M
|poke|p2|Raikou
|rule|Swagger Clause: Swagger is banned
|rule|Baton Pass Clause: Limit one PokÃ©mon knowing Baton Pass
|rule|Sleep Clause Mod: Limit one foe put to sleep
|rule|Species Clause: Limit one of each PokÃ©mon
|rule|OHKO Clause: OHKO moves are banned
|rule|Moody Clause: Moody is banned
|rule|Evasion Moves Clause: Evasion moves are banned
|rule|Endless Battle Clause: Forcing endless battles is banned
|rule|HP Percentage Mod: HP is shown in percentages
|teampreview
|c| Eteboth|pro player
|
|start
|switch|p1a: Keldeo-Resolute|Keldeo-Resolute|323\/323
|switch|p2a: Manaphy|Manaphy|359\/359
|turn|1
|
|switch|p1a: Latios|Latios, M|301\/301
|move|p2a: Manaphy|Energy Ball|p1a: Latios
|-resisted|p1a: Latios
|-damage|p1a: Latios|262\/301
|
|turn|2
|
|switch|p1a: Hippowdon|Hippowdon, F|420\/420
|switch|p2a: Clefable|Clefable, F|394\/394
|
|turn|3
|
|move|p2a: Clefable|Stealth Rock|p1a: Hippowdon
|-sidestart|p1: poek69x|move: Stealth Rock
|move|p1a: Hippowdon|Stealth Rock|p2a: Clefable
|-sidestart|p2: IHateLadderPlayers|move: Stealth Rock
|
|turn|4
|
|move|p2a: Clefable|Moonblast|p1a: Hippowdon
|-damage|p1a: Hippowdon|312\/420
|move|p1a: Hippowdon|Toxic|p2a: Clefable
|-status|p2a: Clefable|tox
|
|-heal|p1a: Hippowdon|338\/420|[from] item: Leftovers
|turn|5
|
|switch|p2a: Manaphy|Manaphy|359\/359
|-damage|p2a: Manaphy|315\/359|[from] Stealth Rock
|switch|p1a: Talonflame|Talonflame, M|359\/359
|-damage|p1a: Talonflame|180\/359|[from] Stealth Rock
|
|-heal|p2a: Manaphy|337\/359|[from] item: Leftovers
|-heal|p1a: Talonflame|202\/359|[from] item: Leftovers
|turn|6
|
|switch|p1a: Latios|Latios, M|262\/301
|-damage|p1a: Latios|225\/301|[from] Stealth Rock
|move|p2a: Manaphy|Scald|p1a: Latios
|-resisted|p1a: Latios
|-damage|p1a: Latios|166\/301
|
|-heal|p2a: Manaphy|359\/359|[from] item: Leftovers
|turn|7
|
|switch|p2a: Clefable|Clefable, F|394\/394 tox
|move|p1a: Latios|Roost|p1a: Latios
|-heal|p1a: Latios|301\/301
|
|turn|8
|
|switch|p1a: Scizor|Scizor, F|344\/344
|-damage|p1a: Scizor|301\/344|[from] Stealth Rock
|switch|p2a: Manaphy|Manaphy|359\/359
|-damage|p2a: Manaphy|315\/359|[from] Stealth Rock
|
|-heal|p2a: Manaphy|337\/359|[from] item: Leftovers
|-heal|p1a: Scizor|322\/344|[from] item: Leftovers
|turn|9
|
|move|p2a: Manaphy|Scald|p1a: Scizor
|-damage|p1a: Scizor|196\/344
|-status|p1a: Scizor|brn
|move|p1a: Scizor|U-turn|p2a: Manaphy
|-damage|p2a: Manaphy|282\/359
|
|switch|p1a: Latios|Latios, M|301\/301
|-damage|p1a: Latios|264\/301|[from] Stealth Rock
|
|-heal|p2a: Manaphy|304\/359|[from] item: Leftovers
|turn|10
|
|switch|p2a: Clefable|Clefable, F|394\/394 tox
|move|p1a: Latios|Calm Mind|p1a: Latios
|-boost|p1a: Latios|spa|1
|-boost|p1a: Latios|spd|1
|
|turn|11
|
|switch|p1a: Scizor|Scizor, F|196\/344 brn
|-damage|p1a: Scizor|153\/344 brn|[from] Stealth Rock
|move|p2a: Clefable|Thunder Wave|p1a: Scizor
|-fail|p1a: Scizor
|
|-heal|p1a: Scizor|174\/344 brn|[from] item: Leftovers
|-damage|p1a: Scizor|131\/344 brn|[from] brn
|turn|12
|
|move|p1a: Scizor|Roost|p1a: Scizor
|-heal|p1a: Scizor|303\/344 brn
|move|p2a: Clefable|Moonblast|p1a: Scizor
|-resisted|p1a: Scizor
|-damage|p1a: Scizor|246\/344 brn
|
|-heal|p1a: Scizor|267\/344 brn|[from] item: Leftovers
|-damage|p1a: Scizor|224\/344 brn|[from] brn
|turn|13
|
|switch|p2a: Heatran|Heatran, M|323\/323
|-damage|p2a: Heatran|283\/323|[from] Stealth Rock
|move|p1a: Scizor|Roost|p1a: Scizor
|-heal|p1a: Scizor|344\/344 brn
|
|-damage|p1a: Scizor|301\/344 brn|[from] brn
|turn|14
|
|switch|p1a: Keldeo-Resolute|Keldeo-Resolute|323\/323
|-damage|p1a: Keldeo-Resolute|303\/323|[from] Stealth Rock
|move|p2a: Heatran|Overheat|p1a: Keldeo-Resolute
|-resisted|p1a: Keldeo-Resolute
|-damage|p1a: Keldeo-Resolute|168\/323
|-unboost|p2a: Heatran|spa|2
|
|turn|15
|
|switch|p2a: Clefable|Clefable, F|394\/394 tox
|move|p1a: Keldeo-Resolute|Scald|p2a: Clefable
|-damage|p2a: Clefable|231\/394 tox
|
|-heal|p2a: Clefable|255\/394 tox|[from] item: Leftovers
|turn|16
|
|move|p1a: Keldeo-Resolute|Scald|p2a: Clefable
|-damage|p2a: Clefable|108\/394 tox
|move|p2a: Clefable|Soft-Boiled|p2a: Clefable
|-heal|p2a: Clefable|305\/394 tox
|
|-heal|p2a: Clefable|329\/394 tox|[from] item: Leftovers
|turn|17
|
|switch|p1a: Scizor|Scizor, F|301\/344 brn
|-damage|p1a: Scizor|258\/344 brn|[from] Stealth Rock
|move|p2a: Clefable|Thunder Wave|p1a: Scizor
|-fail|p1a: Scizor
|
|-heal|p1a: Scizor|279\/344 brn|[from] item: Leftovers
|-heal|p2a: Clefable|353\/394 tox|[from] item: Leftovers
|-damage|p1a: Scizor|236\/344 brn|[from] brn
|turn|18
|
|switch|p2a: Raikou|Raikou|321\/321
|-damage|p2a: Raikou|281\/321|[from] Stealth Rock
|-ability|p2a: Raikou|Pressure
|move|p1a: Scizor|Defog|p2a: Raikou
|-unboost|p2a: Raikou|evasion|1
|-sideend|p2: IHateLadderPlayers|Stealth Rock|[from] move: Defog|[of] p2a: Raikou
|-sideend|p1: poek69x|Stealth Rock|[from] move: Defog|[of] p1a: Scizor
|
|-heal|p1a: Scizor|257\/344 brn|[from] item: Leftovers
|-damage|p1a: Scizor|214\/344 brn|[from] brn
|turn|19
|
|switch|p2a: Manaphy|Manaphy|304\/359
|switch|p1a: Hippowdon|Hippowdon, F|338\/420
|
|-heal|p2a: Manaphy|326\/359|[from] item: Leftovers
|-heal|p1a: Hippowdon|364\/420|[from] item: Leftovers
|turn|20
|
|switch|p1a: Latios|Latios, M|264\/301
|move|p2a: Manaphy|Scald|p1a: Latios
|-resisted|p1a: Latios
|-damage|p1a: Latios|205\/301
|
|-heal|p2a: Manaphy|348\/359|[from] item: Leftovers
|turn|21
|
|move|p1a: Latios|Psyshock|p2a: Manaphy
|-damage|p2a: Manaphy|173\/359
|-damage|p1a: Latios|175\/301|[from] item: Life Orb
|move|p2a: Manaphy|Scald|p1a: Latios
|-resisted|p1a: Latios
|-damage|p1a: Latios|121\/301
|
|-heal|p2a: Manaphy|195\/359|[from] item: Leftovers
|turn|22
|
|switch|p2a: Clefable|Clefable, F|353\/394 tox
|move|p1a: Latios|Roost|p1a: Latios
|-heal|p1a: Latios|272\/301
|
|-heal|p2a: Clefable|377\/394 tox|[from] item: Leftovers
|turn|23
|
|switch|p1a: Scizor|Scizor, F|214\/344 brn
|move|p2a: Clefable|Stealth Rock|p1a: Scizor
|-sidestart|p1: poek69x|move: Stealth Rock
|
|-heal|p1a: Scizor|235\/344 brn|[from] item: Leftovers
|-heal|p2a: Clefable|394\/394 tox|[from] item: Leftovers
|-damage|p1a: Scizor|192\/344 brn|[from] brn
|turn|24
|
|switch|p2a: Heatran|Heatran, M|283\/323
|move|p1a: Scizor|Defog|p2a: Heatran
|-unboost|p2a: Heatran|evasion|1
|-sideend|p1: poek69x|Stealth Rock|[from] move: Defog|[of] p1a: Scizor
|
|-heal|p1a: Scizor|213\/344 brn|[from] item: Leftovers
|-damage|p1a: Scizor|170\/344 brn|[from] brn
|turn|25
|
|switch|p1a: Talonflame|Talonflame, M|202\/359
|move|p2a: Heatran|Stone Edge|p1a: Talonflame
|-supereffective|p1a: Talonflame
|-damage|p1a: Talonflame|0 fnt
|faint|p1a: Talonflame
|
|
|switch|p1a: Diancie|Diancie|257\/257
|turn|26
|
|switch|p2a: Garchomp|Garchomp, M|357\/357
|detailschange|p1a: Diancie|Diancie-Mega
|-mega|p1a: Diancie|Diancie|Diancite
|move|p1a: Diancie|Rock Polish|p1a: Diancie
|-boost|p1a: Diancie|spe|2
|
|turn|27
|
|move|p1a: Diancie|Moonblast|p2a: Garchomp
|-supereffective|p2a: Garchomp
|-damage|p2a: Garchomp|0 fnt
|faint|p2a: Garchomp
|
|
|switch|p2a: Clefable|Clefable, F|394\/394 tox
|turn|28
|
|move|p1a: Diancie|Moonblast|p2a: Clefable
|-damage|p2a: Clefable|141\/394 tox
|-unboost|p2a: Clefable|spa|1
|move|p2a: Clefable|Moonblast|p1a: Diancie
|-damage|p1a: Diancie|179\/257
|
|-heal|p2a: Clefable|165\/394 tox|[from] item: Leftovers
|turn|29
|c| Eteboth|gg nigga
|
|move|p1a: Diancie|Moonblast|p2a: Clefable
|-damage|p2a: Clefable|0 fnt
|faint|p2a: Clefable
|
|
|switch|p2a: Manaphy|Manaphy|195\/359
|turn|30
|c|âIHateLadderPlayers|gg
|c|âIHateLadderPlayers|needed a drop there
|c|âIHateLadderPlayers|unless ur naive
|
|move|p1a: Diancie|Moonblast|p2a: Manaphy
|-damage|p2a: Manaphy|0 fnt
|faint|p2a: Manaphy
|
|c|âpoek69x|u have a chance to live
|c|âIHateLadderPlayers|are you naive?
|c|âpoek69x|rash
|c|âIHateLadderPlayers|yh was a roll
|c|âIHateLadderPlayers|I can para here
|
|switch|p2a: Raikou|Raikou|281\/321
|-ability|p2a: Raikou|Pressure
|turn|31
|c|âpoek69x|but it was in my favor
|c|âIHateLadderPlayers|para\/crit raikou
|
|move|p1a: Diancie|Earth Power|p2a: Raikou
|-crit|p2a: Raikou
|-supereffective|p2a: Raikou
|-damage|p2a: Raikou|7\/321
|move|p2a: Raikou|Thunderbolt|p1a: Diancie
|-damage|p1a: Diancie|20\/257
|
|turn|32
|c| Eteboth|crit: check
|c|âpoek69x|now easy fake out
|c|âpoek69x|:[
|
|move|p1a: Diancie|Earth Power|p2a: Raikou
|-supereffective|p2a: Raikou
|-damage|p2a: Raikou|0 fnt
|faint|p2a: Raikou
|
|
|switch|p2a: Lopunny|Lopunny, M|271\/271
|turn|33
|
|detailschange|p2a: Lopunny|Lopunny-Mega, M
|-mega|p2a: Lopunny|Lopunny|Lopunnite
|move|p2a: Lopunny|Fake Out|p1a: Diancie
|-resisted|p1a: Diancie
|-damage|p1a: Diancie|0 fnt
|faint|p1a: Diancie
|
|
|switch|p1a: Keldeo-Resolute|Keldeo-Resolute|168\/323
|turn|34
|
|move|p1a: Keldeo-Resolute|Secret Sword|p2a: Lopunny
|-supereffective|p2a: Lopunny
|-damage|p2a: Lopunny|0 fnt
|faint|p2a: Lopunny
|
|
|switch|p2a: Heatran|Heatran, M|283\/323
|turn|35
|
|move|p1a: Keldeo-Resolute|Secret Sword|p2a: Heatran
|-supereffective|p2a: Heatran
|-damage|p2a: Heatran|0 fnt
|faint|p2a: Heatran
|
|win|poek69x
|raw|Ladder updating...
|c| Eteboth|you see heatran
|c|âpoek69x|stone edge predict #worth it
|raw|poek69x's rating: 1634 &rarr; <strong>1648<\/strong><br \/>(+14 for winning)
|raw|IHateLadderPlayers's rating: 1534 &rarr; <strong>1519<\/strong><br \/>(-15 for losing)
|c| Eteboth|now you don't
|c|âIHateLadderPlayers|yeah
|c|âIHateLadderPlayers|I choked
|c|âIHateLadderPlayers|there
|c|âIHateLadderPlayers|didn't realize how much
|c|âIHateLadderPlayers|diancie fucks with this team
|c|âpoek69x|gg
|c|âIHateLadderPlayers|gg
|c| Eteboth|gg
|leave|IHateLadderPlayers
|leave|Eteboth
|player|p2