|join|FreeRoamer
|join|IHateLadderPlayers
|player|p1|FreeRoamer|80
|player|p2|IHateLadderPlayers|115
|gametype|singles
|gen|6
|tier|OU
|rated
|clearpoke
|poke|p1|Bisharp, M
|poke|p1|Talonflame, F
|poke|p1|Azelf
|poke|p1|Rotom-Wash
|poke|p1|Gallade, M
|poke|p1|Azumarill, M
|poke|p2|Alakazam, F
|poke|p2|Azumarill, M
|poke|p2|Bisharp, M
|poke|p2|Garchomp, F
|poke|p2|Thundurus, M
|poke|p2|Manaphy
|rule|Swagger Clause: Swagger is banned
|rule|Baton Pass Clause: Limit one PokÃ©mon knowing Baton Pass
|rule|Sleep Clause Mod: Limit one foe put to sleep
|rule|Species Clause: Limit one of each PokÃ©mon
|rule|OHKO Clause: OHKO moves are banned
|rule|Moody Clause: Moody is banned
|rule|Evasion Moves Clause: Evasion moves are banned
|rule|Endless Battle Clause: Forcing endless battles is banned
|rule|HP Percentage Mod: HP is shown in percentages
|teampreview
|
|start
|switch|p1a: Azelf|Azelf|291\/291
|switch|p2a: Alakazam|Alakazam, F|251\/251
|turn|1
|
|detailschange|p2a: Alakazam|Alakazam-Mega, F
|-mega|p2a: Alakazam|Alakazam|Alakazite
|-ability|p2a: Alakazam|Levitate|[from] ability: Trace|[of] p1a: Azelf
|move|p2a: Alakazam|Substitute|p2a: Alakazam
|-start|p2a: Alakazam|Substitute
|-damage|p2a: Alakazam|189\/251
|move|p1a: Azelf|Stealth Rock|p2a: Alakazam
|-sidestart|p2: IHateLadderPlayers|move: Stealth Rock
|
|turn|2
|
|move|p2a: Alakazam|Shadow Ball|p1a: Azelf
|-supereffective|p1a: Azelf
|-enditem|p1a: Azelf|Focus Sash
|-damage|p1a: Azelf|1\/291
|move|p1a: Azelf|Fire Blast|p2a: Alakazam
|-end|p2a: Alakazam|Substitute
|
|turn|3
|join|Black+Schwan
|
|move|p2a: Alakazam|Psyshock|p1a: Azelf
|-resisted|p1a: Azelf
|-damage|p1a: Azelf|0 fnt
|faint|p1a: Azelf
|
|join|Mega P1kachu
|
|switch|p1a: Talonflame|Talonflame, F|359\/359
|turn|4
|
|switch|p2a: Manaphy|Manaphy|359\/359
|-damage|p2a: Manaphy|315\/359|[from] Stealth Rock
|move|p1a: Talonflame|Brave Bird|p2a: Manaphy
|-damage|p2a: Manaphy|206\/359
|-damage|p1a: Talonflame|323\/359|[from] recoil|[of] p2a: Manaphy
|
|-heal|p1a: Talonflame|345\/359|[from] item: Leftovers
|-heal|p2a: Manaphy|228\/359|[from] item: Leftovers
|turn|5
|
|switch|p1a: Rotom-Wash|Rotom-Wash|304\/304
|move|p2a: Manaphy|Energy Ball|p1a: Rotom-Wash
|-supereffective|p1a: Rotom-Wash
|-damage|p1a: Rotom-Wash|126\/304
|
|-heal|p2a: Manaphy|250\/359|[from] item: Leftovers
|-heal|p1a: Rotom-Wash|145\/304|[from] item: Leftovers
|turn|6
|
|move|p2a: Manaphy|Energy Ball|p1a: Rotom-Wash
|-supereffective|p1a: Rotom-Wash
|-damage|p1a: Rotom-Wash|0 fnt
|faint|p1a: Rotom-Wash
|
|-heal|p2a: Manaphy|272\/359|[from] item: Leftovers
|c| Mega P1kachu|lil manaphy
|
|switch|p1a: Gallade|Gallade, M|277\/277
|turn|7
|c| Black+Schwan|wrecking house
|
|detailschange|p1a: Gallade|Gallade-Mega, M
|-mega|p1a: Gallade|Gallade|Galladite
|move|p2a: Manaphy|Scald|p1a: Gallade
|-damage|p1a: Gallade|162\/277
|move|p1a: Gallade|Swords Dance|p1a: Gallade
|-boost|p1a: Gallade|atk|2
|
|-heal|p2a: Manaphy|294\/359|[from] item: Leftovers
|turn|8
|
|move|p1a: Gallade|Zen Headbutt|p2a: Manaphy
|-damage|p2a: Manaphy|0 fnt
|faint|p2a: Manaphy
|
|
|switch|p2a: Bisharp|Bisharp, M|271\/271
|-damage|p2a: Bisharp|255\/271|[from] Stealth Rock
|turn|9
|
|switch|p1a: Talonflame|Talonflame, F|345\/359
|move|p2a: Bisharp|Iron Head|p1a: Talonflame
|-resisted|p1a: Talonflame
|-damage|p1a: Talonflame|225\/359
|-damage|p2a: Bisharp|228\/271|[from] item: Life Orb
|
|-heal|p1a: Talonflame|247\/359|[from] item: Leftovers
|turn|10
|
|switch|p2a: Garchomp|Garchomp, F|357\/357
|-damage|p2a: Garchomp|335\/357|[from] Stealth Rock
|move|p1a: Talonflame|Will-O-Wisp|p2a: Garchomp
|-status|p2a: Garchomp|brn
|-enditem|p2a: Garchomp|Lum Berry|[eat]
|-curestatus|p2a: Garchomp|brn
|
|-heal|p1a: Talonflame|269\/359|[from] item: Leftovers
|turn|11
|
|move|p1a: Talonflame|Will-O-Wisp|p2a: Garchomp
|-status|p2a: Garchomp|brn
|move|p2a: Garchomp|Stealth Rock|p1a: Talonflame
|-sidestart|p1: FreeRoamer|move: Stealth Rock
|
|-heal|p1a: Talonflame|291\/359|[from] item: Leftovers
|-damage|p2a: Garchomp|291\/357 brn|[from] brn
|turn|12
|
|move|p1a: Talonflame|Bulk Up|p1a: Talonflame
|-boost|p1a: Talonflame|atk|1
|-boost|p1a: Talonflame|def|1
|move|p2a: Garchomp|Swords Dance|p2a: Garchomp
|-boost|p2a: Garchomp|atk|2
|
|-heal|p1a: Talonflame|313\/359|[from] item: Leftovers
|-damage|p2a: Garchomp|247\/357 brn|[from] brn
|turn|13
|
|move|p1a: Talonflame|Bulk Up|p1a: Talonflame
|-boost|p1a: Talonflame|atk|1
|-boost|p1a: Talonflame|def|1
|move|p2a: Garchomp|Dragon Claw|p1a: Talonflame
|-damage|p1a: Talonflame|222\/359
|
|-heal|p1a: Talonflame|244\/359|[from] item: Leftovers
|-damage|p2a: Garchomp|203\/357 brn|[from] brn
|turn|14
|join|Murderator
|
|move|p1a: Talonflame|Bulk Up|p1a: Talonflame
|-boost|p1a: Talonflame|atk|1
|-boost|p1a: Talonflame|def|1
|move|p2a: Garchomp|Dragon Claw|p1a: Talonflame
|-damage|p1a: Talonflame|169\/359
|
|-heal|p1a: Talonflame|191\/359|[from] item: Leftovers
|-damage|p2a: Garchomp|159\/357 brn|[from] brn
|turn|15
|
|move|p1a: Talonflame|Bulk Up|p1a: Talonflame
|-boost|p1a: Talonflame|atk|1
|-boost|p1a: Talonflame|def|1
|move|p2a: Garchomp|Earthquake|p1a: Talonflame
|-immune|p1a: Talonflame|[msg]
|
|-heal|p1a: Talonflame|213\/359|[from] item: Leftovers
|-damage|p2a: Garchomp|115\/357 brn|[from] brn
|turn|16
|
|move|p1a: Talonflame|Bulk Up|p1a: Talonflame
|-boost|p1a: Talonflame|atk|1
|-boost|p1a: Talonflame|def|1
|move|p2a: Garchomp|Dragon Claw|p1a: Talonflame
|-damage|p1a: Talonflame|162\/359
|
|-heal|p1a: Talonflame|184\/359|[from] item: Leftovers
|-damage|p2a: Garchomp|71\/357 brn|[from] brn
|turn|17
|
|move|p1a: Talonflame|Bulk Up|p1a: Talonflame
|-boost|p1a: Talonflame|atk|1
|-boost|p1a: Talonflame|def|1
|move|p2a: Garchomp|Dragon Claw|p1a: Talonflame
|-damage|p1a: Talonflame|138\/359
|
|-heal|p1a: Talonflame|160\/359|[from] item: Leftovers
|-damage|p2a: Garchomp|27\/357 brn|[from] brn
|turn|18
|
|move|p1a: Talonflame|Roost|p1a: Talonflame
|-heal|p1a: Talonflame|340\/359
|move|p2a: Garchomp|Earthquake|p1a: Talonflame
|-supereffective|p1a: Talonflame
|-damage|p1a: Talonflame|218\/359
|
|-heal|p1a: Talonflame|240\/359|[from] item: Leftovers
|-damage|p2a: Garchomp|0 fnt|[from] brn
|faint|p2a: Garchomp
|
|switch|p2a: Thundurus|Thundurus, M|299\/299
|-damage|p2a: Thundurus|225\/299|[from] Stealth Rock
|turn|19
|
|move|p2a: Thundurus|Thunder Wave|p1a: Talonflame
|-status|p1a: Talonflame|par
|cant|p1a: Talonflame|par
|
|-heal|p1a: Talonflame|262\/359 par|[from] item: Leftovers
|turn|20
|
|cant|p1a: Talonflame|par
|move|p2a: Thundurus|Thunderbolt|p1a: Talonflame
|-supereffective|p1a: Talonflame
|-damage|p1a: Talonflame|0 fnt
|-damage|p2a: Thundurus|196\/299|[from] item: Life Orb
|faint|p1a: Talonflame
|
|c|âIHateLadderPlayers|sry
|c|âFreeRoamer|are you serious
|c|âFreeRoamer|like
|c|âFreeRoamer|nah thats bs
|
|switch|p1a: Bisharp|Bisharp, M|271\/271
|-damage|p1a: Bisharp|255\/271|[from] Stealth Rock
|turn|21
|c|âIHateLadderPlayers|I tilted from 1800 to here from hax so I'm not all too sry
|c|âFreeRoamer|lol
|c|âFreeRoamer|what have i got to do with that
|c|âIHateLadderPlayers|but that wasn;'t ur fault
|c|âIHateLadderPlayers|yeah
|c|âIHateLadderPlayers|:[
|c|âIHateLadderPlayers|sorry
|
|move|p2a: Thundurus|Thunderbolt|p1a: Bisharp
|-crit|p1a: Bisharp
|-damage|p1a: Bisharp|0 fnt
|-damage|p2a: Thundurus|167\/299|[from] item: Life Orb
|faint|p1a: Bisharp
|
|c|âIHateLadderPlayers|:\/
|c|âFreeRoamer|whatever
|c|âFreeRoamer|piece of shit
|c|âFreeRoamer|game
|c|âFreeRoamer|not you
|-message|FreeRoamer forfeited.
|
|win|IHateLadderPlayers
|raw|Ladder updating...
|c|âIHateLadderPlayers|lol
|c|âIHateLadderPlayers|sry again
|raw|FreeRoamer's rating: 1570 &rarr; <strong>1556<\/strong><br \/>(-14 for losing)
|raw|IHateLadderPlayers's rating: 1667 &rarr; <strong>1681<\/strong><br \/>(+14 for winning)
|leave|IHateLadderPlayers
|player|p2
|leave|Black+Schwan
|leave|Mega P1kachu