|join|Example1925
|join|alsbucket
|player|p1|Example1925|137
|player|p2|alsbucket|265
|gametype|singles
|gen|6
|tier|OU (suspect test)
|rated
|clearpoke
|poke|p1|Chansey, F
|poke|p1|Clefable, M
|poke|p1|Slowbro, F
|poke|p1|Ferrothorn, F
|poke|p1|Heatran, F
|poke|p1|Sableye, M
|poke|p2|Lopunny, M
|poke|p2|Landorus-Therian, M
|poke|p2|Rotom-Wash
|poke|p2|Weavile, M
|poke|p2|Gothitelle, F
|poke|p2|Clefable, M
|rule|Swagger Clause: Swagger is banned
|rule|Baton Pass Clause: Limit one PokÃ©mon knowing Baton Pass
|rule|Sleep Clause Mod: Limit one foe put to sleep
|rule|Species Clause: Limit one of each PokÃ©mon
|rule|OHKO Clause: OHKO moves are banned
|rule|Moody Clause: Moody is banned
|rule|Evasion Moves Clause: Evasion moves are banned
|rule|Endless Battle Clause: Forcing endless battles is banned
|rule|HP Percentage Mod: HP is shown in percentages
|teampreview
|
|start
|switch|p1a: Sableye|Sableye, M|304\/304
|switch|p2a: Gothitelle|Gothitelle, F|344\/344
|turn|1
|
|switch|p1a: Heatran|Heatran, F|386\/386
|move|p2a: Gothitelle|Thunder Wave|p1a: Heatran
|-status|p1a: Heatran|par
|
|turn|2
|c|âalsbucket|very tanky team
|
|move|p2a: Gothitelle|Light Screen|p2a: Gothitelle
|-sidestart|p2: alsbucket|move: Light Screen
|move|p1a: Heatran|Lava Plume|p2a: Gothitelle
|-damage|p2a: Gothitelle|307\/344
|-status|p2a: Gothitelle|brn
|
|-damage|p2a: Gothitelle|264\/344 brn|[from] brn
|turn|3
|
|move|p2a: Gothitelle|Reflect|p2a: Gothitelle
|-sidestart|p2: alsbucket|Reflect
|move|p1a: Heatran|Stealth Rock|p2a: Gothitelle
|-sidestart|p2: alsbucket|move: Stealth Rock
|
|-damage|p2a: Gothitelle|221\/344 brn|[from] brn
|turn|4
|
|switch|p2a: Rotom-Wash|Rotom-Wash|241\/241
|-damage|p2a: Rotom-Wash|211\/241|[from] Stealth Rock
|move|p1a: Heatran|Toxic|p2a: Rotom-Wash
|-status|p2a: Rotom-Wash|tox
|
|-damage|p2a: Rotom-Wash|196\/241 tox|[from] psn
|turn|5
|
|switch|p1a: Clefable|Clefable, M|394\/394
|move|p2a: Rotom-Wash|Trick|p1a: Clefable
|-activate|p2a: Rotom-Wash|move: Trick|[of] p1a: Clefable
|-item|p1a: Clefable|Choice Scarf|[from] move: Trick
|-item|p2a: Rotom-Wash|Leftovers|[from] move: Trick
|
|-heal|p2a: Rotom-Wash|211\/241 tox|[from] item: Leftovers
|-damage|p2a: Rotom-Wash|181\/241 tox|[from] psn
|turn|6
|
|move|p2a: Rotom-Wash|Volt Switch|p1a: Clefable
|-damage|p1a: Clefable|307\/394
|
|switch|p2a: Landorus-Therian|Landorus-Therian, M|381\/381
|-damage|p2a: Landorus-Therian|334\/381|[from] Stealth Rock
|-ability|p2a: Landorus-Therian|Intimidate|[of] p1a: Clefable
|-unboost|p1a: Clefable|atk|1
|move|p1a: Clefable|Moonblast|p2a: Landorus-Therian
|-damage|p2a: Landorus-Therian|270\/381
|-unboost|p2a: Landorus-Therian|spa|1
|
|turn|7
|
|switch|p1a: Ferrothorn|Ferrothorn, F|352\/352
|move|p2a: Landorus-Therian|Earthquake|p1a: Ferrothorn
|-damage|p1a: Ferrothorn|232\/352
|
|-heal|p1a: Ferrothorn|254\/352|[from] item: Leftovers
|turn|8
|
|move|p2a: Landorus-Therian|U-turn|p1a: Ferrothorn
|-crit|p1a: Ferrothorn
|-damage|p1a: Ferrothorn|172\/352
|-damage|p2a: Landorus-Therian|223\/381|[from] ability: Iron Barbs|[of] p1a: Ferrothorn
|
|switch|p2a: Lopunny|Lopunny, M|271\/271
|-damage|p2a: Lopunny|238\/271|[from] Stealth Rock
|move|p1a: Ferrothorn|Spikes|p2a: Lopunny
|-sidestart|p2: alsbucket|Spikes
|
|-heal|p1a: Ferrothorn|194\/352|[from] item: Leftovers
|turn|9
|
|detailschange|p2a: Lopunny|Lopunny-Mega, M
|-mega|p2a: Lopunny|Lopunny|Lopunnite
|move|p1a: Ferrothorn|Protect|p1a: Ferrothorn
|-singleturn|p1a: Ferrothorn|Protect
|move|p2a: Lopunny|High Jump Kick|p1a: Ferrothorn
|-activate|p1a: Ferrothorn|Protect
|-damage|p2a: Lopunny|103\/271|[from] highjumpkick
|
|-heal|p1a: Ferrothorn|216\/352|[from] item: Leftovers
|-sideend|p2: alsbucket|move: Light Screen
|turn|10
|
|switch|p1a: Slowbro|Slowbro, F|394\/394
|move|p2a: Lopunny|High Jump Kick|p1a: Slowbro
|-resisted|p1a: Slowbro
|-damage|p1a: Slowbro|310\/394
|
|-heal|p1a: Slowbro|334\/394|[from] item: Leftovers
|-sideend|p2: alsbucket|Reflect
|turn|11
|
|move|p2a: Lopunny|Return|p1a: Slowbro
|-damage|p1a: Slowbro|217\/394
|move|p1a: Slowbro|Scald|p2a: Lopunny
|-damage|p2a: Lopunny|10\/271
|
|-heal|p1a: Slowbro|241\/394|[from] item: Leftovers
|turn|12
|
|move|p2a: Lopunny|Return|p1a: Slowbro
|-damage|p1a: Slowbro|121\/394
|move|p1a: Slowbro|Scald|p2a: Lopunny
|-damage|p2a: Lopunny|0 fnt
|faint|p2a: Lopunny
|
|-heal|p1a: Slowbro|145\/394|[from] item: Leftovers
|
|switch|p2a: Landorus-Therian|Landorus-Therian, M|223\/381
|-damage|p2a: Landorus-Therian|176\/381|[from] Stealth Rock
|-ability|p2a: Landorus-Therian|Intimidate|[of] p1a: Slowbro
|-unboost|p1a: Slowbro|atk|1
|turn|13
|
|move|p2a: Landorus-Therian|Knock Off|p1a: Slowbro
|-supereffective|p1a: Slowbro
|-damage|p1a: Slowbro|0 fnt
|-enditem|p1a: Slowbro|Leftovers|[from] move: Knock Off|[of] p2a: Landorus-Therian
|faint|p1a: Slowbro
|
|
|switch|p1a: Sableye|Sableye, M|304\/304
|turn|14
|
|switch|p2a: Rotom-Wash|Rotom-Wash|181\/241 tox
|-damage|p2a: Rotom-Wash|151\/241 tox|[from] Stealth Rock
|move|p1a: Sableye|Will-O-Wisp|p2a: Rotom-Wash
|-fail|p2a: Rotom-Wash
|
|-heal|p2a: Rotom-Wash|166\/241 tox|[from] item: Leftovers
|-damage|p2a: Rotom-Wash|151\/241 tox|[from] psn
|turn|15
|
|detailschange|p1a: Sableye|Sableye-Mega, M
|-mega|p1a: Sableye|Sableye|Sablenite
|move|p2a: Rotom-Wash|Hydro Pump|p1a: Sableye|[miss]
|-miss|p2a: Rotom-Wash|p1a: Sableye
|move|p1a: Sableye|Dark Pulse|p2a: Rotom-Wash
|-damage|p2a: Rotom-Wash|78\/241 tox
|
|-heal|p2a: Rotom-Wash|93\/241 tox|[from] item: Leftovers
|-damage|p2a: Rotom-Wash|63\/241 tox|[from] psn
|turn|16
|
|move|p2a: Rotom-Wash|Hydro Pump|p1a: Sableye
|-damage|p1a: Sableye|159\/304
|move|p1a: Sableye|Calm Mind|p1a: Sableye
|-boost|p1a: Sableye|spa|1
|-boost|p1a: Sableye|spd|1
|
|-heal|p2a: Rotom-Wash|78\/241 tox|[from] item: Leftovers
|-damage|p2a: Rotom-Wash|33\/241 tox|[from] psn
|turn|17
|
|move|p2a: Rotom-Wash|Will-O-Wisp|p1a: Sableye
|move|p1a: Sableye|Will-O-Wisp|p2a: Rotom-Wash|[from]Magic Bounce
|-fail|p2a: Rotom-Wash
|move|p1a: Sableye|Recover|p1a: Sableye
|-heal|p1a: Sableye|304\/304
|
|-heal|p2a: Rotom-Wash|48\/241 tox|[from] item: Leftovers
|-damage|p2a: Rotom-Wash|0 fnt|[from] psn
|faint|p2a: Rotom-Wash
|
|switch|p2a: Clefable|Clefable, M|393\/393
|turn|18
|
|switch|p1a: Heatran|Heatran, F|386\/386 par
|move|p2a: Clefable|Moonblast|p1a: Heatran
|-resisted|p1a: Heatran
|-damage|p1a: Heatran|354\/386 par
|
|-heal|p1a: Heatran|378\/386 par|[from] item: Leftovers
|turn|19
|
|switch|p2a: Landorus-Therian|Landorus-Therian, M|176\/381
|-damage|p2a: Landorus-Therian|129\/381|[from] Stealth Rock
|-ability|p2a: Landorus-Therian|Intimidate|[of] p1a: Heatran
|-unboost|p1a: Heatran|atk|1
|cant|p1a: Heatran|par
|
|-heal|p1a: Heatran|386\/386 par|[from] item: Leftovers
|turn|20
|
|switch|p1a: Sableye|Sableye-Mega, M|304\/304
|move|p2a: Landorus-Therian|Knock Off|p1a: Sableye
|-damage|p1a: Sableye|252\/304
|
|turn|21
|
|move|p2a: Landorus-Therian|U-turn|p1a: Sableye
|-damage|p1a: Sableye|192\/304
|
|switch|p2a: Weavile|Weavile, M|281\/281
|-damage|p2a: Weavile|211\/281|[from] Stealth Rock
|-damage|p2a: Weavile|176\/281|[from] Spikes
|-ability|p2a: Weavile|Pressure
|move|p1a: Sableye|Dark Pulse|p2a: Weavile
|-resisted|p2a: Weavile
|-damage|p2a: Weavile|131\/281
|
|turn|22
|
|move|p2a: Weavile|Night Slash|p1a: Sableye
|-damage|p1a: Sableye|98\/304
|-damage|p2a: Weavile|103\/281|[from] item: Life Orb
|move|p1a: Sableye|Recover|p1a: Sableye
|-heal|p1a: Sableye|250\/304
|
|turn|23
|c|âalsbucket|i like your team
|
|move|p2a: Weavile|Night Slash|p1a: Sableye
|-damage|p1a: Sableye|151\/304
|-damage|p2a: Weavile|75\/281|[from] item: Life Orb
|move|p1a: Sableye|Recover|p1a: Sableye
|-heal|p1a: Sableye|303\/304
|
|turn|24
|c|âExample1925|thanks
|
|move|p2a: Weavile|Night Slash|p1a: Sableye
|-crit|p1a: Sableye
|-damage|p1a: Sableye|165\/304
|-damage|p2a: Weavile|47\/281|[from] item: Life Orb
|move|p1a: Sableye|Dark Pulse|p2a: Weavile
|-crit|p2a: Weavile
|-resisted|p2a: Weavile
|-damage|p2a: Weavile|0 fnt
|faint|p2a: Weavile
|
|c|âalsbucket|what are the specs on slowbro
|
|switch|p2a: Clefable|Clefable, M|393\/393
|turn|25
|c|âExample1925|it is not specs
|c|âalsbucket|no i mean its stats
|
|switch|p1a: Heatran|Heatran, F|386\/386 par
|move|p2a: Clefable|Moonblast|p1a: Heatran
|-resisted|p1a: Heatran
|-damage|p1a: Heatran|355\/386 par
|
|-heal|p1a: Heatran|379\/386 par|[from] item: Leftovers
|turn|26
|c|âalsbucket|EV spread
|c|âExample1925|max HP max DEF
|c|âalsbucket|ah gotcha
|
|switch|p2a: Landorus-Therian|Landorus-Therian, M|129\/381
|-damage|p2a: Landorus-Therian|82\/381|[from] Stealth Rock
|-ability|p2a: Landorus-Therian|Intimidate|[of] p1a: Heatran
|-unboost|p1a: Heatran|atk|1
|move|p1a: Heatran|Lava Plume|p2a: Landorus-Therian
|-damage|p2a: Landorus-Therian|0 fnt
|faint|p2a: Landorus-Therian
|
|-heal|p1a: Heatran|386\/386 par|[from] item: Leftovers
|c|âalsbucket|nature? bold?
|c|âExample1925|yes
|
|switch|p2a: Clefable|Clefable, M|393\/393
|turn|27
|c|âalsbucket|well this is gg for me
|c|âExample1925|gg
|
|move|p2a: Clefable|Ice Beam|p1a: Heatran
|-resisted|p1a: Heatran
|-damage|p1a: Heatran|364\/386 par
|move|p1a: Heatran|Lava Plume|p2a: Clefable
|-crit|p2a: Clefable
|-damage|p2a: Clefable|210\/393
|-status|p2a: Clefable|brn
|
|-heal|p1a: Heatran|386\/386 par|[from] item: Leftovers
|turn|28
|
|move|p2a: Clefable|Ice Beam|p1a: Heatran
|-resisted|p1a: Heatran
|-damage|p1a: Heatran|365\/386 par
|move|p1a: Heatran|Lava Plume|p2a: Clefable
|-damage|p2a: Clefable|83\/393 brn
|
|-heal|p1a: Heatran|386\/386 par|[from] item: Leftovers
|turn|29
|
|move|p2a: Clefable|Moonblast|p1a: Heatran
|-resisted|p1a: Heatran
|-damage|p1a: Heatran|350\/386 par
|move|p1a: Heatran|Lava Plume|p2a: Clefable
|-damage|p2a: Clefable|0 fnt
|faint|p2a: Clefable
|
|-heal|p1a: Heatran|374\/386 par|[from] item: Leftovers
|
|switch|p2a: Gothitelle|Gothitelle, F|221\/344 brn
|-damage|p2a: Gothitelle|178\/344 brn|[from] Stealth Rock
|-damage|p2a: Gothitelle|135\/344 brn|[from] Spikes
|turn|30
|
|move|p2a: Gothitelle|Psychic|p1a: Heatran
|-resisted|p1a: Heatran
|-damage|p1a: Heatran|337\/386 par
|move|p1a: Heatran|Lava Plume|p2a: Gothitelle
|-damage|p2a: Gothitelle|54\/344 brn
|
|-heal|p1a: Heatran|361\/386 par|[from] item: Leftovers
|-damage|p2a: Gothitelle|11\/344 brn|[from] brn
|turn|31
|
|move|p2a: Gothitelle|Psychic|p1a: Heatran
|-resisted|p1a: Heatran
|-damage|p1a: Heatran|327\/386 par
|move|p1a: Heatran|Lava Plume|p2a: Gothitelle
|-damage|p2a: Gothitelle|0 fnt
|faint|p2a: Gothitelle
|
|win|Example1925
|raw|Ladder updating...
|raw|Example1925's rating: 1342 &rarr; <strong>1357<\/strong><br \/>(+15 for winning)
|raw|alsbucket's rating: 1255 &rarr; <strong>1236<\/strong><br \/>(-19 for losing)