|join|captain fuccboi420
|join|Hugg Wild
|player|p1|captain fuccboi420|265
|player|p2|Hugg Wild|125
|gametype|singles
|gen|6
|tier|UU
|rated
|rule|Sleep Clause Mod: Limit one foe put to sleep
|rule|Species Clause: Limit one of each PokÃ©mon
|rule|OHKO Clause: OHKO moves are banned
|rule|Moody Clause: Moody is banned
|rule|Evasion Moves Clause: Evasion moves are banned
|rule|Endless Battle Clause: Forcing endless battles is banned
|rule|HP Percentage Mod: HP is shown in percentages
|clearpoke
|poke|p1|Swampert, M
|poke|p1|Celebi
|poke|p1|Entei, shiny
|poke|p1|Forretress, F
|poke|p1|Mienshao, M
|poke|p1|Hydreigon, F
|poke|p2|Sharpedo, F
|poke|p2|Machamp, F
|poke|p2|Reuniclus, F, shiny
|poke|p2|Froslass, F
|poke|p2|Swampert, M
|poke|p2|Spiritomb, F, shiny
|rule|Swagger Clause: Swagger is banned
|rule|Baton Pass Clause: Limit one PokÃ©mon knowing Baton Pass
|teampreview
|
|start
|switch|p1a: Entei|Entei, shiny|372\/372
|switch|p2a: Froslass|Froslass, F|344\/344
|-ability|p1a: Entei|Pressure
|turn|1
|
|move|p2a: Froslass|Spikes|p1a: Entei
|-sidestart|p1: captain fuccboi420|Spikes
|move|p1a: Entei|Sacred Fire|p2a: Froslass
|-supereffective|p2a: Froslass
|-enditem|p2a: Froslass|Focus Sash
|-damage|p2a: Froslass|1\/344
|-status|p2a: Froslass|brn
|
|-damage|p2a: Froslass|0 fnt|[from] brn
|faint|p2a: Froslass
|
|switch|p2a: Swampert|Swampert, M|403\/403
|turn|2
|
|switch|p1a: Swampert|Swampert, M|404\/404
|-damage|p1a: Swampert|354\/404|[from] Spikes
|move|p2a: Swampert|Stealth Rock|p1a: Swampert
|-sidestart|p1: captain fuccboi420|move: Stealth Rock
|
|-heal|p1a: Swampert|379\/404|[from] item: Leftovers
|turn|3
|
|switch|p2a: Machamp|Machamp, F|364\/364
|move|p1a: Swampert|Stealth Rock|p2a: Machamp
|-sidestart|p2: Hugg Wild|move: Stealth Rock
|
|-heal|p1a: Swampert|404\/404|[from] item: Leftovers
|turn|4
|
|switch|p1a: Forretress|Forretress, F|354\/354
|-damage|p1a: Forretress|310\/354|[from] Spikes
|-damage|p1a: Forretress|266\/354|[from] Stealth Rock
|move|p2a: Machamp|Knock Off|p1a: Forretress
|-damage|p1a: Forretress|190\/354
|-enditem|p1a: Forretress|Leftovers|[from] move: Knock Off|[of] p2a: Machamp
|
|turn|5
|
|switch|p2a: Spiritomb|Spiritomb, F, shiny|294\/294
|-damage|p2a: Spiritomb|258\/294|[from] Stealth Rock
|move|p1a: Forretress|Volt Switch|p2a: Spiritomb
|-crit|p2a: Spiritomb
|-damage|p2a: Spiritomb|205\/294
|
|switch|p1a: Entei|Entei, shiny|372\/372
|-damage|p1a: Entei|279\/372|[from] Stealth Rock
|-damage|p1a: Entei|233\/372|[from] Spikes
|-ability|p1a: Entei|Pressure
|
|turn|6
|
|switch|p2a: Swampert|Swampert, M|403\/403
|-damage|p2a: Swampert|378\/403|[from] Stealth Rock
|move|p1a: Entei|Sacred Fire|p2a: Swampert|[miss]
|-miss|p1a: Entei|p2a: Swampert
|
|-heal|p2a: Swampert|403\/403|[from] item: Leftovers
|turn|7
|
|switch|p1a: Celebi|Celebi|404\/404
|-damage|p1a: Celebi|354\/404|[from] Stealth Rock
|-damage|p1a: Celebi|304\/404|[from] Spikes
|move|p2a: Swampert|Scald|p1a: Celebi
|-resisted|p1a: Celebi
|-damage|p1a: Celebi|277\/404
|-status|p1a: Celebi|brn
|
|-heal|p1a: Celebi|302\/404 brn|[from] item: Leftovers
|-damage|p1a: Celebi|252\/404 brn|[from] brn
|turn|8
|
|switch|p2a: Reuniclus|Reuniclus, F, shiny|409\/409
|move|p1a: Celebi|U-turn|p2a: Reuniclus
|-supereffective|p2a: Reuniclus
|-damage|p2a: Reuniclus|339\/409
|
|switch|p1a: Mienshao|Mienshao, M|271\/271
|-damage|p1a: Mienshao|255\/271|[from] Stealth Rock
|-damage|p1a: Mienshao|222\/271|[from] Spikes
|
|turn|9
|
|move|p1a: Mienshao|Fake Out|p2a: Reuniclus
|-damage|p2a: Reuniclus|269\/409
|-damage|p1a: Mienshao|195\/271|[from] item: Life Orb
|cant|p2a: Reuniclus|flinch
|
|turn|10
|
|move|p1a: Mienshao|U-turn|p2a: Reuniclus
|-supereffective|p2a: Reuniclus
|-damage|p2a: Reuniclus|22\/409
|-damage|p1a: Mienshao|168\/271|[from] item: Life Orb
|
|switch|p1a: Hydreigon|Hydreigon, F|325\/325
|-damage|p1a: Hydreigon|285\/325|[from] Stealth Rock
|move|p2a: Reuniclus|Trick Room|p2a: Reuniclus
|-fieldstart|move: Trick Room|[of] p2a: Reuniclus
|
|turn|11
|
|switch|p1a: Swampert|Swampert, M|404\/404
|-damage|p1a: Swampert|354\/404|[from] Spikes
|-damage|p1a: Swampert|329\/404|[from] Stealth Rock
|move|p2a: Reuniclus|Focus Blast|p1a: Swampert
|-damage|p1a: Swampert|178\/404
|
|-heal|p1a: Swampert|203\/404|[from] item: Leftovers
|turn|12
|
|move|p2a: Reuniclus|Psyshock|p1a: Swampert
|-damage|p1a: Swampert|0 fnt
|faint|p1a: Swampert
|
|
|switch|p1a: Mienshao|Mienshao, M|258\/271
|-damage|p1a: Mienshao|225\/271|[from] Spikes
|-damage|p1a: Mienshao|209\/271|[from] Stealth Rock
|turn|13
|
|switch|p2a: Spiritomb|Spiritomb, F, shiny|205\/294
|-damage|p2a: Spiritomb|169\/294|[from] Stealth Rock
|move|p1a: Mienshao|Fake Out|p2a: Spiritomb
|-immune|p2a: Spiritomb|[msg]
|
|turn|14
|
|switch|p1a: Celebi|Celebi|252\/404
|-damage|p1a: Celebi|202\/404|[from] Spikes
|-damage|p1a: Celebi|152\/404|[from] Stealth Rock
|move|p2a: Spiritomb|Will-O-Wisp|p1a: Celebi
|-status|p1a: Celebi|brn
|
|-heal|p1a: Celebi|177\/404 brn|[from] item: Leftovers
|-damage|p1a: Celebi|127\/404 brn|[from] brn
|-fieldend|move: Trick Room
|turn|15
|
|move|p1a: Celebi|Giga Drain|p2a: Spiritomb
|-damage|p2a: Spiritomb|85\/294
|-heal|p1a: Celebi|169\/404 brn|[from] drain|[of] p2a: Spiritomb
|move|p2a: Spiritomb|Pursuit|p1a: Celebi
|-supereffective|p1a: Celebi
|-damage|p1a: Celebi|0 fnt
|faint|p1a: Celebi
|
|
|switch|p1a: Mienshao|Mienshao, M|271\/271
|-damage|p1a: Mienshao|238\/271|[from] Spikes
|-damage|p1a: Mienshao|222\/271|[from] Stealth Rock
|turn|16
|
|switch|p2a: Reuniclus|Reuniclus, F, shiny|22\/409
|move|p1a: Mienshao|U-turn|p2a: Reuniclus
|-supereffective|p2a: Reuniclus
|-damage|p2a: Reuniclus|0 fnt
|-damage|p1a: Mienshao|195\/271|[from] item: Life Orb
|faint|p2a: Reuniclus
|
|switch|p1a: Hydreigon|Hydreigon, F|285\/325
|-damage|p1a: Hydreigon|245\/325|[from] Stealth Rock
|
|
|switch|p2a: Machamp|Machamp, F|364\/364
|-damage|p2a: Machamp|342\/364|[from] Stealth Rock
|turn|17
|
|move|p1a: Hydreigon|Draco Meteor|p2a: Machamp
|-damage|p2a: Machamp|183\/364
|-unboost|p1a: Hydreigon|spa|2
|move|p2a: Machamp|Close Combat|p1a: Hydreigon
|-supereffective|p1a: Hydreigon
|-damage|p1a: Hydreigon|0 fnt
|-unboost|p2a: Machamp|def|1
|-unboost|p2a: Machamp|spd|1
|faint|p1a: Hydreigon
|
|
|switch|p1a: Mienshao|Mienshao, M|271\/271
|-damage|p1a: Mienshao|255\/271|[from] Stealth Rock
|-damage|p1a: Mienshao|222\/271|[from] Spikes
|turn|18
|
|move|p1a: Mienshao|High Jump Kick|p2a: Machamp
|-damage|p2a: Machamp|0 fnt
|-damage|p1a: Mienshao|195\/271|[from] item: Life Orb
|faint|p2a: Machamp
|
|
|switch|p2a: Sharpedo|Sharpedo, F|281\/281
|-damage|p2a: Sharpedo|246\/281|[from] Stealth Rock
|turn|19
|
|switch|p1a: Forretress|Forretress, F|190\/354
|-damage|p1a: Forretress|146\/354|[from] Stealth Rock
|-damage|p1a: Forretress|102\/354|[from] Spikes
|move|p2a: Sharpedo|Protect|p2a: Sharpedo
|-fail|p2a: Sharpedo
|
|-boost|p2a: Sharpedo|spe|1|[from] ability: Speed Boost
|turn|20
|
|detailschange|p2a: Sharpedo|Sharpedo-Mega, F
|message|Sharpedo has Mega Evolved into Mega Sharpedo!
|move|p2a: Sharpedo|Crunch|p1a: Forretress
|-damage|p1a: Forretress|0 fnt
|faint|p1a: Forretress
|
|
|switch|p1a: Entei|Entei, shiny|233\/372
|-damage|p1a: Entei|187\/372|[from] Spikes
|-damage|p1a: Entei|94\/372|[from] Stealth Rock
|-ability|p1a: Entei|Pressure
|turn|21
|
|move|p1a: Entei|Extreme Speed|p2a: Sharpedo
|-damage|p2a: Sharpedo|44\/281
|move|p2a: Sharpedo|Waterfall|p1a: Entei
|-supereffective|p1a: Entei
|-damage|p1a: Entei|0 fnt
|faint|p1a: Entei
|
|
|switch|p1a: Mienshao|Mienshao, M|271\/271
|-damage|p1a: Mienshao|255\/271|[from] Stealth Rock
|-damage|p1a: Mienshao|222\/271|[from] Spikes
|turn|22
|
|move|p2a: Sharpedo|Protect|p2a: Sharpedo
|-singleturn|p2a: Sharpedo|Protect
|move|p1a: Mienshao|Fake Out|p2a: Sharpedo
|-activate|p2a: Sharpedo|Protect
|
|turn|23
|
|move|p2a: Sharpedo|Waterfall|p1a: Mienshao
|-damage|p1a: Mienshao|0 fnt
|faint|p1a: Mienshao
|
|win|Hugg Wild
|raw|Ladder updating...
|c|âHugg Wild|gg
|raw|captain fuccboi420's rating: 1618 &rarr; <strong>1594<\/strong><br \/>(-24 for losing)
|raw|Hugg Wild's rating: 1548 &rarr; <strong>1572<\/strong><br \/>(+24 for winning)
|leave|captain fuccboi420
|player|p1