|join|Hugg Wild
|join|Camerfuct
|player|p1|Hugg Wild|125
|player|p2|Camerfuct|1
|gametype|singles
|gen|6
|tier|UU
|rated
|rule|Sleep Clause Mod: Limit one foe put to sleep
|rule|Species Clause: Limit one of each PokÃ©mon
|rule|OHKO Clause: OHKO moves are banned
|rule|Moody Clause: Moody is banned
|rule|Evasion Moves Clause: Evasion moves are banned
|rule|Endless Battle Clause: Forcing endless battles is banned
|rule|HP Percentage Mod: HP is shown in percentages
|clearpoke
|poke|p1|Sharpedo, M
|poke|p1|Machamp, F
|poke|p1|Reuniclus, F, shiny
|poke|p1|Froslass, F
|poke|p1|Swampert, M
|poke|p1|Spiritomb, M, shiny
|poke|p2|Bronzong
|poke|p2|Pangoro, M
|poke|p2|Diancie
|poke|p2|Escavalier, F
|poke|p2|Trevenant, F
|poke|p2|Camerupt, M
|rule|Swagger Clause: Swagger is banned
|rule|Baton Pass Clause: Limit one PokÃ©mon knowing Baton Pass
|teampreview
|
|start
|switch|p1a: Froslass|Froslass, F|344\/344
|switch|p2a: Trevenant|Trevenant, F|374\/374
|turn|1
|
|move|p1a: Froslass|Taunt|p2a: Trevenant
|-start|p2a: Trevenant|move: Taunt
|move|p2a: Trevenant|Wood Hammer|p1a: Froslass
|-damage|p1a: Froslass|76\/344
|-damage|p2a: Trevenant|286\/374|[from] recoil|[of] p1a: Froslass
|
|turn|2
|
|move|p1a: Froslass|Spikes|p2a: Trevenant
|-sidestart|p2: Camerfuct|Spikes
|move|p2a: Trevenant|Wood Hammer|p1a: Froslass
|-damage|p1a: Froslass|0 fnt
|-damage|p2a: Trevenant|261\/374|[from] recoil|[of] p1a: Froslass
|faint|p1a: Froslass
|
|
|switch|p1a: Spiritomb|Spiritomb, M, shiny|294\/294
|turn|3
|
|move|p1a: Spiritomb|Sucker Punch|p2a: Trevenant
|-supereffective|p2a: Trevenant
|-damage|p2a: Trevenant|0 fnt
|faint|p2a: Trevenant
|
|
|switch|p2a: Diancie|Diancie|304\/304
|-damage|p2a: Diancie|266\/304|[from] Spikes
|turn|4
|
|move|p1a: Spiritomb|Taunt|p2a: Diancie
|-start|p2a: Diancie|move: Taunt
|cant|p2a: Diancie|move: Taunt|Trick Room
|
|turn|5
|
|move|p1a: Spiritomb|Will-O-Wisp|p2a: Diancie|[miss]
|-miss|p1a: Spiritomb|p2a: Diancie
|move|p2a: Diancie|Moonblast|p1a: Spiritomb
|-supereffective|p1a: Spiritomb
|-damage|p1a: Spiritomb|0 fnt
|-damage|p2a: Diancie|236\/304|[from] item: Life Orb
|faint|p1a: Spiritomb
|
|
|switch|p1a: Machamp|Machamp, F|364\/364
|turn|6
|c|âCamerfuct|this is my dh too lol
|
|switch|p2a: Camerupt|Camerupt, M|344\/344
|-damage|p2a: Camerupt|301\/344|[from] Spikes
|move|p1a: Machamp|Heavy Slam|p2a: Camerupt
|-resisted|p2a: Camerupt
|-damage|p2a: Camerupt|265\/344
|
|turn|7
|
|detailschange|p2a: Camerupt|Camerupt-Mega, M
|message|Camerupt has Mega Evolved into Mega Camerupt!
|move|p1a: Machamp|Close Combat|p2a: Camerupt
|-damage|p2a: Camerupt|34\/344
|-unboost|p1a: Machamp|def|1
|-unboost|p1a: Machamp|spd|1
|move|p2a: Camerupt|Earth Power|p1a: Machamp
|-damage|p1a: Machamp|66\/364
|
|turn|8
|
|move|p1a: Machamp|Close Combat|p2a: Camerupt
|-damage|p2a: Camerupt|0 fnt
|-unboost|p1a: Machamp|def|1
|-unboost|p1a: Machamp|spd|1
|faint|p2a: Camerupt
|
|
|switch|p2a: Liberty Bell|Bronzong|338\/338
|turn|9
|
|move|p1a: Machamp|Knock Off|p2a: Liberty Bell
|-supereffective|p2a: Liberty Bell
|-enditem|p2a: Liberty Bell|Colbur Berry|[eat]
|-damage|p2a: Liberty Bell|245\/338
|move|p2a: Liberty Bell|Trick Room|p2a: Liberty Bell
|-fieldstart|move: Trick Room|[of] p2a: Liberty Bell
|
|turn|10
|
|switch|p1a: Reuniclus|Reuniclus, F, shiny|409\/409
|move|p2a: Liberty Bell|Earthquake|p1a: Reuniclus
|-damage|p1a: Reuniclus|320\/409
|
|turn|11
|
|move|p1a: Reuniclus|Shadow Ball|p2a: Liberty Bell
|-supereffective|p2a: Liberty Bell
|-damage|p2a: Liberty Bell|19\/338
|move|p2a: Liberty Bell|Explosion|p1a: Reuniclus
|-damage|p1a: Reuniclus|80\/409
|faint|p2a: Liberty Bell
|
|
|switch|p2a: Escavalier|Escavalier, F|344\/344
|-damage|p2a: Escavalier|301\/344|[from] Spikes
|turn|12
|
|move|p2a: Escavalier|Megahorn|p1a: Reuniclus
|-supereffective|p1a: Reuniclus
|-damage|p1a: Reuniclus|0 fnt
|faint|p1a: Reuniclus
|
|
|switch|p1a: Swampert|Swampert, M|403\/403
|turn|13
|
|move|p2a: Escavalier|Megahorn|p1a: Swampert|[miss]
|-miss|p2a: Escavalier|p1a: Swampert
|move|p1a: Swampert|Stealth Rock|p2a: Escavalier
|-sidestart|p2: Camerfuct|move: Stealth Rock
|
|-fieldend|move: Trick Room
|turn|14
|
|move|p1a: Swampert|Scald|p2a: Escavalier
|-damage|p2a: Escavalier|225\/344
|move|p2a: Escavalier|Megahorn|p1a: Swampert
|-damage|p1a: Swampert|112\/403
|
|-heal|p1a: Swampert|137\/403|[from] item: Leftovers
|turn|15
|
|move|p1a: Swampert|Scald|p2a: Escavalier
|-damage|p2a: Escavalier|152\/344
|move|p2a: Escavalier|Megahorn|p1a: Swampert
|-crit|p1a: Swampert
|-damage|p1a: Swampert|0 fnt
|faint|p1a: Swampert
|
|
|switch|p1a: Sharpedo|Sharpedo, M|281\/281
|turn|16
|
|detailschange|p1a: Sharpedo|Sharpedo-Mega, M
|message|Sharpedo has Mega Evolved into Mega Sharpedo!
|move|p1a: Sharpedo|Crunch|p2a: Escavalier
|-damage|p2a: Escavalier|0 fnt
|faint|p2a: Escavalier
|
|
|switch|p2a: FDR|Pangoro, M|394\/394
|-damage|p2a: FDR|345\/394|[from] Spikes
|-damage|p2a: FDR|321\/394|[from] Stealth Rock
|turn|17
|
|switch|p1a: Machamp|Machamp, F|66\/364
|move|p2a: FDR|Hammer Arm|p1a: Machamp
|-crit|p1a: Machamp
|-damage|p1a: Machamp|0 fnt
|-unboost|p2a: FDR|spe|1
|-damage|p2a: FDR|282\/394|[from] item: Life Orb
|faint|p1a: Machamp
|
|c|âHugg Wild|hmm
|
|switch|p1a: Sharpedo|Sharpedo-Mega, M|281\/281
|turn|18
|c|âCamerfuct|pretty sure waterfall kills
|c|âHugg Wild|I don't think so
|c|âHugg Wild|not if you've got any bulk
|c|âHugg Wild|but a flinch or a miss would definitely win
|
|move|p1a: Sharpedo|Waterfall|p2a: FDR
|-damage|p2a: FDR|87\/394
|cant|p2a: FDR|flinch
|
|turn|19
|c|âCamerfuct|there ya go
|
|move|p1a: Sharpedo|Waterfall|p2a: FDR
|-damage|p2a: FDR|0 fnt
|faint|p2a: FDR
|
|
|switch|p2a: Diancie|Diancie|236\/304
|-damage|p2a: Diancie|198\/304|[from] Stealth Rock
|-damage|p2a: Diancie|160\/304|[from] Spikes
|turn|20
|
|move|p1a: Sharpedo|Waterfall|p2a: Diancie
|-supereffective|p2a: Diancie
|-damage|p2a: Diancie|0 fnt
|faint|p2a: Diancie
|
|win|Hugg Wild
|raw|Ladder updating...
|c|âHugg Wild|kind of a shitty way to win, but gg
|c|âCamerfuct|gg
|raw|Hugg Wild's rating: 1511 &rarr; <strong>1520<\/strong><br \/>(+9 for winning)
|raw|Camerfuct's rating: 1287 &rarr; <strong>1276<\/strong><br \/>(-11 for losing)
|leave|Hugg Wild
|player|p1