|join|ZipZapZoom
|join|Hugg Wild
|player|p1|ZipZapZoom|1
|player|p2|Hugg Wild|125
|gametype|singles
|gen|6
|tier|UU
|rated
|rule|Sleep Clause Mod: Limit one foe put to sleep
|rule|Species Clause: Limit one of each PokÃ©mon
|rule|OHKO Clause: OHKO moves are banned
|rule|Moody Clause: Moody is banned
|rule|Evasion Moves Clause: Evasion moves are banned
|rule|Endless Battle Clause: Forcing endless battles is banned
|rule|HP Percentage Mod: HP is shown in percentages
|clearpoke
|poke|p1|Shiftry, F
|poke|p1|Granbull, F
|poke|p1|Xatu, F
|poke|p1|Chandelure, F
|poke|p1|Golduck, M
|poke|p1|Dragalge, F
|poke|p2|Sharpedo, F
|poke|p2|Machamp, M
|poke|p2|Reuniclus, M, shiny
|poke|p2|Froslass, F
|poke|p2|Swampert, M
|poke|p2|Spiritomb, F, shiny
|rule|Swagger Clause: Swagger is banned
|rule|Baton Pass Clause: Limit one PokÃ©mon knowing Baton Pass
|teampreview
|
|start
|switch|p1a: Golduck|Golduck, M|302\/302
|switch|p2a: Froslass|Froslass, F|344\/344
|-ability|p1a: Golduck|Cloud Nine
|turn|1
|
|move|p2a: Froslass|Spikes|p1a: Golduck
|-sidestart|p1: ZipZapZoom|Spikes
|move|p1a: Golduck|Hypnosis|p2a: Froslass|[miss]
|-miss|p1a: Golduck|p2a: Froslass
|
|turn|2
|
|move|p2a: Froslass|Taunt|p1a: Golduck
|-start|p1a: Golduck|move: Taunt
|move|p1a: Golduck|Waterfall|p2a: Froslass
|-damage|p2a: Froslass|202\/344
|-start|p1a: Golduck|Disable|Waterfall
|
|turn|3
|
|switch|p1a: Granbull|Granbull, F|384\/384
|-damage|p1a: Granbull|336\/384|[from] Spikes
|-ability|p1a: Granbull|Intimidate|[of] p2a: Froslass
|-unboost|p2a: Froslass|atk|1
|move|p2a: Froslass|Spikes|p1a: Granbull
|-sidestart|p1: ZipZapZoom|Spikes
|
|-heal|p1a: Granbull|360\/384|[from] item: Leftovers
|turn|4
|
|move|p2a: Froslass|Destiny Bond|p2a: Froslass
|-singlemove|p2a: Froslass|Destiny Bond
|move|p1a: Granbull|Toxic|p2a: Froslass
|-status|p2a: Froslass|tox
|
|-heal|p1a: Granbull|384\/384|[from] item: Leftovers
|-damage|p2a: Froslass|181\/344 tox|[from] psn
|turn|5
|
|switch|p1a: Shiftry|Shiftry, F|321\/321
|-damage|p1a: Shiftry|268\/321|[from] Spikes
|move|p2a: Froslass|Spikes|p1a: Shiftry
|-sidestart|p1: ZipZapZoom|Spikes
|
|-damage|p2a: Froslass|139\/344 tox|[from] psn
|turn|6
|
|move|p2a: Froslass|Destiny Bond|p2a: Froslass
|-singlemove|p2a: Froslass|Destiny Bond
|move|p1a: Shiftry|Swords Dance|p1a: Shiftry
|-boost|p1a: Shiftry|atk|2
|
|-damage|p2a: Froslass|76\/344 tox|[from] psn
|turn|7
|
|move|p2a: Froslass|Taunt|p1a: Shiftry
|-start|p1a: Shiftry|move: Taunt
|cant|p1a: Shiftry|move: Taunt|Swords Dance
|
|-damage|p2a: Froslass|0 fnt|[from] psn
|faint|p2a: Froslass
|
|switch|p2a: Machamp|Machamp, M|364\/364
|turn|8
|
|move|p1a: Shiftry|Leaf Blade|p2a: Machamp
|-crit|p2a: Machamp
|-damage|p2a: Machamp|0 fnt
|faint|p2a: Machamp
|
|
|switch|p2a: Sharpedo|Sharpedo, F|281\/281
|turn|9
|
|move|p2a: Sharpedo|Ice Fang|p1a: Shiftry
|-supereffective|p1a: Shiftry
|-damage|p1a: Shiftry|36\/321
|move|p1a: Shiftry|Leaf Blade|p2a: Sharpedo
|-supereffective|p2a: Sharpedo
|-damage|p2a: Sharpedo|0 fnt
|faint|p2a: Sharpedo
|
|-end|p1a: Shiftry|move: Taunt
|
|switch|p2a: Spiritomb|Spiritomb, F, shiny|283\/283
|turn|10
|
|move|p2a: Spiritomb|Sucker Punch|p1a: Shiftry
|-resisted|p1a: Shiftry
|-damage|p1a: Shiftry|0 fnt
|faint|p1a: Shiftry
|
|
|switch|p1a: Golduck|Golduck, M|302\/302
|-damage|p1a: Golduck|227\/302|[from] Spikes
|-ability|p1a: Golduck|Cloud Nine
|turn|11
|
|move|p1a: Golduck|Hypnosis|p2a: Spiritomb|[miss]
|-miss|p1a: Golduck|p2a: Spiritomb
|move|p2a: Spiritomb|Taunt|p1a: Golduck
|-start|p1a: Golduck|move: Taunt
|
|turn|12
|
|switch|p1a: Granbull|Granbull, F|384\/384
|-damage|p1a: Granbull|288\/384|[from] Spikes
|-ability|p1a: Granbull|Intimidate|[of] p2a: Spiritomb
|-unboost|p2a: Spiritomb|atk|1
|switch|p2a: Swampert|Swampert, M|403\/403
|
|-heal|p1a: Granbull|312\/384|[from] item: Leftovers
|turn|13
|
|move|p2a: Swampert|Stealth Rock|p1a: Granbull
|-sidestart|p1: ZipZapZoom|move: Stealth Rock
|move|p1a: Granbull|Toxic|p2a: Swampert
|-status|p2a: Swampert|tox
|
|-heal|p1a: Granbull|336\/384|[from] item: Leftovers
|-damage|p2a: Swampert|378\/403 tox|[from] psn
|turn|14
|
|move|p2a: Swampert|Scald|p1a: Granbull
|-crit|p1a: Granbull
|-damage|p1a: Granbull|171\/384
|-status|p1a: Granbull|brn
|move|p1a: Granbull|Play Rough|p2a: Swampert
|-damage|p2a: Swampert|329\/403 tox
|
|-heal|p2a: Swampert|354\/403 tox|[from] item: Leftovers
|-heal|p1a: Granbull|195\/384 brn|[from] item: Leftovers
|-damage|p2a: Swampert|304\/403 tox|[from] psn
|-damage|p1a: Granbull|147\/384 brn|[from] brn
|turn|15
|
|switch|p2a: Reuniclus|Reuniclus, M, shiny|409\/409
|switch|p1a: Dragalge|Dragalge, F|334\/334
|-damage|p1a: Dragalge|293\/334|[from] Stealth Rock
|-damage|p1a: Dragalge|210\/334|[from] Spikes
|
|turn|16
|
|switch|p2a: Swampert|Swampert, M|304\/403 tox
|move|p1a: Dragalge|Sludge Bomb|p2a: Swampert
|-resisted|p2a: Swampert
|-damage|p2a: Swampert|192\/403 tox
|
|-heal|p2a: Swampert|217\/403 tox|[from] item: Leftovers
|-damage|p2a: Swampert|192\/403 tox|[from] psn
|turn|17
|
|move|p1a: Dragalge|Dragon Pulse|p2a: Swampert
|-damage|p2a: Swampert|0 fnt
|faint|p2a: Swampert
|
|
|switch|p2a: Spiritomb|Spiritomb, F, shiny|283\/283
|turn|18
|
|move|p2a: Spiritomb|Sucker Punch|p1a: Dragalge
|-damage|p1a: Dragalge|57\/334
|move|p1a: Dragalge|Scald|p2a: Spiritomb
|-damage|p2a: Spiritomb|200\/283
|-status|p2a: Spiritomb|brn
|
|-damage|p2a: Spiritomb|165\/283 brn|[from] brn
|turn|19
|
|move|p2a: Spiritomb|Pursuit|p1a: Dragalge
|-damage|p1a: Dragalge|12\/334
|move|p1a: Dragalge|Dragon Pulse|p2a: Spiritomb
|-damage|p2a: Spiritomb|3\/283 brn
|
|-damage|p2a: Spiritomb|0 fnt|[from] brn
|faint|p2a: Spiritomb
|
|switch|p2a: Reuniclus|Reuniclus, M, shiny|409\/409
|turn|20
|
|move|p1a: Dragalge|Dragon Pulse|p2a: Reuniclus
|-damage|p2a: Reuniclus|211\/409
|move|p2a: Reuniclus|Trick Room|p2a: Reuniclus
|-fieldstart|move: Trick Room|[of] p2a: Reuniclus
|
|turn|21
|
|move|p2a: Reuniclus|Psyshock|p1a: Dragalge
|-supereffective|p1a: Dragalge
|-damage|p1a: Dragalge|0 fnt
|faint|p1a: Dragalge
|
|
|switch|p1a: Xatu|Xatu, F|334\/334
|-damage|p1a: Xatu|251\/334|[from] Stealth Rock
|turn|22
|
|move|p2a: Reuniclus|Shadow Ball|p1a: Xatu
|-supereffective|p1a: Xatu
|-damage|p1a: Xatu|30\/334
|-unboost|p1a: Xatu|spd|1
|move|p1a: Xatu|Roost|p1a: Xatu
|-heal|p1a: Xatu|197\/334
|
|-heal|p1a: Xatu|217\/334|[from] item: Leftovers
|turn|23
|
|move|p2a: Reuniclus|Shadow Ball|p1a: Xatu
|-supereffective|p1a: Xatu
|-damage|p1a: Xatu|0 fnt
|faint|p1a: Xatu
|
|
|switch|p1a: Granbull|Granbull, F|147\/384 brn
|-damage|p1a: Granbull|51\/384 brn|[from] Spikes
|-damage|p1a: Granbull|3\/384 brn|[from] Stealth Rock
|-ability|p1a: Granbull|Intimidate|[of] p2a: Reuniclus
|-unboost|p2a: Reuniclus|atk|1
|turn|24
|
|move|p2a: Reuniclus|Psyshock|p1a: Granbull
|-damage|p1a: Granbull|0 fnt
|faint|p1a: Granbull
|
|-fieldend|move: Trick Room
|
|switch|p1a: Chandelure|Chandelure, F|261\/261
|-damage|p1a: Chandelure|196\/261|[from] Stealth Rock
|-damage|p1a: Chandelure|131\/261|[from] Spikes
|turn|25
|
|move|p1a: Chandelure|Shadow Ball|p2a: Reuniclus
|-crit|p2a: Reuniclus
|-supereffective|p2a: Reuniclus
|-damage|p2a: Reuniclus|0 fnt
|faint|p2a: Reuniclus
|
|win|ZipZapZoom
|raw|Ladder updating...
|raw|ZipZapZoom's rating: 1047 &rarr; <strong>1075<\/strong><br \/>(+28 for winning)
|raw|Hugg Wild's rating: 1000 &rarr; <strong>1000<\/strong><br \/>(+0 for losing)
|leave|Hugg Wild
|player|p2