|join|Hugg Wild
|join|Buuskeri
|player|p1|Hugg Wild|125
|player|p2|Buuskeri|196
|gametype|singles
|gen|6
|tier|UU
|rule|Sleep Clause Mod: Limit one foe put to sleep
|rule|Species Clause: Limit one of each PokÃ©mon
|rule|OHKO Clause: OHKO moves are banned
|rule|Moody Clause: Moody is banned
|rule|Evasion Moves Clause: Evasion moves are banned
|rule|Endless Battle Clause: Forcing endless battles is banned
|rule|HP Percentage Mod: HP is shown in percentages
|clearpoke
|poke|p1|Sharpedo, F
|poke|p1|Machamp, M
|poke|p1|Reuniclus, M, shiny
|poke|p1|Froslass, F
|poke|p1|Swampert, F
|poke|p1|Spiritomb, M, shiny
|poke|p2|Hippowdon, M, shiny
|poke|p2|Amoonguss, M
|poke|p2|Krookodile, M
|poke|p2|Rotom-Heat, shiny
|poke|p2|Blastoise, F
|poke|p2|Dragalge, F, shiny
|rule|Swagger Clause: Swagger is banned
|rule|Baton Pass Clause: Limit one PokÃ©mon knowing Baton Pass
|teampreview
|join|Samsung2310
|join|Must Bee Nice
|join|LiLo383
|c| Samsung2310|**HINALS FYPE**
|join|TestingNegro
|c| Must Bee Nice|**Hinals Fype**
|c| Must Bee Nice|xdercfbghnjkngvfhj
|join|SantsDaTrillest
|join|HI THERE YOURE YOU
|c| TestingNegro|i lost when my mega aero didnt kill dragalge
|c|âHugg Wild|crap
|c|âHugg Wild|switching starmie for blast
|leave|SantsDaTrillest
|c| HI THERE YOURE YOU|idk who to cheer for haha
|c|âHugg Wild|kind of screws this team
|join|bobbyz
|c| bobbyz|WOOT
|c|âHugg Wild|gl hf
|c| bobbyz|money on buuskeri
|
|start
|switch|p1a: Froslass|Froslass, F|344\/344
|switch|p2a: Shady Krook|Krookodile, M|390\/390
|-ability|p2a: Shady Krook|Intimidate|[of] p1a: Froslass
|-unboost|p1a: Froslass|atk|1
|turn|1
|c| bobbyz|FUCK THE HUGG
|c|âBuuskeri|O.o
|join|purrl
|c| bobbyz|watch out for taunt both of youse
|
|move|p1a: Froslass|Spikes|p2a: Shady Krook
|-sidestart|p2: Buuskeri|Spikes
|move|p2a: Shady Krook|Knock Off|p1a: Froslass
|-supereffective|p1a: Froslass
|-enditem|p1a: Froslass|Focus Sash
|-damage|p1a: Froslass|1\/344
|-start|p2a: Shady Krook|Disable|Knock Off
|
|turn|2
|c| bobbyz|and destiny bond
|c| TestingNegro|^
|
|switch|p2a: Darude|Hippowdon, M, shiny|400\/400
|-damage|p2a: Darude|350\/400|[from] Spikes
|-weather|Sandstorm
|move|p1a: Froslass|Spikes|p2a: Darude
|-sidestart|p2: Buuskeri|Spikes
|
|-weather|Sandstorm|[upkeep]
|-damage|p1a: Froslass|0 fnt|[from] sandstorm
|-heal|p2a: Darude|375\/400|[from] item: Leftovers
|faint|p1a: Froslass
|c| TestingNegro|wow you really would say something lol
|c| bobbyz|that skill doe
|
|switch|p1a: Spiritomb|Spiritomb, M, shiny|294\/294
|turn|3
|c| TestingNegro|im pretty sure they know
|c| purrl|is that the godly
|c| purrl|taunt+max speed tomb
|c| bobbyz|no spinner buuskeri?
|c| bobbyz|gg
|c| TestingNegro|tise?
|c| TestingNegro|toise*
|join|DrummerVim
|c|âHugg Wild|ah, that's probably 4 attacks blast
|c| Must Bee Nice|whats a blastoise ?
|c|âBuuskeri|<.<
|c| TestingNegro|spinner
|c|âBuuskeri|>.>
|c|âBuuskeri|might be
|c|âHugg Wild|nothing to worry about
|c| bobbyz|nvm didnt see
|leave|DrummerVim
|
|move|p2a: Darude|Earthquake|p1a: Spiritomb
|-damage|p1a: Spiritomb|141\/294
|move|p1a: Spiritomb|Will-O-Wisp|p2a: Darude
|-status|p2a: Darude|brn
|
|-weather|Sandstorm|[upkeep]
|-damage|p1a: Spiritomb|123\/294|[from] sandstorm
|-heal|p2a: Darude|400\/400 brn|[from] item: Leftovers
|-damage|p2a: Darude|350\/400 brn|[from] brn
|turn|4
|c| TestingNegro|nice hippo name tho
|
|switch|p1a: Swampert|Swampert, F|403\/403
|move|p2a: Darude|Stealth Rock|p1a: Swampert
|-sidestart|p1: Hugg Wild|move: Stealth Rock
|
|-weather|Sandstorm|[upkeep]
|-heal|p2a: Darude|375\/400 brn|[from] item: Leftovers
|-damage|p2a: Darude|325\/400 brn|[from] brn
|turn|5
|c|âBuuskeri|well shiet
|c| bobbyz|amoongus the reker
|c| TestingNegro|omg
|leave|HI THERE YOURE YOU
|join|SantsDaTrillest
|c| TestingNegro|better keep almighty amoungus
|join|HI THERE YOURE YOU
|c| bobbyz|go to your spinner then after the stelth rock wreck the spiritomb
|c|âBuuskeri|let see if I made right choice
|
|move|p2a: Darude|Stealth Rock|p1a: Swampert
|-fail|p1a: Swampert
|move|p1a: Swampert|Roar|p2a: Darude
|drag|p2a: See if I care|Amoonguss, M|430\/430
|-damage|p2a: See if I care|359\/430|[from] Spikes
|
|-weather|Sandstorm|[upkeep]
|-damage|p2a: See if I care|333\/430|[from] sandstorm
|-heal|p2a: See if I care|359\/430|[from] item: Black Sludge
|turn|6
|c| Must Bee Nice|or get to the final yourself and make these plays ?
|c| bobbyz|yea
|c| Must Bee Nice|nm,
|c| bobbyz|armchair quaterback
|
|move|p1a: Swampert|Stealth Rock|p2a: See if I care
|-sidestart|p2: Buuskeri|move: Stealth Rock
|move|p2a: See if I care|Spore|p1a: Swampert
|-status|p1a: Swampert|slp
|
|-weather|none
|-heal|p2a: See if I care|385\/430|[from] item: Black Sludge
|turn|7
|c| Must Bee Nice|10\/10
|
|switch|p1a: Sharpedo|Sharpedo, F|281\/281
|-damage|p1a: Sharpedo|246\/281|[from] Stealth Rock
|switch|p2a: Pew Pew|Blastoise, F|355\/355
|-damage|p2a: Pew Pew|311\/355|[from] Stealth Rock
|-damage|p2a: Pew Pew|252\/355|[from] Spikes
|
|turn|8
|c| Must Bee Nice|m7+1
|c| bobbyz|i wouldve played in the nfl if i was taller
|c|âBuuskeri|:S
|c| Must Bee Nice|and athletic ?
|c| HI THERE YOURE YOU|will he spin ?
|c| bobbyz|and stronger and faster and played football
|c| bobbyz|thats beside the point
|c| Must Bee Nice|yes these are things
|c| TestingNegro|i wonder how much crunch does
|c| HI THERE YOURE YOU|it gets tense...
|c| bobbyz|the point is i was almost great
|
|switch|p1a: Spiritomb|Spiritomb, M, shiny|123\/294
|-damage|p1a: Spiritomb|87\/294|[from] Stealth Rock
|switch|p2a: Shady Krook|Krookodile, M|390\/390
|-damage|p2a: Shady Krook|325\/390|[from] Spikes
|-damage|p2a: Shady Krook|301\/390|[from] Stealth Rock
|-ability|p2a: Shady Krook|Intimidate|[of] p1a: Spiritomb
|-unboost|p1a: Spiritomb|atk|1
|
|-heal|p2a: Shady Krook|325\/390|[from] item: Leftovers
|turn|9
|
|move|p2a: Shady Krook|Knock Off|p1a: Spiritomb
|-damage|p1a: Spiritomb|0 fnt
|-enditem|p1a: Spiritomb|Dread Plate|[from] move: Knock Off|[of] p2a: Shady Krook
|faint|p1a: Spiritomb
|
|-heal|p2a: Shady Krook|349\/390|[from] item: Leftovers
|join|Makeishura
|
|switch|p1a: Machamp|Machamp, M|364\/364
|-damage|p1a: Machamp|342\/364|[from] Stealth Rock
|turn|10
|c|âBuuskeri|why no Black Glasses?
|c| bobbyz|why did we start saying hinals fype instead of finals hype
|c| TestingNegro|whats the difference.....
|c| Must Bee Nice|**Hinals Fype**
|c|âHugg Wild|because he's enough of a gangster on his own
|c|âHugg Wild|he doesn't need sunglasses to prove anything
|c|âBuuskeri|:D
|c| TestingNegro|dread plate sounds cooler
|c| bobbyz|FUCK THE HUGG
|c| HI THERE YOURE YOU|haha ^
|
|switch|p2a: Darude|Hippowdon, M, shiny|325\/400 brn
|-damage|p2a: Darude|259\/400 brn|[from] Spikes
|-damage|p2a: Darude|234\/400 brn|[from] Stealth Rock
|-weather|Sandstorm
|move|p1a: Machamp|Close Combat|p2a: Darude
|-damage|p2a: Darude|51\/400 brn
|-unboost|p1a: Machamp|def|1
|-unboost|p1a: Machamp|spd|1
|
|-weather|Sandstorm|[upkeep]
|-damage|p1a: Machamp|320\/364|[from] sandstorm
|-heal|p2a: Darude|76\/400 brn|[from] item: Leftovers
|-damage|p2a: Darude|26\/400 brn|[from] brn
|turn|11
|c| TestingNegro|dead
|c| TestingNegro|WHOA
|c|âBuuskeri|Darude nooo!
|c| Makeishura|best name
|c| TestingNegro|is that banded?
|c| HI THERE YOURE YOU|haha ikr
|c| bobbyz|rip darude its done its job
|
|move|p1a: Machamp|Knock Off|p2a: Darude
|-damage|p2a: Darude|0 fnt
|-enditem|p2a: Darude|Leftovers|[from] move: Knock Off|[of] p1a: Machamp
|faint|p2a: Darude
|
|-weather|Sandstorm|[upkeep]
|-damage|p1a: Machamp|298\/364|[from] sandstorm
|c| HI THERE YOURE YOU|guts ?
|c| TestingNegro|ok nvm
|c| TestingNegro|AV guts maybe
|c| Makeishura|>hippowdon but no stoutland
|c| Makeishura|am crie
|c|âBuuskeri|<- was going to go to Rotom and burn Champ
|c| HI THERE YOURE YOU|a moment of silence
|
|switch|p2a: See if I care|Amoonguss, M|430\/430
|-damage|p2a: See if I care|359\/430|[from] Spikes
|-damage|p2a: See if I care|306\/430|[from] Stealth Rock
|turn|12
|c| HI THERE YOURE YOU|yup av guts i think
|c| HI THERE YOURE YOU|but idk
|c| Makeishura|ice punch
|c| Makeishura|if real
|c| HI THERE YOURE YOU|yup
|c|âHugg Wild|nah, no guard
|c|âHugg Wild|I just don't like dynamicpunch
|join|gorex
|leave|SantsDaTrillest
|c| bobbyz|why not flame orb and guts?
|c|âHugg Wild|and I hate missing with stone edge
|c|âBuuskeri|I don't trust you
|c|âHugg Wild|I don't know why
|c|âBuuskeri|like I don't trust my mother
|c|âHugg Wild|I'm an adult
|c|âHugg Wild|you have to trust me
|c| TestingNegro|lum berry
|c| TestingNegro|lol
|c| Makeishura|lol
|c| bobbyz|its def not no guard
|c| Makeishura|sleep m8
|
|move|p1a: Machamp|Knock Off|p2a: See if I care
|-damage|p2a: See if I care|170\/430
|-enditem|p2a: See if I care|Black Sludge|[from] move: Knock Off|[of] p1a: Machamp
|move|p2a: See if I care|Foul Play|p1a: Machamp
|-crit|p1a: Machamp
|-resisted|p1a: Machamp
|-damage|p1a: Machamp|126\/364
|
|-weather|Sandstorm|[upkeep]
|-damage|p1a: Machamp|104\/364|[from] sandstorm
|-damage|p2a: See if I care|144\/430|[from] sandstorm
|turn|13
|c| Makeishura|switch into the blog
|c| Makeishura|blob*
|c| HI THERE YOURE YOU|noooooo
|
|switch|p2a: Shit is on fire|Rotom-Heat, shiny|250\/250
|-damage|p2a: Shit is on fire|188\/250|[from] Stealth Rock
|move|p1a: Machamp|Close Combat|p2a: Shit is on fire
|-damage|p2a: Shit is on fire|4\/250
|-unboost|p1a: Machamp|def|1
|-unboost|p1a: Machamp|spd|1
|
|-weather|Sandstorm|[upkeep]
|-damage|p2a: Shit is on fire|0 fnt|[from] sandstorm
|-damage|p1a: Machamp|82\/364|[from] sandstorm
|faint|p2a: Shit is on fire
|c|âHugg Wild|as you said
|c|âHugg Wild|darude did his job
|c| TestingNegro|i saw that too
|
|switch|p2a: Shady Krook|Krookodile, M|349\/390
|-damage|p2a: Shady Krook|284\/390|[from] Spikes
|-damage|p2a: Shady Krook|260\/390|[from] Stealth Rock
|-ability|p2a: Shady Krook|Intimidate|[of] p1a: Machamp
|-unboost|p1a: Machamp|atk|1
|turn|14
|
|switch|p2a: See if I care|Amoonguss, M|287\/430
|-damage|p2a: See if I care|234\/430|[from] Stealth Rock
|-damage|p2a: See if I care|163\/430|[from] Spikes
|switch|p1a: Swampert|Swampert, F|403\/403 slp
|-damage|p1a: Swampert|378\/403 slp|[from] Stealth Rock
|
|-weather|none
|-heal|p1a: Swampert|403\/403 slp|[from] item: Leftovers
|turn|15
|c| HI THERE YOURE YOU|the switch...
|c| TestingNegro|if thats megapedo
|c| TestingNegro|than he just wins
|
|switch|p1a: Sharpedo|Sharpedo, F|246\/281
|-damage|p1a: Sharpedo|211\/281|[from] Stealth Rock
|move|p2a: See if I care|Synthesis|p2a: See if I care
|-heal|p2a: See if I care|378\/430
|
|turn|16
|c| bobbyz|it is i think
|
|switch|p2a: Shady Krook|Krookodile, M|260\/390
|-damage|p2a: Shady Krook|195\/390|[from] Spikes
|-damage|p2a: Shady Krook|171\/390|[from] Stealth Rock
|-ability|p2a: Shady Krook|Intimidate|[of] p1a: Sharpedo
|-unboost|p1a: Sharpedo|atk|1
|detailschange|p1a: Sharpedo|Sharpedo-Mega, F
|message|Sharpedo has Mega Evolved into Mega Sharpedo!
|move|p1a: Sharpedo|Ice Fang|p2a: Shady Krook
|-supereffective|p2a: Shady Krook
|-damage|p2a: Shady Krook|0 fnt
|faint|p2a: Shady Krook
|
|c| Makeishura|mega pedophile?
|c| HI THERE YOURE YOU|do people still run normal edo in uu ?
|c| bobbyz|no
|c| Makeishura|nobody ever ran pedo
|join|Floundso
|c| TestingNegro|yea its over
|c| HI THERE YOURE YOU|thanks lol
|c|âBuuskeri|<- lost
|c| Makeishura|wasn't it low tier nu?
|
|switch|p2a: Pew Pew|Blastoise, F|252\/355
|-damage|p2a: Pew Pew|193\/355|[from] Spikes
|-damage|p2a: Pew Pew|149\/355|[from] Stealth Rock
|turn|17
|leave|Floundso
|c| TestingNegro|fodder
|c| bobbyz|THE KING HAS FALLEN
|c|âHugg Wild|so
|c| bobbyz|ALL HAIL HUGG
|c| HI THERE YOURE YOU|will he spin...
|c| bobbyz|he will
|c|âHugg Wild|crunch does 40-47.8 at -1
|c| TestingNegro|spin for what
|c| HI THERE YOURE YOU|-bows down-
|c|âHugg Wild|let's see what RNG says
|c| TestingNegro|he dies
|c| bobbyz|rapid spin
|
|detailschange|p2a: Pew Pew|Blastoise-Mega, F
|message|Blastoise has Mega Evolved into Mega Blastoise!
|move|p1a: Sharpedo|Crunch|p2a: Pew Pew
|-damage|p2a: Pew Pew|0 fnt
|faint|p2a: Pew Pew
|
|c| Makeishura|rip
|c|âBuuskeri|oh the humanity!
|
|switch|p2a: Acidmon|Dragalge, F, shiny|323\/323
|-damage|p2a: Acidmon|270\/323|[from] Spikes
|-damage|p2a: Acidmon|230\/323|[from] Stealth Rock
|turn|18
|c| bobbyz|FUCK BUUSKERI
|c| TestingNegro|ntm reuinclus just wins
|c| TestingNegro|if TR
|c| Makeishura|go to pyrotoz.com, use the name randomizer
|c| Makeishura|you're welcome
|c| HI THERE YOURE YOU|defn trick room lol\
|c| HI THERE YOURE YOU|i died to it
|
|switch|p1a: Machamp|Machamp, M|82\/364
|-damage|p1a: Machamp|60\/364|[from] Stealth Rock
|move|p2a: Acidmon|Dragon Pulse|p1a: Machamp
|-damage|p1a: Machamp|0 fnt
|faint|p1a: Machamp
|
|join|Nightmare Vampire
|
|switch|p1a: Sharpedo|Sharpedo-Mega, F|211\/281
|-damage|p1a: Sharpedo|176\/281|[from] Stealth Rock
|turn|19
|c| bobbyz|mods in town everyone hide
|c| TestingNegro|inb4 1hp live
|c| bobbyz|FUCK THE MODS
|c| Samsung2310|**hides**
|
|move|p1a: Sharpedo|Crunch|p2a: Acidmon
|-damage|p2a: Acidmon|0 fnt
|faint|p2a: Acidmon
|
|c| bobbyz|pls dont ban
|
|switch|p2a: See if I care|Amoonguss, M|430\/430
|-damage|p2a: See if I care|377\/430|[from] Stealth Rock
|-damage|p2a: See if I care|306\/430|[from] Spikes
|turn|20
|c| Makeishura|let's watch this live
|join|UrNemesis357
|c| HI THERE YOURE YOU|and so... the king is de throned
|c| HI THERE YOURE YOU|or not...
|
|move|p1a: Sharpedo|Crunch|p2a: See if I care
|-damage|p2a: See if I care|51\/430
|move|p2a: See if I care|Foul Play|p1a: Sharpedo
|-resisted|p1a: Sharpedo
|-damage|p1a: Sharpedo|90\/281
|
|turn|21
|leave|LiLo383
|c|âHugg Wild|gg
|c| bobbyz|gg
|c| HI THERE YOURE YOU|or not not
|c| bobbyz|gg
|
|move|p1a: Sharpedo|Crunch|p2a: See if I care
|-damage|p2a: See if I care|0 fnt
|faint|p2a: See if I care
|
|win|Hugg Wild
|c|âBuuskeri|The King has fallen!
|c|âBuuskeri|gg
|leave|TestingNegro
|leave|bobbyz
|leave|purrl