|join|Hugg Wild
|join|HI THERE YOURE YOU
|player|p1|Hugg Wild|125
|player|p2|HI THERE YOURE YOU|80
|gametype|singles
|gen|6
|tier|UU
|rule|Sleep Clause Mod: Limit one foe put to sleep
|rule|Species Clause: Limit one of each PokÃ©mon
|rule|OHKO Clause: OHKO moves are banned
|rule|Moody Clause: Moody is banned
|rule|Evasion Moves Clause: Evasion moves are banned
|rule|Endless Battle Clause: Forcing endless battles is banned
|rule|HP Percentage Mod: HP is shown in percentages
|clearpoke
|poke|p1|Sharpedo, M
|poke|p1|Machamp, F
|poke|p1|Reuniclus, F, shiny
|poke|p1|Froslass, F
|poke|p1|Swampert, M
|poke|p1|Spiritomb, F, shiny
|poke|p2|Sharpedo, M
|poke|p2|Machamp, F
|poke|p2|Galvantula, M
|poke|p2|Crobat, M
|poke|p2|Cresselia, F
|poke|p2|Porygon-Z
|rule|Swagger Clause: Swagger is banned
|rule|Baton Pass Clause: Limit one PokÃ©mon knowing Baton Pass
|teampreview
|
|start
|switch|p1a: Froslass|Froslass, F|344\/344
|switch|p2a: Machamp|Machamp, F|384\/384
|turn|1
|
|move|p1a: Froslass|Spikes|p2a: Machamp
|-sidestart|p2: HI THERE YOURE YOU|Spikes
|move|p2a: Machamp|Knock Off|p1a: Froslass
|-supereffective|p1a: Froslass
|-damage|p1a: Froslass|6\/344
|-start|p2a: Machamp|Disable|Knock Off
|-enditem|p1a: Froslass|Focus Sash|[from] move: Knock Off|[of] p2a: Machamp
|
|turn|2
|
|switch|p1a: Swampert|Swampert, M|403\/403
|move|p2a: Machamp|Bullet Punch|p1a: Swampert
|-resisted|p1a: Swampert
|-damage|p1a: Swampert|383\/403
|
|-heal|p1a: Swampert|403\/403|[from] item: Leftovers
|turn|3
|c|âHI THERE YOURE YOU|woah lol
|c|âHI THERE YOURE YOU|didnt force it into sash ?
|
|move|p1a: Swampert|Stealth Rock|p2a: Machamp
|-sidestart|p2: HI THERE YOURE YOU|move: Stealth Rock
|move|p2a: Machamp|Dynamic Punch|p1a: Swampert
|-damage|p1a: Swampert|261\/403
|-start|p1a: Swampert|confusion
|
|-heal|p1a: Swampert|286\/403|[from] item: Leftovers
|turn|4
|join|DarkJedi77
|leave|DarkJedi77
|
|switch|p1a: Spiritomb|Spiritomb, F, shiny|294\/294
|move|p2a: Machamp|Dynamic Punch|p1a: Spiritomb
|-immune|p1a: Spiritomb|[msg]
|
|turn|5
|join|bobbyz
|
|move|p2a: Machamp|Stone Edge|p1a: Spiritomb
|-damage|p1a: Spiritomb|179\/294
|move|p1a: Spiritomb|Will-O-Wisp|p2a: Machamp
|-status|p2a: Machamp|brn
|
|-damage|p2a: Machamp|336\/384 brn|[from] brn
|-end|p2a: Machamp|Disable
|turn|6
|c| bobbyz|#notscouting
|
|switch|p1a: Machamp|Machamp, F|364\/364
|move|p2a: Machamp|Knock Off|p1a: Machamp
|-crit|p1a: Machamp
|-resisted|p1a: Machamp
|-damage|p1a: Machamp|303\/364
|-enditem|p1a: Machamp|Assault Vest|[from] move: Knock Off|[of] p2a: Machamp
|
|-damage|p2a: Machamp|288\/384 brn|[from] brn
|turn|7
|
|move|p1a: Machamp|Close Combat|p2a: Machamp
|-damage|p2a: Machamp|2\/384 brn
|-unboost|p1a: Machamp|def|1
|-unboost|p1a: Machamp|spd|1
|move|p2a: Machamp|Dynamic Punch|p1a: Machamp
|-damage|p1a: Machamp|120\/364
|-start|p1a: Machamp|confusion
|
|-damage|p2a: Machamp|0 fnt|[from] brn
|faint|p2a: Machamp
|
|switch|p2a: Porygon-Z|Porygon-Z|312\/312
|-damage|p2a: Porygon-Z|273\/312|[from] Stealth Rock
|-damage|p2a: Porygon-Z|234\/312|[from] Spikes
|turn|8
|
|switch|p1a: Froslass|Froslass, F|6\/344
|move|p2a: Porygon-Z|Agility|p2a: Porygon-Z
|-boost|p2a: Porygon-Z|spe|2
|
|turn|9
|
|move|p2a: Porygon-Z|Dark Pulse|p1a: Froslass
|-supereffective|p1a: Froslass
|-damage|p1a: Froslass|0 fnt
|-start|p2a: Porygon-Z|Disable|Dark Pulse
|faint|p1a: Froslass
|
|
|switch|p1a: Spiritomb|Spiritomb, F, shiny|179\/294
|turn|10
|
|move|p2a: Porygon-Z|Nasty Plot|p2a: Porygon-Z
|-boost|p2a: Porygon-Z|spa|2
|move|p1a: Spiritomb|Pursuit|p2a: Porygon-Z
|-damage|p2a: Porygon-Z|126\/312
|
|turn|11
|
|move|p2a: Porygon-Z|Agility|p2a: Porygon-Z
|-boost|p2a: Porygon-Z|spe|2
|move|p1a: Spiritomb|Pursuit|p2a: Porygon-Z
|-damage|p2a: Porygon-Z|33\/312
|
|turn|12
|
|move|p2a: Porygon-Z|Nasty Plot|p2a: Porygon-Z
|-boost|p2a: Porygon-Z|spa|2
|move|p1a: Spiritomb|Pursuit|p2a: Porygon-Z
|-damage|p2a: Porygon-Z|0 fnt
|faint|p2a: Porygon-Z
|
|c|âHI THERE YOURE YOU|lol
|c|âHI THERE YOURE YOU|is there a set amount of turns for disable ?
|
|switch|p2a: Galvantula|Galvantula, M|281\/281
|-damage|p2a: Galvantula|211\/281|[from] Stealth Rock
|-damage|p2a: Galvantula|176\/281|[from] Spikes
|turn|13
|c|âHugg Wild|2-5
|c|âHugg Wild|iirc
|
|move|p1a: Spiritomb|Sucker Punch|p2a: Galvantula
|-damage|p2a: Galvantula|0 fnt
|faint|p2a: Galvantula
|
|
|switch|p2a: Cresselia|Cresselia, F|444\/444
|-damage|p2a: Cresselia|389\/444|[from] Stealth Rock
|turn|14
|c|âHI THERE YOURE YOU|well
|c|âHI THERE YOURE YOU|gg
|
|move|p2a: Cresselia|Thunder Wave|p1a: Spiritomb
|-status|p1a: Spiritomb|par
|cant|p1a: Spiritomb|par
|
|-heal|p2a: Cresselia|416\/444|[from] item: Leftovers
|turn|15
|
|move|p1a: Spiritomb|Pursuit|p2a: Cresselia|[from]Pursuit
|-supereffective|p2a: Cresselia
|-damage|p2a: Cresselia|162\/444
|switch|p2a: Crobat|Crobat, M|311\/311
|-damage|p2a: Crobat|234\/311|[from] Stealth Rock
|
|turn|16
|
|move|p2a: Crobat|Brave Bird|p1a: Spiritomb
|-damage|p1a: Spiritomb|0 fnt
|-damage|p2a: Crobat|175\/311|[from] recoil|[of] p1a: Spiritomb
|faint|p1a: Spiritomb
|
|
|switch|p1a: Reuniclus|Reuniclus, F, shiny|409\/409
|turn|17
|
|switch|p2a: Sharpedo|Sharpedo, M|281\/281
|-damage|p2a: Sharpedo|246\/281|[from] Stealth Rock
|-damage|p2a: Sharpedo|211\/281|[from] Spikes
|move|p1a: Reuniclus|Trick Room|p1a: Reuniclus
|-fieldstart|move: Trick Room|[of] p1a: Reuniclus
|
|turn|18
|
|move|p1a: Reuniclus|Focus Blast|p2a: Sharpedo
|-supereffective|p2a: Sharpedo
|-damage|p2a: Sharpedo|0 fnt
|faint|p2a: Sharpedo
|
|c|âHI THERE YOURE YOU|gg
|
|switch|p2a: Crobat|Crobat, M|175\/311
|-damage|p2a: Crobat|98\/311|[from] Stealth Rock
|turn|19
|c|âHugg Wild|gg
|
|move|p1a: Reuniclus|Psyshock|p2a: Crobat
|-supereffective|p2a: Crobat
|-damage|p2a: Crobat|0 fnt
|faint|p2a: Crobat
|
|
|switch|p2a: Cresselia|Cresselia, F|162\/444
|-damage|p2a: Cresselia|107\/444|[from] Stealth Rock
|turn|20
|
|move|p1a: Reuniclus|Shadow Ball|p2a: Cresselia
|-supereffective|p2a: Cresselia
|-damage|p2a: Cresselia|0 fnt
|faint|p2a: Cresselia
|
|win|Hugg Wild