|join|Tyty307
|join|Hugg Wild
|player|p1|Tyty307|102
|player|p2|Hugg Wild|125
|gametype|singles
|gen|6
|tier|UU
|rated
|rule|Sleep Clause Mod: Limit one foe put to sleep
|rule|Species Clause: Limit one of each PokÃ©mon
|rule|OHKO Clause: OHKO moves are banned
|rule|Moody Clause: Moody is banned
|rule|Evasion Moves Clause: Evasion moves are banned
|rule|Endless Battle Clause: Forcing endless battles is banned
|rule|HP Percentage Mod: HP is shown in percentages
|clearpoke
|poke|p1|Forretress, F
|poke|p1|Florges, F
|poke|p1|Zygarde
|poke|p1|Mienshao, M
|poke|p1|Abomasnow, F
|poke|p1|Raikou
|poke|p2|Sharpedo, F
|poke|p2|Machamp, M
|poke|p2|Reuniclus, F, shiny
|poke|p2|Froslass, F
|poke|p2|Swampert, M
|poke|p2|Spiritomb, F, shiny
|rule|Swagger Clause: Swagger is banned
|rule|Baton Pass Clause: Limit one PokÃ©mon knowing Baton Pass
|teampreview
|
|start
|switch|p1a: The Wall|Forretress, F|354\/354
|switch|p2a: Froslass|Froslass, F|344\/344
|turn|1
|
|move|p2a: Froslass|Taunt|p1a: The Wall
|-start|p1a: The Wall|move: Taunt
|move|p1a: The Wall|Volt Switch|p2a: Froslass
|-damage|p2a: Froslass|295\/344
|
|switch|p1a: Apocalypse Jr|Mienshao, M|271\/271
|
|turn|2
|
|move|p1a: Apocalypse Jr|Knock Off|p2a: Froslass
|-supereffective|p2a: Froslass
|-damage|p2a: Froslass|0 fnt
|-enditem|p2a: Froslass|Focus Sash|[from] move: Knock Off|[of] p1a: Apocalypse Jr
|faint|p2a: Froslass
|
|
|switch|p2a: Machamp|Machamp, M|364\/364
|turn|3
|
|switch|p1a: The Wall2|Florges, F|360\/360
|move|p2a: Machamp|Close Combat|p1a: The Wall2
|-resisted|p1a: The Wall2
|-damage|p1a: The Wall2|250\/360
|-unboost|p2a: Machamp|def|1
|-unboost|p2a: Machamp|spd|1
|
|-heal|p1a: The Wall2|272\/360|[from] item: Leftovers
|turn|4
|
|move|p1a: The Wall2|Moonblast|p2a: Machamp
|-supereffective|p2a: Machamp
|-damage|p2a: Machamp|62\/364
|move|p2a: Machamp|Heavy Slam|p1a: The Wall2
|-supereffective|p1a: The Wall2
|-damage|p1a: The Wall2|0 fnt
|faint|p1a: The Wall2
|
|
|switch|p1a: Yeti|Abomasnow, F|321\/321
|-weather|Hail
|turn|5
|
|detailschange|p1a: Yeti|Abomasnow-Mega, F
|message|Abomasnow has Mega Evolved into Mega Abomasnow!
|move|p2a: Machamp|Bullet Punch|p1a: Yeti
|-supereffective|p1a: Yeti
|-damage|p1a: Yeti|215\/321
|move|p1a: Yeti|Ice Shard|p2a: Machamp
|-damage|p2a: Machamp|0 fnt
|faint|p2a: Machamp
|
|-weather|Hail|[upkeep]
|
|switch|p2a: Reuniclus|Reuniclus, F, shiny|409\/409
|turn|6
|
|move|p1a: Yeti|Blizzard|p2a: Reuniclus
|-damage|p2a: Reuniclus|186\/409
|move|p2a: Reuniclus|Trick Room|p2a: Reuniclus
|-fieldstart|move: Trick Room|[of] p2a: Reuniclus
|
|-weather|Hail|[upkeep]
|turn|7
|
|move|p2a: Reuniclus|Focus Blast|p1a: Yeti
|-supereffective|p1a: Yeti
|-damage|p1a: Yeti|0 fnt
|faint|p1a: Yeti
|
|-weather|Hail|[upkeep]
|
|switch|p1a: Leopard|Raikou|321\/321
|-ability|p1a: Leopard|Pressure
|turn|8
|
|move|p2a: Reuniclus|Psyshock|p1a: Leopard
|-damage|p1a: Leopard|51\/321
|move|p1a: Leopard|Thunderbolt|p2a: Reuniclus
|-damage|p2a: Reuniclus|11\/409
|
|-weather|Hail|[upkeep]
|-damage|p1a: Leopard|31\/321|[from] hail
|turn|9
|
|move|p2a: Reuniclus|Psyshock|p1a: Leopard
|-damage|p1a: Leopard|0 fnt
|faint|p1a: Leopard
|
|-weather|none
|
|switch|p1a: Zygarde|Zygarde|374\/374
|-ability|p1a: Zygarde|Aura Break
|turn|10
|
|move|p1a: Zygarde|Extreme Speed|p2a: Reuniclus
|-damage|p2a: Reuniclus|0 fnt
|-damage|p1a: Zygarde|337\/374|[from] item: Life Orb
|faint|p2a: Reuniclus
|
|-fieldend|move: Trick Room
|
|switch|p2a: Swampert|Swampert, M|403\/403
|turn|11
|
|move|p1a: Zygarde|Dragon Dance|p1a: Zygarde
|-boost|p1a: Zygarde|atk|1
|-boost|p1a: Zygarde|spe|1
|move|p2a: Swampert|Stealth Rock|p1a: Zygarde
|-sidestart|p1: Tyty307|move: Stealth Rock
|
|turn|12
|
|move|p1a: Zygarde|Outrage|p2a: Swampert
|-crit|p2a: Swampert
|-damage|p2a: Swampert|0 fnt
|-damage|p1a: Zygarde|300\/374|[from] item: Life Orb
|faint|p2a: Swampert
|
|
|switch|p2a: Sharpedo|Sharpedo, F|281\/281
|turn|13
|
|move|p2a: Sharpedo|Protect|p2a: Sharpedo
|-singleturn|p2a: Sharpedo|Protect
|move|p1a: Zygarde|Outrage|p2a: Sharpedo
|-activate|p2a: Sharpedo|Protect
|
|-end|p1a: Zygarde|rampage
|-start|p1a: Zygarde|confusion
|-boost|p2a: Sharpedo|spe|1|[from] ability: Speed Boost
|turn|14
|
|-activate|p1a: Zygarde|confusion
|move|p1a: Zygarde|Extreme Speed|p2a: Sharpedo
|-damage|p2a: Sharpedo|0 fnt
|-damage|p1a: Zygarde|263\/374|[from] item: Life Orb
|faint|p2a: Sharpedo
|
|
|switch|p2a: Spiritomb|Spiritomb, F, shiny|294\/294
|turn|15
|
|-activate|p1a: Zygarde|confusion
|-damage|p1a: Zygarde|198\/374|[from] confusion
|move|p2a: Spiritomb|Will-O-Wisp|p1a: Zygarde
|-status|p1a: Zygarde|brn
|
|-damage|p1a: Zygarde|152\/374 brn|[from] brn
|turn|16
|
|move|p2a: Spiritomb|Sucker Punch|p1a: Zygarde
|-damage|p1a: Zygarde|35\/374 brn
|-activate|p1a: Zygarde|confusion
|-damage|p1a: Zygarde|0 fnt|[from] confusion
|faint|p1a: Zygarde
|
|
|switch|p1a: Apocalypse Jr|Mienshao, M|271\/271
|-damage|p1a: Apocalypse Jr|255\/271|[from] Stealth Rock
|turn|17
|
|move|p1a: Apocalypse Jr|Knock Off|p2a: Spiritomb
|-damage|p2a: Spiritomb|198\/294
|-enditem|p2a: Spiritomb|Dread Plate|[from] move: Knock Off|[of] p1a: Apocalypse Jr
|move|p2a: Spiritomb|Will-O-Wisp|p1a: Apocalypse Jr
|-status|p1a: Apocalypse Jr|brn
|
|-damage|p1a: Apocalypse Jr|222\/271 brn|[from] brn
|turn|18
|
|move|p2a: Spiritomb|Sucker Punch|p1a: Apocalypse Jr
|-resisted|p1a: Apocalypse Jr
|-damage|p1a: Apocalypse Jr|132\/271 brn
|move|p1a: Apocalypse Jr|Knock Off|p2a: Spiritomb
|-crit|p2a: Spiritomb
|-damage|p2a: Spiritomb|149\/294
|
|-damage|p1a: Apocalypse Jr|99\/271 brn|[from] brn
|turn|19
|
|move|p2a: Spiritomb|Pursuit|p1a: Apocalypse Jr|[from]Pursuit
|-resisted|p1a: Apocalypse Jr
|-damage|p1a: Apocalypse Jr|12\/271 brn
|switch|p1a: The Wall|Forretress, F|354\/354
|-damage|p1a: The Wall|310\/354|[from] Stealth Rock
|
|-heal|p1a: The Wall|332\/354|[from] item: Leftovers
|turn|20
|
|move|p2a: Spiritomb|Will-O-Wisp|p1a: The Wall
|-status|p1a: The Wall|brn
|move|p1a: The Wall|Gyro Ball|p2a: Spiritomb
|-damage|p2a: Spiritomb|128\/294
|
|-heal|p1a: The Wall|354\/354 brn|[from] item: Leftovers
|-damage|p1a: The Wall|310\/354 brn|[from] brn
|turn|21
|
|move|p2a: Spiritomb|Sucker Punch|p1a: The Wall
|-damage|p1a: The Wall|241\/354 brn
|move|p1a: The Wall|Gyro Ball|p2a: Spiritomb
|-damage|p2a: Spiritomb|109\/294
|
|-heal|p1a: The Wall|263\/354 brn|[from] item: Leftovers
|-damage|p1a: The Wall|219\/354 brn|[from] brn
|turn|22
|
|move|p2a: Spiritomb|Sucker Punch|p1a: The Wall
|-damage|p1a: The Wall|143\/354 brn
|move|p1a: The Wall|Gyro Ball|p2a: Spiritomb
|-damage|p2a: Spiritomb|90\/294
|
|-heal|p1a: The Wall|165\/354 brn|[from] item: Leftovers
|-damage|p1a: The Wall|121\/354 brn|[from] brn
|turn|23
|
|move|p2a: Spiritomb|Pursuit|p1a: The Wall
|-damage|p1a: The Wall|85\/354 brn
|move|p1a: The Wall|Gyro Ball|p2a: Spiritomb
|-damage|p2a: Spiritomb|69\/294
|
|-heal|p1a: The Wall|107\/354 brn|[from] item: Leftovers
|-damage|p1a: The Wall|63\/354 brn|[from] brn
|turn|24
|
|move|p2a: Spiritomb|Sucker Punch|p1a: The Wall
|-damage|p1a: The Wall|0 fnt
|faint|p1a: The Wall
|
|
|switch|p1a: Apocalypse Jr|Mienshao, M|102\/271 brn
|-damage|p1a: Apocalypse Jr|86\/271 brn|[from] Stealth Rock
|turn|25
|
|move|p2a: Spiritomb|Sucker Punch|p1a: Apocalypse Jr
|-resisted|p1a: Apocalypse Jr
|-damage|p1a: Apocalypse Jr|0 fnt
|faint|p1a: Apocalypse Jr
|
|win|Hugg Wild
|raw|Ladder updating...
|raw|Tyty307's rating: 1339 &rarr; <strong>1318<\/strong><br \/>(-21 for losing)
|raw|Hugg Wild's rating: 1335 &rarr; <strong>1355<\/strong><br \/>(+20 for winning)
|c|âHugg Wild|gg