|join|Hugg Wild
|join|raiidz
|player|p1|Hugg Wild|125
|player|p2|raiidz|170
|gametype|singles
|gen|6
|tier|UU
|rated
|rule|Sleep Clause Mod: Limit one foe put to sleep
|rule|Species Clause: Limit one of each PokÃ©mon
|rule|OHKO Clause: OHKO moves are banned
|rule|Moody Clause: Moody is banned
|rule|Evasion Moves Clause: Evasion moves are banned
|rule|Endless Battle Clause: Forcing endless battles is banned
|rule|HP Percentage Mod: HP is shown in percentages
|clearpoke
|poke|p1|Sharpedo, F
|poke|p1|Machamp, F
|poke|p1|Reuniclus, M, shiny
|poke|p1|Froslass, F
|poke|p1|Swampert, M
|poke|p1|Spiritomb, M, shiny
|poke|p2|Swampert, M
|poke|p2|Crobat, M
|poke|p2|Diancie
|poke|p2|Suicune
|poke|p2|Whimsicott, M
|poke|p2|Nidoking, M
|rule|Swagger Clause: Swagger is banned
|rule|Baton Pass Clause: Limit one PokÃ©mon knowing Baton Pass
|teampreview
|
|start
|switch|p1a: Froslass|Froslass, F|344\/344
|switch|p2a: Swampert|Swampert, M|342\/342
|turn|1
|join|Dragoon149
|
|detailschange|p2a: Swampert|Swampert-Mega, M
|message|Swampert has Mega Evolved into Mega Swampert!
|move|p1a: Froslass|Taunt|p2a: Swampert
|-start|p2a: Swampert|move: Taunt
|move|p2a: Swampert|Earthquake|p1a: Froslass
|-crit|p1a: Froslass
|-enditem|p1a: Froslass|Focus Sash
|-damage|p1a: Froslass|1\/344
|
|turn|2
|
|move|p1a: Froslass|Destiny Bond|p1a: Froslass
|-singlemove|p1a: Froslass|Destiny Bond
|move|p2a: Swampert|Ice Punch|p1a: Froslass
|-resisted|p1a: Froslass
|-damage|p1a: Froslass|0 fnt
|-start|p2a: Swampert|Disable|Ice Punch
|faint|p1a: Froslass
|-activate|p1a: Froslass|Destiny Bond
|faint|p2a: Swampert
|
|c|âraiidz|really
|
|switch|p2a: Nidoking|Nidoking, M|366\/366
|switch|p1a: Machamp|Machamp, F|364\/364
|turn|3
|
|move|p2a: Nidoking|Poison Jab|p1a: Machamp
|-damage|p1a: Machamp|101\/364
|move|p1a: Machamp|Knock Off|p2a: Nidoking
|-damage|p2a: Nidoking|217\/366
|-enditem|p2a: Nidoking|Life Orb|[from] move: Knock Off|[of] p1a: Machamp
|
|turn|4
|
|switch|p1a: Swampert|Swampert, M|403\/403
|move|p2a: Nidoking|Poison Jab|p1a: Swampert
|-resisted|p1a: Swampert
|-damage|p1a: Swampert|331\/403
|
|-heal|p1a: Swampert|356\/403|[from] item: Leftovers
|turn|5
|
|move|p2a: Nidoking|Drill Run|p1a: Swampert
|-damage|p1a: Swampert|260\/403
|move|p1a: Swampert|Stealth Rock|p2a: Nidoking
|-sidestart|p2: raiidz|move: Stealth Rock
|
|-heal|p1a: Swampert|285\/403|[from] item: Leftovers
|turn|6
|
|switch|p2a: Diancie|Diancie|304\/304
|-damage|p2a: Diancie|266\/304|[from] Stealth Rock
|-item|p2a: Diancie|Air Balloon
|move|p1a: Swampert|Earthquake|p2a: Diancie
|-immune|p2a: Diancie|[msg]
|
|-heal|p1a: Swampert|310\/403|[from] item: Leftovers
|turn|7
|
|move|p1a: Swampert|Scald|p2a: Diancie
|-supereffective|p2a: Diancie
|-damage|p2a: Diancie|188\/304
|-enditem|p2a: Diancie|Air Balloon
|-status|p2a: Diancie|brn
|move|p2a: Diancie|Hidden Power|p1a: Swampert
|-supereffective|p1a: Swampert
|-damage|p1a: Swampert|98\/403
|
|-heal|p1a: Swampert|123\/403|[from] item: Leftovers
|-damage|p2a: Diancie|150\/304 brn|[from] brn
|turn|8
|
|move|p1a: Swampert|Earthquake|p2a: Diancie
|-supereffective|p2a: Diancie
|-damage|p2a: Diancie|0 fnt
|faint|p2a: Diancie
|
|-heal|p1a: Swampert|148\/403|[from] item: Leftovers
|
|switch|p2a: Whimsicott|Whimsicott, M|324\/324
|-damage|p2a: Whimsicott|284\/324|[from] Stealth Rock
|turn|9
|
|switch|p1a: Reuniclus|Reuniclus, M, shiny|409\/409
|move|p2a: Whimsicott|Giga Drain|p1a: Reuniclus
|-damage|p1a: Reuniclus|298\/409
|-heal|p2a: Whimsicott|324\/324|[from] drain|[of] p1a: Reuniclus
|
|turn|10
|
|move|p2a: Whimsicott|Taunt|p1a: Reuniclus
|-start|p1a: Reuniclus|move: Taunt
|cant|p1a: Reuniclus|move: Taunt|Trick Room
|
|turn|11
|
|switch|p2a: Crobat|Crobat, M|312\/312
|-damage|p2a: Crobat|234\/312|[from] Stealth Rock
|move|p1a: Reuniclus|Psyshock|p2a: Crobat
|-supereffective|p2a: Crobat
|-damage|p2a: Crobat|0 fnt
|faint|p2a: Crobat
|
|
|switch|p2a: Suicune|Suicune|404\/404
|-damage|p2a: Suicune|354\/404|[from] Stealth Rock
|-ability|p2a: Suicune|Pressure
|turn|12
|leave|Dragoon149
|
|switch|p1a: Machamp|Machamp, F|101\/364
|move|p2a: Suicune|Scald|p1a: Machamp
|-damage|p1a: Machamp|29\/364
|-status|p1a: Machamp|brn
|
|-heal|p2a: Suicune|379\/404|[from] item: Leftovers
|-damage|p1a: Machamp|0 fnt|[from] brn
|faint|p1a: Machamp
|
|switch|p1a: Spiritomb|Spiritomb, M, shiny|283\/283
|turn|13
|
|move|p2a: Suicune|Protect|p2a: Suicune
|-singleturn|p2a: Suicune|Protect
|move|p1a: Spiritomb|Will-O-Wisp|p2a: Suicune
|-activate|p2a: Suicune|Protect
|
|-heal|p2a: Suicune|404\/404|[from] item: Leftovers
|turn|14
|
|move|p2a: Suicune|Toxic|p1a: Spiritomb
|-status|p1a: Spiritomb|tox
|move|p1a: Spiritomb|Will-O-Wisp|p2a: Suicune
|-status|p2a: Suicune|brn
|
|-damage|p2a: Suicune|354\/404 brn|[from] brn
|-damage|p1a: Spiritomb|266\/283 tox|[from] psn
|turn|15
|
|move|p1a: Spiritomb|Sucker Punch|p2a: Suicune
|-damage|p2a: Suicune|261\/404 brn
|move|p2a: Suicune|Scald|p1a: Spiritomb
|-damage|p1a: Spiritomb|191\/283 tox
|
|-heal|p2a: Suicune|286\/404 brn|[from] item: Leftovers
|-damage|p2a: Suicune|236\/404 brn|[from] brn
|-damage|p1a: Spiritomb|157\/283 tox|[from] psn
|turn|16
|
|switch|p1a: Reuniclus|Reuniclus, M, shiny|298\/409
|move|p2a: Suicune|Protect|p2a: Suicune
|-fail|p2a: Suicune
|
|-heal|p2a: Suicune|261\/404 brn|[from] item: Leftovers
|-damage|p2a: Suicune|211\/404 brn|[from] brn
|turn|17
|
|move|p2a: Suicune|Scald|p1a: Reuniclus
|-damage|p1a: Reuniclus|207\/409
|move|p1a: Reuniclus|Trick Room|p1a: Reuniclus
|-fieldstart|move: Trick Room|[of] p1a: Reuniclus
|
|-heal|p2a: Suicune|236\/404 brn|[from] item: Leftovers
|-damage|p2a: Suicune|186\/404 brn|[from] brn
|turn|18
|
|move|p1a: Reuniclus|Psyshock|p2a: Suicune
|-damage|p2a: Suicune|56\/404 brn
|move|p2a: Suicune|Scald|p1a: Reuniclus
|-damage|p1a: Reuniclus|110\/409
|
|-heal|p2a: Suicune|81\/404 brn|[from] item: Leftovers
|-damage|p2a: Suicune|31\/404 brn|[from] brn
|turn|19
|
|move|p1a: Reuniclus|Psyshock|p2a: Suicune
|-damage|p2a: Suicune|0 fnt
|faint|p2a: Suicune
|
|
|switch|p2a: Nidoking|Nidoking, M|217\/366
|-damage|p2a: Nidoking|195\/366|[from] Stealth Rock
|turn|20
|
|move|p1a: Reuniclus|Psyshock|p2a: Nidoking
|-supereffective|p2a: Nidoking
|-damage|p2a: Nidoking|0 fnt
|faint|p2a: Nidoking
|
|c|âraiidz|gg
|
|switch|p2a: Whimsicott|Whimsicott, M|324\/324
|-damage|p2a: Whimsicott|284\/324|[from] Stealth Rock
|turn|21
|c|âHugg Wild|gg
|
|move|p2a: Whimsicott|Cotton Guard|p2a: Whimsicott
|-boost|p2a: Whimsicott|def|3
|move|p1a: Reuniclus|Psyshock|p2a: Whimsicott
|-damage|p2a: Whimsicott|189\/324
|
|-heal|p2a: Whimsicott|209\/324|[from] item: Leftovers
|-fieldend|move: Trick Room
|turn|22
|
|move|p2a: Whimsicott|Cotton Guard|p2a: Whimsicott
|-boost|p2a: Whimsicott|def|3
|move|p1a: Reuniclus|Shadow Ball|p2a: Whimsicott
|-damage|p2a: Whimsicott|53\/324
|
|-heal|p2a: Whimsicott|73\/324|[from] item: Leftovers
|turn|23
|
|move|p2a: Whimsicott|Giga Drain|p1a: Reuniclus
|-damage|p1a: Reuniclus|0 fnt
|-heal|p2a: Whimsicott|128\/324|[from] drain|[of] p1a: Reuniclus
|faint|p1a: Reuniclus
|
|-heal|p2a: Whimsicott|148\/324|[from] item: Leftovers
|
|switch|p1a: Spiritomb|Spiritomb, M, shiny|157\/283 tox
|turn|24
|
|move|p2a: Whimsicott|Moonblast|p1a: Spiritomb
|-supereffective|p1a: Spiritomb
|-damage|p1a: Spiritomb|0 fnt
|faint|p1a: Spiritomb
|
|-heal|p2a: Whimsicott|168\/324|[from] item: Leftovers
|
|switch|p1a: Swampert|Swampert, M|148\/403
|turn|25
|
|move|p2a: Whimsicott|Giga Drain|p1a: Swampert
|-crit|p1a: Swampert
|-supereffective|p1a: Swampert
|-damage|p1a: Swampert|0 fnt
|-heal|p2a: Whimsicott|242\/324|[from] drain|[of] p1a: Swampert
|faint|p1a: Swampert
|
|-heal|p2a: Whimsicott|262\/324|[from] item: Leftovers
|
|switch|p1a: Sharpedo|Sharpedo, F|281\/281
|turn|26
|
|move|p1a: Sharpedo|Protect|p1a: Sharpedo
|-singleturn|p1a: Sharpedo|Protect
|move|p2a: Whimsicott|Giga Drain|p1a: Sharpedo
|-activate|p1a: Sharpedo|Protect
|
|-heal|p2a: Whimsicott|282\/324|[from] item: Leftovers
|-boost|p1a: Sharpedo|spe|1|[from] ability: Speed Boost
|turn|27
|
|detailschange|p1a: Sharpedo|Sharpedo-Mega, F
|message|Sharpedo has Mega Evolved into Mega Sharpedo!
|move|p1a: Sharpedo|Ice Fang|p2a: Whimsicott
|-supereffective|p2a: Whimsicott
|-damage|p2a: Whimsicott|202\/324
|move|p2a: Whimsicott|Moonblast|p1a: Sharpedo
|-supereffective|p1a: Sharpedo
|-damage|p1a: Sharpedo|0 fnt
|faint|p1a: Sharpedo
|
|win|raiidz
|raw|Ladder updating...
|raw|Hugg Wild's rating: 1238 &rarr; <strong>1206<\/strong><br \/>(-32 for losing)
|raw|raiidz's rating: 1140 &rarr; <strong>1171<\/strong><br \/>(+31 for winning)
|c|âraiidz|gg
|leave|Hugg Wild
|player|p1