|join|PichiStyle
|join|wadam
|player|p1|PichiStyle|163
|player|p2|wadam|170
|gametype|singles
|gen|6
|tier|OU
|rated
|clearpoke
|poke|p1|Nidoking, M
|poke|p1|Gyarados, F
|poke|p1|Mew
|poke|p1|Weavile, M
|poke|p1|Hawlucha, M
|poke|p1|Manectric, M
|poke|p2|Talonflame, M
|poke|p2|Excadrill, F
|poke|p2|Tyranitar, F
|poke|p2|Latias, F
|poke|p2|Azumarill, F
|poke|p2|Manectric, F
|rule|Swagger Clause: Swagger is banned
|rule|Baton Pass Clause: Limit one PokÃ©mon knowing Baton Pass
|rule|Sleep Clause Mod: Limit one foe put to sleep
|rule|Species Clause: Limit one of each PokÃ©mon
|rule|OHKO Clause: OHKO moves are banned
|rule|Moody Clause: Moody is banned
|rule|Evasion Moves Clause: Evasion moves are banned
|rule|Endless Battle Clause: Forcing endless battles is banned
|rule|HP Percentage Mod: HP is reported as percentages
|teampreview
|
|start
|switch|p1a: Manectric|Manectric, M|287\/287
|switch|p2a: Manectric|Manectric, F|281\/281
|turn|1
|
|detailschange|p2a: Manectric|Manectric-Mega, F
|message|Manectric has Mega Evolved into Mega Manectric!
|-ability|p2a: Manectric|Intimidate|[of] p1a: Manectric
|-unboost|p1a: Manectric|atk|1
|move|p2a: Manectric|Overheat|p1a: Manectric
|-damage|p1a: Manectric|46\/287
|-unboost|p2a: Manectric|spa|2
|move|p1a: Manectric|Hidden Power|p2a: Manectric
|-damage|p2a: Manectric|211\/281
|
|turn|2
|
|switch|p1a: Burger King|Nidoking, M|365\/365
|move|p2a: Manectric|Overheat|p1a: Burger King
|-damage|p1a: Burger King|255\/365
|-unboost|p2a: Manectric|spa|2
|
|turn|3
|
|switch|p2a: Latias|Latias, F|302\/302
|move|p1a: Burger King|Ice Beam|p2a: Latias
|-supereffective|p2a: Latias
|-damage|p2a: Latias|68\/302
|
|turn|4
|
|switch|p1a: KarpStyle|Gyarados, F|393\/393
|-ability|p1a: KarpStyle|Intimidate|[of] p2a: Latias
|-unboost|p2a: Latias|atk|1
|move|p2a: Latias|Draco Meteor|p1a: KarpStyle
|-damage|p1a: KarpStyle|136\/393
|-unboost|p2a: Latias|spa|2
|-damage|p2a: Latias|38\/302|[from] item: Life Orb
|
|-heal|p1a: KarpStyle|160\/393|[from] item: Leftovers
|turn|5
|
|switch|p2a: Manectric|Manectric-Mega, F|211\/281
|-ability|p2a: Manectric|Intimidate|[of] p1a: KarpStyle
|-unboost|p1a: KarpStyle|atk|1
|move|p1a: KarpStyle|Waterfall|p2a: Manectric
|-damage|p2a: Manectric|120\/281
|
|-heal|p1a: KarpStyle|184\/393|[from] item: Leftovers
|turn|6
|
|switch|p1a: Manectric|Manectric, M|46\/287
|move|p2a: Manectric|Hidden Power|p1a: Manectric
|-damage|p1a: Manectric|0 fnt
|faint|p1a: Manectric
|
|
|switch|p1a: Burger King|Nidoking, M|255\/365
|turn|7
|
|switch|p2a: Tyranitar|Tyranitar, F|341\/341
|-weather|Sandstorm
|move|p1a: Burger King|Ice Beam|p2a: Tyranitar
|-damage|p2a: Tyranitar|234\/341
|
|-weather|Sandstorm|[upkeep]
|turn|8
|
|switch|p2a: Excadrill|Excadrill, F|362\/362
|-item|p2a: Excadrill|Air Balloon
|move|p1a: Burger King|Earth Power|p2a: Excadrill
|-immune|p2a: Excadrill|[msg]
|
|-weather|Sandstorm|[upkeep]
|turn|9
|
|switch|p1a: Hawlucha|Hawlucha, M|299\/299
|move|p2a: Excadrill|Earthquake|p1a: Hawlucha
|-immune|p1a: Hawlucha|[msg]
|
|-weather|Sandstorm|[upkeep]
|-damage|p1a: Hawlucha|281\/299|[from] sandstorm
|turn|10
|
|move|p2a: Excadrill|Iron Head|p1a: Hawlucha
|-damage|p1a: Hawlucha|77\/299
|move|p1a: Hawlucha|High Jump Kick|p2a: Excadrill
|-supereffective|p2a: Excadrill
|-damage|p2a: Excadrill|0 fnt
|-enditem|p2a: Excadrill|Air Balloon
|faint|p2a: Excadrill
|
|-weather|Sandstorm|[upkeep]
|-damage|p1a: Hawlucha|59\/299|[from] sandstorm
|
|switch|p2a: Manectric|Manectric-Mega, F|120\/281
|-ability|p2a: Manectric|Intimidate|[of] p1a: Hawlucha
|-unboost|p1a: Hawlucha|atk|1
|turn|11
|
|switch|p1a: Burger King|Nidoking, M|255\/365
|move|p2a: Manectric|Volt Switch|p1a: Burger King
|-immune|p1a: Burger King|[msg]
|
|-weather|Sandstorm|[upkeep]
|-damage|p2a: Manectric|103\/281|[from] sandstorm
|turn|12
|
|move|p2a: Manectric|Overheat|p1a: Burger King
|-damage|p1a: Burger King|57\/365
|-unboost|p2a: Manectric|spa|2
|move|p1a: Burger King|Ice Beam|p2a: Manectric
|-damage|p2a: Manectric|0 fnt
|faint|p2a: Manectric
|
|-weather|Sandstorm|[upkeep]
|
|switch|p2a: Azumarill|Azumarill, F|341\/341
|turn|13
|
|move|p2a: Azumarill|Belly Drum|p2a: Azumarill
|-damage|p2a: Azumarill|171\/341
|-setboost|p2a: Azumarill|atk|6|[from] move: Belly Drum
|move|p1a: Burger King|Sludge Wave|p2a: Azumarill
|-supereffective|p2a: Azumarill
|-damage|p2a: Azumarill|0 fnt
|faint|p2a: Azumarill
|
|-weather|Sandstorm|[upkeep]
|
|switch|p2a: Talonflame|Talonflame, M|298\/298
|turn|14
|
|move|p2a: Talonflame|Brave Bird|p1a: Burger King
|-damage|p1a: Burger King|0 fnt
|-damage|p2a: Talonflame|279\/298|[from] recoil|[of] p1a: Burger King
|faint|p1a: Burger King
|
|-weather|none
|
|switch|p1a: Shinrei|Mew|403\/403
|turn|15
|
|move|p2a: Talonflame|Swords Dance|p2a: Talonflame
|-boost|p2a: Talonflame|atk|2
|move|p1a: Shinrei|Stealth Rock|p2a: Talonflame
|-sidestart|p2: wadam|move: Stealth Rock
|
|turn|16
|
|move|p2a: Talonflame|Swords Dance|p2a: Talonflame
|-boost|p2a: Talonflame|atk|2
|move|p1a: Shinrei|Knock Off|p2a: Talonflame
|-crit|p2a: Talonflame
|-damage|p2a: Talonflame|134\/298
|-enditem|p2a: Talonflame|Liechi Berry|[from] move: Knock Off|[of] p1a: Shinrei
|
|turn|17
|
|move|p2a: Talonflame|Brave Bird|p1a: Shinrei
|-damage|p1a: Shinrei|33\/403
|-damage|p2a: Talonflame|12\/298|[from] recoil|[of] p1a: Shinrei
|move|p1a: Shinrei|Knock Off|p2a: Talonflame
|-damage|p2a: Talonflame|0 fnt
|faint|p2a: Talonflame
|
|-heal|p1a: Shinrei|58\/403|[from] item: Leftovers
|
|switch|p2a: Latias|Latias, F|38\/302
|-damage|p2a: Latias|1\/302|[from] Stealth Rock
|turn|18
|
|move|p2a: Latias|Draco Meteor|p1a: Shinrei
|-damage|p1a: Shinrei|0 fnt
|-unboost|p2a: Latias|spa|2
|-damage|p2a: Latias|0 fnt|[from] item: Life Orb
|faint|p1a: Shinrei
|faint|p2a: Latias
|
|
|switch|p1a: Weavile|Weavile, M|281\/281
|switch|p2a: Tyranitar|Tyranitar, F|234\/341
|-damage|p2a: Tyranitar|192\/341|[from] Stealth Rock
|-ability|p1a: Weavile|Pressure
|-weather|Sandstorm
|turn|19
|chat|PichiStyle|gg
|
|move|p1a: Weavile|Low Kick|p2a: Tyranitar
|-supereffective|p2a: Tyranitar
|-damage|p2a: Tyranitar|0 fnt
|-damage|p1a: Weavile|253\/281|[from] item: Life Orb
|faint|p2a: Tyranitar
|
|win|PichiStyle
|raw|Ladder updating...
|raw|PichiStyle's rating: 1554 &rarr; <strong>1576<\/strong><br \/>(+22 for winning)
|raw|wadam's rating: 1590 &rarr; <strong>1568<\/strong><br \/>(-22 for losing)
|leave|wadam
|player|p2