|join|haterss gonna hate
|join|Wadam
|player|p1|haterss gonna hate|289
|player|p2|Wadam|102
|gametype|singles
|gen|6
|tier|OU
|rated
|clearpoke
|poke|p1|Bisharp, F
|poke|p1|Venusaur, M
|poke|p1|Heatran, F
|poke|p1|Keldeo
|poke|p1|Chansey, F
|poke|p1|Skarmory, F
|poke|p2|Keldeo-Resolute
|poke|p2|Landorus-Therian, M
|poke|p2|Tyranitar, M
|poke|p2|Ferrothorn, M
|poke|p2|Clefable, F
|poke|p2|Manectric, F
|rule|Swagger Clause: Swagger is banned
|rule|Baton Pass Clause: Limit one PokÃ©mon knowing Baton Pass
|rule|Sleep Clause Mod: Limit one foe put to sleep
|rule|Species Clause: Limit one of each PokÃ©mon
|rule|OHKO Clause: OHKO moves are banned
|rule|Moody Clause: Moody is banned
|rule|Evasion Moves Clause: Evasion moves are banned
|rule|Endless Battle Clause: Forcing endless battles is banned
|rule|HP Percentage Mod: HP is shown in percentages
|teampreview
|join|i came from leddit
|c| i came from leddit|go bloody!
|c| i came from leddit|n_n
|join|tele
|
|start
|switch|p1a: Heatran|Heatran, F|340\/340
|switch|p2a: Tyranitar|Tyranitar, M|341\/341
|-item|p1a: Heatran|Air Balloon
|-weather|Sandstorm
|turn|1
|c| tele|leddit
|c| i came from leddit|?
|
|move|p1a: Heatran|Stealth Rock|p2a: Tyranitar
|-sidestart|p2: Wadam|move: Stealth Rock
|move|p2a: Tyranitar|Superpower|p1a: Heatran
|-supereffective|p1a: Heatran
|-damage|p1a: Heatran|0 fnt
|-enditem|p1a: Heatran|Air Balloon
|-unboost|p2a: Tyranitar|atk|1
|-unboost|p2a: Tyranitar|def|1
|faint|p1a: Heatran
|
|-weather|Sandstorm|[upkeep]
|c| tele|play haxball
|c| tele|with me
|c| tele|lol
|c| i came from leddit|wuts that
|c| tele|hehe
|
|switch|p1a: Skarmory|Skarmory, F|334\/334
|turn|2
|c| tele|wait 1 min
|
|switch|p2a: Manectric|Manectric, F|281\/281
|-damage|p2a: Manectric|246\/281|[from] Stealth Rock
|move|p1a: Skarmory|Spikes|p2a: Manectric
|-sidestart|p2: Wadam|Spikes
|
|-weather|Sandstorm|[upkeep]
|-damage|p2a: Manectric|229\/281|[from] sandstorm
|turn|3
|c| tele|aka fren can eat my record
|c| tele|beat*
|
|switch|p1a: Chansey|Chansey, F|684\/684
|detailschange|p2a: Manectric|Manectric-Mega, F
|message|Manectric has Mega Evolved into Mega Manectric!
|-ability|p2a: Manectric|Intimidate|[of] p1a: Chansey
|-unboost|p1a: Chansey|atk|1
|move|p2a: Manectric|Volt Switch|p1a: Chansey
|-damage|p1a: Chansey|605\/684
|c| tele|of playing with the same team for 9 straight months
|
|switch|p2a: Tyranitar|Tyranitar, M|341\/341
|-damage|p2a: Tyranitar|299\/341|[from] Spikes
|-damage|p2a: Tyranitar|257\/341|[from] Stealth Rock
|
|-weather|Sandstorm|[upkeep]
|-damage|p1a: Chansey|563\/684|[from] sandstorm
|turn|4
|
|move|p2a: Tyranitar|Pursuit|p1a: Chansey|[from]Pursuit
|-damage|p1a: Chansey|292\/684
|switch|p1a: Skarmory|Skarmory, F|334\/334
|
|-weather|Sandstorm|[upkeep]
|turn|5
|
|switch|p2a: Manectric|Manectric-Mega, F|229\/281
|-damage|p2a: Manectric|194\/281|[from] Spikes
|-damage|p2a: Manectric|159\/281|[from] Stealth Rock
|-ability|p2a: Manectric|Intimidate|[of] p1a: Skarmory
|-unboost|p1a: Skarmory|atk|1
|move|p1a: Skarmory|Spikes|p2a: Manectric
|-sidestart|p2: Wadam|Spikes
|
|-weather|none
|turn|6
|c| i came from leddit|bloody team is best team
|c| i came from leddit|imo
|c| i came from leddit|n_n
|
|switch|p1a: Venusaur|Venusaur, M|364\/364
|move|p2a: Manectric|Volt Switch|p1a: Venusaur
|-resisted|p1a: Venusaur
|-damage|p1a: Venusaur|305\/364
|
|switch|p2a: Ferrothorn|Ferrothorn, M|352\/352
|-damage|p2a: Ferrothorn|330\/352|[from] Stealth Rock
|-damage|p2a: Ferrothorn|272\/352|[from] Spikes
|
|-heal|p2a: Ferrothorn|294\/352|[from] item: Leftovers
|turn|7
|c| i came from leddit|mine venu counter
|
|detailschange|p1a: Venusaur|Venusaur-Mega, M
|message|Venusaur has Mega Evolved into Mega Venusaur!
|move|p1a: Venusaur|Hidden Power|p2a: Ferrothorn
|-supereffective|p2a: Ferrothorn
|-damage|p2a: Ferrothorn|138\/352
|move|p2a: Ferrothorn|Stealth Rock|p1a: Venusaur
|-sidestart|p1: haterss gonna hate|move: Stealth Rock
|
|-heal|p2a: Ferrothorn|160\/352|[from] item: Leftovers
|turn|8
|c| i came from leddit|nice*
|
|move|p2a: Ferrothorn|Protect|p2a: Ferrothorn
|-singleturn|p2a: Ferrothorn|Protect
|move|p1a: Venusaur|Leech Seed|p2a: Ferrothorn
|-activate|p2a: Ferrothorn|Protect
|
|-heal|p2a: Ferrothorn|182\/352|[from] item: Leftovers
|turn|9
|
|switch|p2a: Clefable|Clefable, F|394\/394
|move|p1a: Venusaur|Hidden Power|p2a: Clefable
|-damage|p2a: Clefable|343\/394
|
|-heal|p2a: Clefable|367\/394|[from] item: Leftovers
|turn|10
|
|move|p1a: Venusaur|Giga Drain|p2a: Clefable
|-damage|p2a: Clefable|276\/394
|-heal|p1a: Venusaur|351\/364|[from] drain|[of] p2a: Clefable
|move|p2a: Clefable|Flamethrower|p1a: Venusaur
|-supereffective|p1a: Venusaur
|-damage|p1a: Venusaur|291\/364
|
|-heal|p2a: Clefable|300\/394|[from] item: Leftovers
|turn|11
|c| i came from leddit|brb!!
|
|move|p1a: Venusaur|Giga Drain|p2a: Clefable
|-damage|p2a: Clefable|206\/394
|-heal|p1a: Venusaur|338\/364|[from] drain|[of] p2a: Clefable
|move|p2a: Clefable|Flamethrower|p1a: Venusaur
|-supereffective|p1a: Venusaur
|-damage|p1a: Venusaur|284\/364
|
|-heal|p2a: Clefable|230\/394|[from] item: Leftovers
|turn|12
|
|switch|p1a: Chansey|Chansey, F|292\/684
|-damage|p1a: Chansey|207\/684|[from] Stealth Rock
|move|p2a: Clefable|Flamethrower|p1a: Chansey
|-damage|p1a: Chansey|169\/684
|
|-heal|p2a: Clefable|254\/394|[from] item: Leftovers
|turn|13
|
|switch|p2a: Keldeo-Resolute|Keldeo-Resolute|322\/322
|-damage|p2a: Keldeo-Resolute|269\/322|[from] Spikes
|-damage|p2a: Keldeo-Resolute|249\/322|[from] Stealth Rock
|move|p1a: Chansey|Soft-Boiled|p1a: Chansey
|-heal|p1a: Chansey|511\/684
|
|turn|14
|
|switch|p1a: Venusaur|Venusaur-Mega, M|284\/364
|-damage|p1a: Venusaur|239\/364|[from] Stealth Rock
|move|p2a: Keldeo-Resolute|Hidden Power|p1a: Venusaur
|-crit|p1a: Venusaur
|-supereffective|p1a: Venusaur
|-damage|p1a: Venusaur|0 fnt
|faint|p1a: Venusaur
|
|
|switch|p1a: Bisharp|Bisharp, F|334\/334
|-damage|p1a: Bisharp|314\/334|[from] Stealth Rock
|turn|15
|c| tele|lol
|
|switch|p2a: Tyranitar|Tyranitar, M|257\/341
|-damage|p2a: Tyranitar|215\/341|[from] Stealth Rock
|-damage|p2a: Tyranitar|159\/341|[from] Spikes
|-weather|Sandstorm
|move|p1a: Bisharp|Iron Head|p2a: Tyranitar
|-supereffective|p2a: Tyranitar
|-damage|p2a: Tyranitar|0 fnt
|faint|p2a: Tyranitar
|
|-weather|Sandstorm|[upkeep]
|-heal|p1a: Bisharp|334\/334|[from] item: Leftovers
|
|switch|p2a: Keldeo-Resolute|Keldeo-Resolute|249\/322
|-damage|p2a: Keldeo-Resolute|196\/322|[from] Spikes
|-damage|p2a: Keldeo-Resolute|176\/322|[from] Stealth Rock
|turn|16
|
|switch|p1a: Skarmory|Skarmory, F|334\/334
|-damage|p1a: Skarmory|293\/334|[from] Stealth Rock
|move|p2a: Keldeo-Resolute|Scald|p1a: Skarmory
|-damage|p1a: Skarmory|64\/334
|-status|p1a: Skarmory|brn
|
|-weather|Sandstorm|[upkeep]
|-damage|p2a: Keldeo-Resolute|156\/322|[from] sandstorm
|-damage|p1a: Skarmory|23\/334 brn|[from] brn
|turn|17
|
|move|p2a: Keldeo-Resolute|Scald|p1a: Skarmory
|-damage|p1a: Skarmory|0 fnt
|faint|p1a: Skarmory
|
|-weather|Sandstorm|[upkeep]
|-damage|p2a: Keldeo-Resolute|136\/322|[from] sandstorm
|
|switch|p1a: Keldeo|Keldeo|323\/323
|-damage|p1a: Keldeo|303\/323|[from] Stealth Rock
|turn|18
|
|switch|p2a: Ferrothorn|Ferrothorn, M|182\/352
|-damage|p2a: Ferrothorn|124\/352|[from] Spikes
|-damage|p2a: Ferrothorn|102\/352|[from] Stealth Rock
|move|p1a: Keldeo|Calm Mind|p1a: Keldeo
|-boost|p1a: Keldeo|spa|1
|-boost|p1a: Keldeo|spd|1
|
|-weather|Sandstorm|[upkeep]
|-damage|p1a: Keldeo|283\/323|[from] sandstorm
|-heal|p1a: Keldeo|303\/323|[from] item: Leftovers
|-heal|p2a: Ferrothorn|124\/352|[from] item: Leftovers
|turn|19
|
|move|p1a: Keldeo|Secret Sword|p2a: Ferrothorn
|-supereffective|p2a: Ferrothorn
|-damage|p2a: Ferrothorn|0 fnt
|faint|p2a: Ferrothorn
|
|-weather|none
|-heal|p1a: Keldeo|323\/323|[from] item: Leftovers
|
|switch|p2a: Manectric|Manectric-Mega, F|159\/281
|-damage|p2a: Manectric|124\/281|[from] Stealth Rock
|-damage|p2a: Manectric|78\/281|[from] Spikes
|-ability|p2a: Manectric|Intimidate|[of] p1a: Keldeo
|-unboost|p1a: Keldeo|atk|1
|turn|20
|
|move|p2a: Manectric|Volt Switch|p1a: Keldeo
|-supereffective|p1a: Keldeo
|-damage|p1a: Keldeo|123\/323
|join|Imastarnorapter
|
|switch|p2a: Keldeo-Resolute|Keldeo-Resolute|136\/322
|-damage|p2a: Keldeo-Resolute|83\/322|[from] Spikes
|-damage|p2a: Keldeo-Resolute|63\/322|[from] Stealth Rock
|move|p1a: Keldeo|Scald|p2a: Keldeo-Resolute
|-resisted|p2a: Keldeo-Resolute
|-damage|p2a: Keldeo-Resolute|0 fnt
|faint|p2a: Keldeo-Resolute
|
|-heal|p1a: Keldeo|143\/323|[from] item: Leftovers
|join|piikaa
|
|switch|p2a: Landorus-Therian|Landorus-Therian, M|354\/354
|-damage|p2a: Landorus-Therian|310\/354|[from] Stealth Rock
|-ability|p2a: Landorus-Therian|Intimidate|[of] p1a: Keldeo
|-unboost|p1a: Keldeo|atk|1
|turn|21
|c| tele|man
|
|move|p2a: Landorus-Therian|Earthquake|p1a: Keldeo
|-damage|p1a: Keldeo|0 fnt
|faint|p1a: Keldeo
|
|c| tele|mane
|
|switch|p1a: Chansey|Chansey, F|511\/684
|-damage|p1a: Chansey|426\/684|[from] Stealth Rock
|turn|22
|
|move|p2a: Landorus-Therian|Earthquake|p1a: Chansey
|-damage|p1a: Chansey|173\/684
|move|p1a: Chansey|Soft-Boiled|p1a: Chansey
|-heal|p1a: Chansey|515\/684
|
|turn|23
|
|switch|p2a: Manectric|Manectric-Mega, F|78\/281
|-damage|p2a: Manectric|43\/281|[from] Stealth Rock
|-damage|p2a: Manectric|0 fnt|[from] Spikes
|faint|p2a: Manectric
|move|p1a: Chansey|Soft-Boiled|p1a: Chansey
|-heal|p1a: Chansey|684\/684
|
|
|switch|p2a: Clefable|Clefable, F|254\/394
|turn|24
|
|move|p2a: Clefable|Flamethrower|p1a: Chansey
|-damage|p1a: Chansey|642\/684
|move|p1a: Chansey|Thunder Wave|p2a: Clefable
|-status|p2a: Clefable|par
|
|-heal|p2a: Clefable|278\/394 par|[from] item: Leftovers
|turn|25
|
|switch|p1a: Bisharp|Bisharp, F|334\/334
|-damage|p1a: Bisharp|314\/334|[from] Stealth Rock
|cant|p2a: Clefable|par
|
|-heal|p1a: Bisharp|334\/334|[from] item: Leftovers
|-heal|p2a: Clefable|302\/394 par|[from] item: Leftovers
|turn|26
|c| piikaa|high ladder
|c| piikaa|tbh
|
|move|p1a: Bisharp|Iron Head|p2a: Clefable
|-supereffective|p2a: Clefable
|-damage|p2a: Clefable|0 fnt
|faint|p2a: Clefable
|
|-message|Wadam forfeited.
|
|win|haterss gonna hate
|raw|Ladder updating...
|leave|Wadam
|player|p2
|raw|haterss gonna hate's rating: 1959 &rarr; <strong>1971<\/strong><br \/>(+12 for winning)
|raw|Wadam's rating: 1809 &rarr; <strong>1797<\/strong><br \/>(-12 for losing)
|leave|tele
|leave|piikaa