|join|aurumventus
|join|KnightSansArmour
|player|p1|aurumventus|131
|player|p2|KnightSansArmour|208
|gametype|singles
|gen|6
|tier|OU
|clearpoke
|poke|p1|Espeon, F
|poke|p1|Venusaur, M
|poke|p1|Rotom-Wash
|poke|p1|Garchomp, M, shiny
|poke|p1|Gardevoir, F, shiny
|poke|p1|Weavile, M, shiny
|poke|p2|Chansey, F
|poke|p2|Gliscor, M
|poke|p2|Blastoise, F
|poke|p2|Jirachi
|poke|p2|Zapdos
|poke|p2|Noivern, F
|rule|Swagger Clause: Swagger is banned
|rule|Baton Pass Clause: Limit one PokÃ©mon knowing Baton Pass
|rule|Sleep Clause Mod: Limit one foe put to sleep
|rule|Species Clause: Limit one of each PokÃ©mon
|rule|OHKO Clause: OHKO moves are banned
|rule|Moody Clause: Moody is banned
|rule|Evasion Moves Clause: Evasion moves are banned
|rule|Endless Battle Clause: Forcing endless battles is banned
|rule|HP Percentage Mod: HP is shown in percentages
|teampreview
|
|start
|switch|p1a: Glisc0r|Weavile, M, shiny|281\/281
|switch|p2a: Blastoise|Blastoise, F|362\/362
|-ability|p1a: Glisc0r|Pressure
|turn|1
|c|âKnightSansArmour|good luck
|
|detailschange|p2a: Blastoise|Blastoise-Mega, F
|-mega|p2a: Blastoise|Blastoise|Blastoisinite
|move|p1a: Glisc0r|Fake Out|p2a: Blastoise
|-damage|p2a: Blastoise|313\/362
|-damage|p1a: Glisc0r|253\/281|[from] item: Life Orb
|cant|p2a: Blastoise|flinch
|
|turn|2
|c|âaurumventus|You too! :)
|
|switch|p1a: De0xys|Rotom-Wash|303\/303
|move|p2a: Blastoise|Aura Sphere|p1a: De0xys
|-damage|p1a: De0xys|150\/303
|
|turn|3
|
|switch|p1a: Gall0de|Gardevoir, F, shiny|278\/278
|switch|p2a: Chansey|Chansey, F|704\/704
|
|turn|4
|
|move|p1a: Gall0de|Trick|p2a: Chansey
|-activate|p1a: Gall0de|move: Trick|[of] p2a: Chansey
|-item|p2a: Chansey|Choice Scarf|[from] move: Trick
|-item|p1a: Gall0de|Eviolite|[from] move: Trick
|move|p2a: Chansey|Toxic|p1a: Gall0de|[miss]
|-miss|p2a: Chansey|p1a: Gall0de
|
|turn|5
|
|switch|p1a: Blast0ise|Venusaur, M|364\/364
|move|p2a: Chansey|Toxic|p1a: Blast0ise
|-fail|p1a: Blast0ise
|
|turn|6
|
|switch|p2a: Jirachi|Jirachi|345\/345
|detailschange|p1a: Blast0ise|Venusaur-Mega, M
|-mega|p1a: Blast0ise|Venusaur|Venusaurite
|move|p1a: Blast0ise|Sleep Powder|p2a: Jirachi
|-status|p2a: Jirachi|slp
|
|turn|7
|
|switch|p2a: Noivern|Noivern, F|311\/311
|switch|p1a: Flare0n|Espeon, F|334\/334
|
|turn|8
|
|move|p2a: Noivern|Boomburst|p1a: Flare0n
|-damage|p1a: Flare0n|123\/334
|move|p1a: Flare0n|Light Screen|p1a: Flare0n
|-sidestart|p1: aurumventus|move: Light Screen
|
|turn|9
|
|move|p2a: Noivern|Boomburst|p1a: Flare0n
|-damage|p1a: Flare0n|0 fnt
|faint|p1a: Flare0n
|
|
|switch|p1a: Gall0de|Gardevoir, F, shiny|278\/278
|turn|10
|
|switch|p2a: Chansey|Chansey, F|704\/704
|move|p1a: Gall0de|Moonblast|p2a: Chansey
|-damage|p2a: Chansey|527\/704
|-unboost|p2a: Chansey|spa|1
|
|turn|11
|
|move|p2a: Chansey|Aromatherapy|p2a: Chansey
|-cureteam|p2a: Chansey|[from] move: Aromatherapy
|move|p1a: Gall0de|Moonblast|p2a: Chansey
|-damage|p2a: Chansey|352\/704
|
|turn|12
|
|switch|p2a: Zapdos|Zapdos|384\/384
|-ability|p2a: Zapdos|Pressure
|move|p1a: Gall0de|Moonblast|p2a: Zapdos
|-damage|p2a: Zapdos|174\/384
|-unboost|p2a: Zapdos|spa|1
|
|-heal|p2a: Zapdos|198\/384|[from] item: Leftovers
|turn|13
|
|move|p2a: Zapdos|Roost|p2a: Zapdos
|-heal|p2a: Zapdos|384\/384
|move|p1a: Gall0de|Moonblast|p2a: Zapdos
|-damage|p2a: Zapdos|204\/384
|
|-heal|p2a: Zapdos|228\/384|[from] item: Leftovers
|turn|14
|
|move|p2a: Zapdos|Heat Wave|p1a: Gall0de
|-damage|p1a: Gall0de|250\/278
|move|p1a: Gall0de|Trick|p2a: Zapdos
|-activate|p1a: Gall0de|move: Trick|[of] p2a: Zapdos
|-item|p2a: Zapdos|Eviolite|[from] move: Trick
|-item|p1a: Gall0de|Leftovers|[from] move: Trick
|
|-heal|p1a: Gall0de|267\/278|[from] item: Leftovers
|turn|15
|
|switch|p2a: Jirachi|Jirachi|345\/345
|move|p1a: Gall0de|Moonblast|p2a: Jirachi
|-resisted|p2a: Jirachi
|-damage|p2a: Jirachi|261\/345
|
|-heal|p2a: Jirachi|282\/345|[from] item: Leftovers
|-heal|p1a: Gall0de|278\/278|[from] item: Leftovers
|-sideend|p1: aurumventus|move: Light Screen
|turn|16
|
|switch|p1a: Tyranit0r|Garchomp, M, shiny|357\/357
|move|p2a: Jirachi|Stealth Rock|p1a: Tyranit0r
|-sidestart|p1: aurumventus|move: Stealth Rock
|
|-heal|p2a: Jirachi|303\/345|[from] item: Leftovers
|turn|17
|
|switch|p2a: Gliscor|Gliscor, M|354\/354
|move|p1a: Tyranit0r|Shadow Claw|p2a: Gliscor
|-damage|p2a: Gliscor|301\/354
|
|-status|p2a: Gliscor|tox|[from] item: Toxic Orb
|turn|18
|
|switch|p1a: De0xys|Rotom-Wash|150\/303
|-damage|p1a: De0xys|113\/303|[from] Stealth Rock
|move|p2a: Gliscor|Substitute|p2a: Gliscor
|-start|p2a: Gliscor|Substitute
|-damage|p2a: Gliscor|213\/354 tox
|
|-heal|p2a: Gliscor|257\/354 tox|[from] ability: Poison Heal
|turn|19
|
|move|p2a: Gliscor|Protect|p2a: Gliscor
|-singleturn|p2a: Gliscor|Protect
|move|p1a: De0xys|Rest|p1a: De0xys
|-status|p1a: De0xys|slp
|-heal|p1a: De0xys|303\/303 slp|[silent]
|-status|p1a: De0xys|slp|[from] move: Rest
|-enditem|p1a: De0xys|Chesto Berry|[eat]
|-curestatus|p1a: De0xys|slp
|
|-heal|p2a: Gliscor|301\/354 tox|[from] ability: Poison Heal
|turn|20
|
|move|p2a: Gliscor|Toxic|p1a: De0xys
|-status|p1a: De0xys|tox
|move|p1a: De0xys|Hydro Pump|p2a: Gliscor
|-supereffective|p2a: Gliscor
|-end|p2a: Gliscor|Substitute
|
|-heal|p2a: Gliscor|345\/354 tox|[from] ability: Poison Heal
|-damage|p1a: De0xys|285\/303 tox|[from] psn
|turn|21
|
|move|p2a: Gliscor|Substitute|p2a: Gliscor
|-start|p2a: Gliscor|Substitute
|-damage|p2a: Gliscor|257\/354 tox
|move|p1a: De0xys|Hydro Pump|p2a: Gliscor|[miss]
|-miss|p1a: De0xys|p2a: Gliscor
|
|-heal|p2a: Gliscor|301\/354 tox|[from] ability: Poison Heal
|-damage|p1a: De0xys|249\/303 tox|[from] psn
|turn|22
|
|move|p2a: Gliscor|Protect|p2a: Gliscor
|-singleturn|p2a: Gliscor|Protect
|move|p1a: De0xys|Hydro Pump|p2a: Gliscor
|-activate|p2a: Gliscor|Protect
|
|-heal|p2a: Gliscor|345\/354 tox|[from] ability: Poison Heal
|-damage|p1a: De0xys|195\/303 tox|[from] psn
|turn|23
|
|move|p2a: Gliscor|Toxic|p1a: De0xys
|-fail|p1a: De0xys|tox
|move|p1a: De0xys|Hydro Pump|p2a: Gliscor
|-supereffective|p2a: Gliscor
|-end|p2a: Gliscor|Substitute
|
|-heal|p2a: Gliscor|354\/354 tox|[from] ability: Poison Heal
|-damage|p1a: De0xys|123\/303 tox|[from] psn
|turn|24
|
|switch|p1a: Glisc0r|Weavile, M, shiny|253\/281
|-damage|p1a: Glisc0r|183\/281|[from] Stealth Rock
|-ability|p1a: Glisc0r|Pressure
|move|p2a: Gliscor|Substitute|p2a: Gliscor
|-start|p2a: Gliscor|Substitute
|-damage|p2a: Gliscor|266\/354 tox
|
|-heal|p2a: Gliscor|310\/354 tox|[from] ability: Poison Heal
|turn|25
|
|move|p2a: Gliscor|Protect|p2a: Gliscor
|-singleturn|p2a: Gliscor|Protect
|move|p1a: Glisc0r|Ice Shard|p2a: Gliscor
|-activate|p2a: Gliscor|Protect
|
|-heal|p2a: Gliscor|354\/354 tox|[from] ability: Poison Heal
|turn|26
|
|move|p1a: Glisc0r|Ice Shard|p2a: Gliscor
|-supereffective|p2a: Gliscor
|-end|p2a: Gliscor|Substitute
|-damage|p1a: Glisc0r|155\/281|[from] item: Life Orb
|move|p2a: Gliscor|Substitute|p2a: Gliscor
|-start|p2a: Gliscor|Substitute
|-damage|p2a: Gliscor|266\/354 tox
|
|-heal|p2a: Gliscor|310\/354 tox|[from] ability: Poison Heal
|turn|27
|
|move|p2a: Gliscor|Protect|p2a: Gliscor
|-singleturn|p2a: Gliscor|Protect
|move|p1a: Glisc0r|Ice Shard|p2a: Gliscor
|-activate|p2a: Gliscor|Protect
|
|-heal|p2a: Gliscor|354\/354 tox|[from] ability: Poison Heal
|turn|28
|
|move|p1a: Glisc0r|Ice Shard|p2a: Gliscor
|-supereffective|p2a: Gliscor
|-end|p2a: Gliscor|Substitute
|-damage|p1a: Glisc0r|127\/281|[from] item: Life Orb
|move|p2a: Gliscor|Substitute|p2a: Gliscor
|-start|p2a: Gliscor|Substitute
|-damage|p2a: Gliscor|266\/354 tox
|
|-heal|p2a: Gliscor|310\/354 tox|[from] ability: Poison Heal
|turn|29
|
|move|p1a: Glisc0r|Ice Shard|p2a: Gliscor
|-supereffective|p2a: Gliscor
|-end|p2a: Gliscor|Substitute
|-damage|p1a: Glisc0r|99\/281|[from] item: Life Orb
|move|p2a: Gliscor|Earthquake|p1a: Glisc0r
|-damage|p1a: Glisc0r|0 fnt
|faint|p1a: Glisc0r
|
|-heal|p2a: Gliscor|354\/354 tox|[from] ability: Poison Heal
|
|switch|p1a: Blast0ise|Venusaur-Mega, M|364\/364
|-damage|p1a: Blast0ise|319\/364|[from] Stealth Rock
|turn|30
|
|switch|p2a: Jirachi|Jirachi|303\/345
|move|p1a: Blast0ise|Giga Drain|p2a: Jirachi
|-resisted|p2a: Jirachi
|-damage|p2a: Jirachi|254\/345
|-heal|p1a: Blast0ise|344\/364|[from] drain|[of] p2a: Jirachi
|
|-heal|p2a: Jirachi|275\/345|[from] item: Leftovers
|turn|31
|
|move|p2a: Jirachi|Body Slam|p1a: Blast0ise
|-damage|p1a: Blast0ise|294\/364
|-status|p1a: Blast0ise|par
|cant|p1a: Blast0ise|par
|
|-heal|p2a: Jirachi|296\/345|[from] item: Leftovers
|turn|32
|
|move|p2a: Jirachi|Zen Headbutt|p1a: Blast0ise
|-supereffective|p1a: Blast0ise
|-damage|p1a: Blast0ise|138\/364 par
|cant|p1a: Blast0ise|par
|
|-heal|p2a: Jirachi|317\/345|[from] item: Leftovers
|turn|33
|c|âaurumventus|*face palm*
|
|switch|p1a: Tyranit0r|Garchomp, M, shiny|357\/357
|-damage|p1a: Tyranit0r|335\/357|[from] Stealth Rock
|move|p2a: Jirachi|Zen Headbutt|p1a: Tyranit0r
|-damage|p1a: Tyranit0r|202\/357
|-damage|p2a: Jirachi|274\/345|[from] ability: Rough Skin|[of] p1a: Tyranit0r
|-damage|p2a: Jirachi|217\/345|[from] item: Rocky Helmet|[of] p1a: Tyranit0r
|
|-heal|p2a: Jirachi|238\/345|[from] item: Leftovers
|turn|34
|
|switch|p2a: Gliscor|Gliscor, M|354\/354 tox
|move|p1a: Tyranit0r|Dragon Claw|p2a: Gliscor
|-crit|p2a: Gliscor
|-damage|p2a: Gliscor|201\/354 tox
|
|-heal|p2a: Gliscor|245\/354 tox|[from] ability: Poison Heal
|turn|35
|c|âKnightSansArmour|It's para flinch. You actually only have something like a 28% chance to move
|
|switch|p1a: Blast0ise|Venusaur-Mega, M|138\/364 par
|-damage|p1a: Blast0ise|93\/364 par|[from] Stealth Rock
|move|p2a: Gliscor|Toxic|p1a: Blast0ise
|-fail|p1a: Blast0ise
|
|-heal|p2a: Gliscor|289\/354 tox|[from] ability: Poison Heal
|turn|36
|
|move|p2a: Gliscor|Earthquake|p1a: Blast0ise
|-damage|p1a: Blast0ise|24\/364 par
|move|p1a: Blast0ise|Synthesis|p1a: Blast0ise
|-heal|p1a: Blast0ise|206\/364 par
|
|-heal|p2a: Gliscor|333\/354 tox|[from] ability: Poison Heal
|turn|37
|
|switch|p2a: Jirachi|Jirachi|238\/345
|cant|p1a: Blast0ise|par
|
|-heal|p2a: Jirachi|259\/345|[from] item: Leftovers
|turn|38
|c|âaurumventus|And that time? XD
|c|âKnightSansArmour|30% :P
|c|âKnightSansArmour|to paralyse :P
|
|switch|p1a: Tyranit0r|Garchomp, M, shiny|202\/357
|-damage|p1a: Tyranit0r|180\/357|[from] Stealth Rock
|move|p2a: Jirachi|Zen Headbutt|p1a: Tyranit0r
|-damage|p1a: Tyranit0r|51\/357
|-damage|p2a: Jirachi|216\/345|[from] ability: Rough Skin|[of] p1a: Tyranit0r
|-damage|p2a: Jirachi|159\/345|[from] item: Rocky Helmet|[of] p1a: Tyranit0r
|
|-heal|p2a: Jirachi|180\/345|[from] item: Leftovers
|turn|39
|
|switch|p1a: Blast0ise|Venusaur-Mega, M|206\/364 par
|-damage|p1a: Blast0ise|161\/364 par|[from] Stealth Rock
|switch|p2a: Gliscor|Gliscor, M|333\/354 tox
|
|-heal|p2a: Gliscor|354\/354 tox|[from] ability: Poison Heal
|turn|40
|
|switch|p2a: Noivern|Noivern, F|311\/311
|move|p1a: Blast0ise|Synthesis|p1a: Blast0ise
|-heal|p1a: Blast0ise|343\/364 par
|
|turn|41
|
|move|p2a: Noivern|Hurricane|p1a: Blast0ise
|-supereffective|p1a: Blast0ise
|-damage|p1a: Blast0ise|0 fnt
|faint|p1a: Blast0ise
|
|
|switch|p1a: Gall0de|Gardevoir, F, shiny|278\/278
|-damage|p1a: Gall0de|244\/278|[from] Stealth Rock
|turn|42
|
|move|p2a: Noivern|Hurricane|p1a: Gall0de|[miss]
|-miss|p2a: Noivern|p1a: Gall0de
|move|p1a: Gall0de|Moonblast|p2a: Noivern
|-supereffective|p2a: Noivern
|-damage|p2a: Noivern|0 fnt
|faint|p2a: Noivern
|
|-heal|p1a: Gall0de|261\/278|[from] item: Leftovers
|
|switch|p2a: Jirachi|Jirachi|180\/345
|turn|43
|c|âaurumventus|I got a kill! And it only took 42 turns. XD
|
|switch|p1a: Tyranit0r|Garchomp, M, shiny|51\/357
|-damage|p1a: Tyranit0r|29\/357|[from] Stealth Rock
|move|p2a: Jirachi|Iron Head|p1a: Tyranit0r
|-damage|p1a: Tyranit0r|0 fnt
|-damage|p2a: Jirachi|137\/345|[from] ability: Rough Skin|[of] p1a: Tyranit0r
|-damage|p2a: Jirachi|80\/345|[from] item: Rocky Helmet|[of] p1a: Tyranit0r
|faint|p1a: Tyranit0r
|
|-heal|p2a: Jirachi|101\/345|[from] item: Leftovers
|
|switch|p1a: De0xys|Rotom-Wash|123\/303 tox
|-damage|p1a: De0xys|86\/303 tox|[from] Stealth Rock
|turn|44
|c|âKnightSansArmour|If the hurricane landed, you wouldn't have :P
|c|âaurumventus|True enough. :'(
|
|switch|p2a: Chansey|Chansey, F|352\/704
|move|p1a: De0xys|Rest|p1a: De0xys
|-status|p1a: De0xys|slp
|-heal|p1a: De0xys|303\/303 slp|[silent]
|-status|p1a: De0xys|slp|[from] move: Rest
|
|turn|45
|
|cant|p1a: De0xys|slp
|move|p2a: Chansey|Soft-Boiled|p2a: Chansey
|-heal|p2a: Chansey|704\/704
|
|turn|46
|
|switch|p2a: Zapdos|Zapdos|228\/384
|-ability|p2a: Zapdos|Pressure
|cant|p1a: De0xys|slp
|
|turn|47
|
|move|p2a: Zapdos|Roost|p2a: Zapdos
|-heal|p2a: Zapdos|384\/384
|-curestatus|p1a: De0xys|slp
|move|p1a: De0xys|Volt Switch|p2a: Zapdos
|-resisted|p2a: Zapdos
|-damage|p2a: Zapdos|338\/384
|
|switch|p1a: Gall0de|Gardevoir, F, shiny|261\/278
|-damage|p1a: Gall0de|227\/278|[from] Stealth Rock
|
|-heal|p1a: Gall0de|244\/278|[from] item: Leftovers
|turn|48
|
|move|p2a: Zapdos|Thunderbolt|p1a: Gall0de
|-damage|p1a: Gall0de|127\/278
|move|p1a: Gall0de|Will-O-Wisp|p2a: Zapdos
|-status|p2a: Zapdos|brn
|
|-heal|p1a: Gall0de|144\/278|[from] item: Leftovers
|-damage|p2a: Zapdos|290\/384 brn|[from] brn
|turn|49
|
|move|p2a: Zapdos|Thunderbolt|p1a: Gall0de
|-damage|p1a: Gall0de|11\/278
|move|p1a: Gall0de|Moonblast|p2a: Zapdos
|-damage|p2a: Zapdos|106\/384 brn
|
|-heal|p1a: Gall0de|28\/278|[from] item: Leftovers
|-damage|p2a: Zapdos|58\/384 brn|[from] brn
|turn|50
|
|move|p2a: Zapdos|Thunderbolt|p1a: Gall0de
|-damage|p1a: Gall0de|0 fnt
|faint|p1a: Gall0de
|
|-damage|p2a: Zapdos|10\/384 brn|[from] brn
|
|switch|p1a: De0xys|Rotom-Wash|303\/303
|-damage|p1a: De0xys|266\/303|[from] Stealth Rock
|turn|51
|
|move|p2a: Zapdos|Thunderbolt|p1a: De0xys
|-damage|p1a: De0xys|98\/303
|move|p1a: De0xys|Hydro Pump|p2a: Zapdos
|-damage|p2a: Zapdos|0 fnt
|faint|p2a: Zapdos
|
|
|switch|p2a: Gliscor|Gliscor, M|354\/354 tox
|turn|52
|
|move|p2a: Gliscor|Protect|p2a: Gliscor
|-singleturn|p2a: Gliscor|Protect
|move|p1a: De0xys|Rest|p1a: De0xys
|-status|p1a: De0xys|slp
|-heal|p1a: De0xys|303\/303 slp|[silent]
|-status|p1a: De0xys|slp|[from] move: Rest
|
|turn|53
|
|switch|p2a: Jirachi|Jirachi|101\/345
|cant|p1a: De0xys|slp
|
|-heal|p2a: Jirachi|122\/345|[from] item: Leftovers
|turn|54
|
|move|p2a: Jirachi|Zen Headbutt|p1a: De0xys
|-damage|p1a: De0xys|221\/303 slp
|cant|p1a: De0xys|slp
|
|-heal|p2a: Jirachi|143\/345|[from] item: Leftovers
|turn|55
|
|move|p2a: Jirachi|Zen Headbutt|p1a: De0xys
|-damage|p1a: De0xys|128\/303 slp
|-curestatus|p1a: De0xys|slp
|cant|p1a: De0xys|flinch
|
|-heal|p2a: Jirachi|164\/345|[from] item: Leftovers
|turn|56
|
|move|p2a: Jirachi|Zen Headbutt|p1a: De0xys
|-damage|p1a: De0xys|41\/303
|cant|p1a: De0xys|flinch
|
|-heal|p2a: Jirachi|185\/345|[from] item: Leftovers
|turn|57
|c|âaurumventus|gg
|c|âKnightSansArmour|gg
|
|move|p2a: Jirachi|Zen Headbutt|p1a: De0xys
|-damage|p1a: De0xys|0 fnt
|faint|p1a: De0xys
|
|win|KnightSansArmour