|join|KnightSansArmour
|join|MrGlass23
|player|p1|KnightSansArmour|208
|player|p2|MrGlass23|102
|gametype|singles
|gen|6
|tier|OU
|clearpoke
|poke|p1|Chansey, F
|poke|p1|Gliscor, F
|poke|p1|Blastoise, M
|poke|p1|Noivern, F
|poke|p1|Metagross
|poke|p1|Zapdos
|poke|p2|Charizard, M, shiny
|poke|p2|Blastoise, M
|poke|p2|Venusaur, M, shiny
|poke|p2|Weavile, F
|poke|p2|Electivire, M
|poke|p2|Blissey, F
|rule|Swagger Clause: Swagger is banned
|rule|Baton Pass Clause: Limit one PokÃ©mon knowing Baton Pass
|rule|Sleep Clause Mod: Limit one foe put to sleep
|rule|Species Clause: Limit one of each PokÃ©mon
|rule|OHKO Clause: OHKO moves are banned
|rule|Moody Clause: Moody is banned
|rule|Evasion Moves Clause: Evasion moves are banned
|rule|Endless Battle Clause: Forcing endless battles is banned
|rule|HP Percentage Mod: HP is shown in percentages
|teampreview
|c|âMrGlass23|glhf
|c|âKnightSansArmour|good luck, have fun
|
|start
|switch|p1a: Chansey|Chansey, F|704\/704
|switch|p2a: Charizard|Charizard, M, shiny|298\/298
|turn|1
|
|switch|p2a: Electivire|Electivire, M|292\/292
|move|p1a: Chansey|Toxic|p2a: Electivire
|-status|p2a: Electivire|tox
|
|-damage|p2a: Electivire|274\/292 tox|[from] psn
|turn|2
|
|switch|p1a: Gliscor|Gliscor, F|354\/354
|move|p2a: Electivire|Flamethrower|p1a: Gliscor
|-damage|p1a: Gliscor|269\/354
|
|-damage|p2a: Electivire|238\/292 tox|[from] psn
|-status|p1a: Gliscor|tox|[from] item: Toxic Orb
|turn|3
|
|switch|p2a: Weavile|Weavile, F|282\/282
|move|p1a: Gliscor|Protect|p1a: Gliscor
|-fail|p1a: Gliscor
|
|-heal|p1a: Gliscor|313\/354 tox|[from] ability: Poison Heal
|turn|4
|
|move|p1a: Gliscor|Protect|p1a: Gliscor
|-singleturn|p1a: Gliscor|Protect
|move|p2a: Weavile|Ice Shard|p1a: Gliscor
|-activate|p1a: Gliscor|Protect
|
|-heal|p1a: Gliscor|354\/354 tox|[from] ability: Poison Heal
|turn|5
|
|switch|p1a: Blastoise|Blastoise, M|362\/362
|move|p2a: Weavile|Power-Up Punch|p1a: Blastoise
|-damage|p1a: Blastoise|315\/362
|-boost|p2a: Weavile|atk|1
|
|turn|6
|
|detailschange|p1a: Blastoise|Blastoise-Mega, M
|message|Blastoise has Mega Evolved into Mega Blastoise!
|move|p2a: Weavile|Night Slash|p1a: Blastoise
|-damage|p1a: Blastoise|167\/362
|move|p1a: Blastoise|Aura Sphere|p2a: Weavile
|-supereffective|p2a: Weavile
|-enditem|p2a: Weavile|Focus Sash
|-damage|p2a: Weavile|1\/282
|
|turn|7
|
|switch|p2a: Electivire|Electivire, M|238\/292 tox
|move|p1a: Blastoise|Aura Sphere|p2a: Electivire
|-damage|p2a: Electivire|45\/292 tox
|
|-damage|p2a: Electivire|27\/292 tox|[from] psn
|turn|8
|
|switch|p1a: Gliscor|Gliscor, F|354\/354 tox
|move|p2a: Electivire|Wild Charge|p1a: Gliscor
|-immune|p1a: Gliscor|[msg]
|
|-damage|p2a: Electivire|0 fnt|[from] psn
|faint|p2a: Electivire
|
|switch|p2a: Weavile|Weavile, F|1\/282
|turn|9
|
|switch|p1a: Metagross|Metagross|364\/364
|move|p2a: Weavile|Ice Shard|p1a: Metagross
|-resisted|p1a: Metagross
|-damage|p1a: Metagross|336\/364
|
|turn|10
|
|switch|p2a: Blastoise|Blastoise, M|362\/362
|move|p1a: Metagross|Bullet Punch|p2a: Blastoise
|-resisted|p2a: Blastoise
|-damage|p2a: Blastoise|320\/362
|
|-heal|p2a: Blastoise|342\/362|[from] item: Leftovers
|turn|11
|
|switch|p1a: Chansey|Chansey, F|704\/704
|move|p2a: Blastoise|Scald|p1a: Chansey
|-damage|p1a: Chansey|649\/704
|
|-heal|p2a: Blastoise|362\/362|[from] item: Leftovers
|turn|12
|
|switch|p2a: Venusaur|Venusaur, M, shiny|364\/364
|move|p1a: Chansey|Toxic|p2a: Venusaur|[miss]
|-miss|p1a: Chansey|p2a: Venusaur
|
|turn|13
|
|switch|p1a: Noivern|Noivern, F|311\/311
|move|p2a: Venusaur|Leech Seed|p1a: Noivern
|-start|p1a: Noivern|move: Leech Seed
|
|-damage|p1a: Noivern|273\/311|[from] Leech Seed|[of] p2a: Venusaur
|turn|14
|
|switch|p1a: Metagross|Metagross|336\/364
|switch|p2a: Blastoise|Blastoise, M|362\/362
|
|turn|15
|
|switch|p1a: Chansey|Chansey, F|649\/704
|move|p2a: Blastoise|Scald|p1a: Chansey
|-damage|p1a: Chansey|594\/704
|
|turn|16
|
|switch|p2a: Venusaur|Venusaur, M, shiny|364\/364
|move|p1a: Chansey|Seismic Toss|p2a: Venusaur
|-damage|p2a: Venusaur|264\/364
|
|turn|17
|
|switch|p1a: Noivern|Noivern, F|273\/311
|move|p2a: Venusaur|Sleep Powder|p1a: Noivern|[miss]
|-miss|p2a: Venusaur|p1a: Noivern
|
|turn|18
|
|switch|p2a: Blissey|Blissey, F|714\/714
|move|p1a: Noivern|Hurricane|p2a: Blissey|[miss]
|-miss|p1a: Noivern|p2a: Blissey
|
|turn|19
|
|switch|p1a: Gliscor|Gliscor, F|354\/354 tox
|move|p2a: Blissey|Wish|p2a: Blissey
|
|turn|20
|
|switch|p2a: Charizard|Charizard, M, shiny|298\/298
|move|p1a: Gliscor|Earthquake|p2a: Charizard
|-immune|p2a: Charizard|[msg]
|
|turn|21
|
|switch|p1a: Chansey|Chansey, F|594\/704
|detailschange|p2a: Charizard|Charizard-Mega-Y, M, shiny
|message|Charizard has Mega Evolved into Mega Charizard!
|-weather|SunnyDay
|move|p2a: Charizard|Fire Blast|p1a: Chansey|[miss]
|-miss|p2a: Charizard|p1a: Chansey
|
|-weather|SunnyDay|[upkeep]
|turn|22
|
|switch|p2a: Venusaur|Venusaur, M, shiny|264\/364
|move|p1a: Chansey|Toxic|p2a: Venusaur
|-fail|p2a: Venusaur
|
|-weather|SunnyDay|[upkeep]
|turn|23
|
|move|p2a: Venusaur|Leech Seed|p1a: Chansey
|-start|p1a: Chansey|move: Leech Seed
|move|p1a: Chansey|Seismic Toss|p2a: Venusaur
|-damage|p2a: Venusaur|164\/364
|
|-weather|SunnyDay|[upkeep]
|-damage|p1a: Chansey|506\/704|[from] Leech Seed|[of] p2a: Venusaur
|-heal|p2a: Venusaur|278\/364|[silent]
|turn|24
|
|switch|p1a: Metagross|Metagross|336\/364
|move|p2a: Venusaur|Sludge Bomb|p1a: Metagross
|-immune|p1a: Metagross|[msg]
|
|-weather|SunnyDay|[upkeep]
|turn|25
|
|move|p2a: Venusaur|Sleep Powder|p1a: Metagross
|-status|p1a: Metagross|slp
|cant|p1a: Metagross|slp
|
|-weather|none
|turn|26
|
|switch|p2a: Weavile|Weavile, F|1\/282
|switch|p1a: Zapdos|Zapdos|384\/384
|-ability|p1a: Zapdos|Pressure
|
|turn|27
|
|move|p2a: Weavile|Icicle Crash|p1a: Zapdos
|-supereffective|p1a: Zapdos
|-damage|p1a: Zapdos|36\/384
|move|p1a: Zapdos|Thunderbolt|p2a: Weavile
|-damage|p2a: Weavile|0 fnt
|faint|p2a: Weavile
|
|-heal|p1a: Zapdos|60\/384|[from] item: Leftovers
|
|switch|p2a: Charizard|Charizard-Mega-Y, M, shiny|298\/298
|-weather|SunnyDay
|turn|28
|
|move|p2a: Charizard|Fire Blast|p1a: Zapdos
|-damage|p1a: Zapdos|0 fnt
|faint|p1a: Zapdos
|
|-weather|SunnyDay|[upkeep]
|
|switch|p1a: Chansey|Chansey, F|506\/704
|turn|29
|
|move|p2a: Charizard|Focus Blast|p1a: Chansey|[miss]
|-miss|p2a: Charizard|p1a: Chansey
|move|p1a: Chansey|Aromatherapy|p1a: Chansey
|-cureteam|p1a: Chansey|[from] move: Aromatherapy
|
|-weather|SunnyDay|[upkeep]
|turn|30
|
|switch|p2a: Venusaur|Venusaur, M, shiny|278\/364
|move|p1a: Chansey|Soft-Boiled|p1a: Chansey
|-heal|p1a: Chansey|704\/704
|
|-weather|SunnyDay|[upkeep]
|turn|31
|
|move|p2a: Venusaur|Leech Seed|p1a: Chansey
|-start|p1a: Chansey|move: Leech Seed
|move|p1a: Chansey|Seismic Toss|p2a: Venusaur
|-damage|p2a: Venusaur|178\/364
|
|-weather|SunnyDay|[upkeep]
|-damage|p1a: Chansey|616\/704|[from] Leech Seed|[of] p2a: Venusaur
|-heal|p2a: Venusaur|292\/364|[silent]
|turn|32
|
|switch|p1a: Noivern|Noivern, F|273\/311
|move|p2a: Venusaur|Giga Drain|p1a: Noivern
|-resisted|p1a: Noivern
|-damage|p1a: Noivern|246\/311
|-heal|p2a: Venusaur|310\/364|[from] drain|[of] p1a: Noivern
|
|-weather|none
|turn|33
|
|switch|p2a: Blastoise|Blastoise, M|362\/362
|move|p1a: Noivern|Hurricane|p2a: Blastoise
|-damage|p2a: Blastoise|184\/362
|-start|p2a: Blastoise|confusion
|
|-heal|p2a: Blastoise|206\/362|[from] item: Leftovers
|turn|34
|
|switch|p1a: Chansey|Chansey, F|616\/704
|-activate|p2a: Blastoise|confusion
|move|p2a: Blastoise|Ice Beam|p1a: Chansey
|-damage|p1a: Chansey|578\/704
|
|-heal|p2a: Blastoise|228\/362|[from] item: Leftovers
|turn|35
|
|switch|p2a: Blissey|Blissey, F|714\/714
|move|p1a: Chansey|Seismic Toss|p2a: Blissey
|-damage|p2a: Blissey|614\/714
|
|-heal|p2a: Blissey|658\/714|[from] item: Leftovers
|turn|36
|
|switch|p1a: Gliscor|Gliscor, F|354\/354
|move|p2a: Blissey|Seismic Toss|p1a: Gliscor
|-damage|p1a: Gliscor|254\/354
|
|-heal|p2a: Blissey|702\/714|[from] item: Leftovers
|-status|p1a: Gliscor|tox|[from] item: Toxic Orb
|turn|37
|
|switch|p2a: Charizard|Charizard-Mega-Y, M, shiny|298\/298
|-weather|SunnyDay
|move|p1a: Gliscor|Toxic|p2a: Charizard
|-status|p2a: Charizard|tox
|
|-weather|SunnyDay|[upkeep]
|-damage|p2a: Charizard|280\/298 tox|[from] psn
|-heal|p1a: Gliscor|298\/354 tox|[from] ability: Poison Heal
|turn|38
|
|move|p1a: Gliscor|Protect|p1a: Gliscor
|-singleturn|p1a: Gliscor|Protect
|move|p2a: Charizard|Fire Blast|p1a: Gliscor
|-activate|p1a: Gliscor|Protect
|
|-weather|SunnyDay|[upkeep]
|-damage|p2a: Charizard|244\/298 tox|[from] psn
|-heal|p1a: Gliscor|342\/354 tox|[from] ability: Poison Heal
|turn|39
|
|switch|p1a: Chansey|Chansey, F|578\/704
|move|p2a: Charizard|Fire Blast|p1a: Chansey
|-damage|p1a: Chansey|365\/704
|-status|p1a: Chansey|brn
|
|-weather|SunnyDay|[upkeep]
|-damage|p2a: Charizard|190\/298 tox|[from] psn
|-damage|p1a: Chansey|277\/704 brn|[from] brn
|turn|40
|
|move|p2a: Charizard|Focus Blast|p1a: Chansey|[miss]
|-miss|p2a: Charizard|p1a: Chansey
|move|p1a: Chansey|Soft-Boiled|p1a: Chansey
|-heal|p1a: Chansey|629\/704 brn
|
|-weather|SunnyDay|[upkeep]
|-damage|p2a: Charizard|118\/298 tox|[from] psn
|-damage|p1a: Chansey|541\/704 brn|[from] brn
|turn|41
|
|move|p2a: Charizard|Focus Blast|p1a: Chansey
|-supereffective|p1a: Chansey
|-damage|p1a: Chansey|315\/704 brn
|move|p1a: Chansey|Soft-Boiled|p1a: Chansey
|-heal|p1a: Chansey|667\/704 brn
|
|-weather|none
|-damage|p2a: Charizard|28\/298 tox|[from] psn
|-damage|p1a: Chansey|579\/704 brn|[from] brn
|turn|42
|
|move|p2a: Charizard|Focus Blast|p1a: Chansey
|-supereffective|p1a: Chansey
|-damage|p1a: Chansey|363\/704 brn
|move|p1a: Chansey|Soft-Boiled|p1a: Chansey
|-heal|p1a: Chansey|704\/704 brn
|
|-damage|p2a: Charizard|0 fnt|[from] psn
|-damage|p1a: Chansey|616\/704 brn|[from] brn
|faint|p2a: Charizard
|
|switch|p2a: Venusaur|Venusaur, M, shiny|310\/364
|turn|43
|
|switch|p1a: Noivern|Noivern, F|246\/311
|move|p2a: Venusaur|Leech Seed|p1a: Noivern
|-start|p1a: Noivern|move: Leech Seed
|
|-damage|p1a: Noivern|208\/311|[from] Leech Seed|[of] p2a: Venusaur
|-heal|p2a: Venusaur|359\/364|[silent]
|turn|44
|
|switch|p1a: Metagross|Metagross|336\/364
|move|p2a: Venusaur|Sludge Bomb|p1a: Metagross
|-immune|p1a: Metagross|[msg]
|
|turn|45
|
|switch|p1a: Chansey|Chansey, F|616\/704
|move|p2a: Venusaur|Leech Seed|p1a: Chansey
|-start|p1a: Chansey|move: Leech Seed
|
|-damage|p1a: Chansey|528\/704|[from] Leech Seed|[of] p2a: Venusaur
|-heal|p2a: Venusaur|364\/364|[silent]
|turn|46
|
|switch|p1a: Metagross|Metagross|336\/364
|move|p2a: Venusaur|Sludge Bomb|p1a: Metagross
|-immune|p1a: Metagross|[msg]
|
|turn|47
|
|move|p2a: Venusaur|Sleep Powder|p1a: Metagross
|-status|p1a: Metagross|slp
|cant|p1a: Metagross|slp
|
|turn|48
|
|switch|p1a: Noivern|Noivern, F|208\/311
|move|p2a: Venusaur|Leech Seed|p1a: Noivern
|-start|p1a: Noivern|move: Leech Seed
|
|-damage|p1a: Noivern|170\/311|[from] Leech Seed|[of] p2a: Venusaur
|turn|49
|
|switch|p1a: Chansey|Chansey, F|528\/704
|move|p2a: Venusaur|Sludge Bomb|p1a: Chansey
|-damage|p1a: Chansey|465\/704
|
|turn|50
|
|move|p2a: Venusaur|Giga Drain|p1a: Chansey
|-damage|p1a: Chansey|404\/704
|move|p1a: Chansey|Aromatherapy|p1a: Chansey
|-cureteam|p1a: Chansey|[from] move: Aromatherapy
|
|turn|51
|
|switch|p2a: Blastoise|Blastoise, M|228\/362
|switch|p1a: Noivern|Noivern, F|170\/311
|
|-heal|p2a: Blastoise|250\/362|[from] item: Leftovers
|turn|52
|
|switch|p1a: Chansey|Chansey, F|404\/704
|move|p2a: Blastoise|Scald|p1a: Chansey
|-damage|p1a: Chansey|349\/704
|
|-heal|p2a: Blastoise|272\/362|[from] item: Leftovers
|turn|53
|
|move|p2a: Blastoise|Scald|p1a: Chansey
|-damage|p1a: Chansey|294\/704
|move|p1a: Chansey|Soft-Boiled|p1a: Chansey
|-heal|p1a: Chansey|646\/704
|
|-heal|p2a: Blastoise|294\/362|[from] item: Leftovers
|turn|54
|
|move|p2a: Blastoise|Scald|p1a: Chansey
|-damage|p1a: Chansey|597\/704
|move|p1a: Chansey|Seismic Toss|p2a: Blastoise
|-damage|p2a: Blastoise|194\/362
|
|-heal|p2a: Blastoise|216\/362|[from] item: Leftovers
|turn|55
|
|switch|p2a: Venusaur|Venusaur, M, shiny|364\/364
|move|p1a: Chansey|Toxic|p2a: Venusaur
|-fail|p2a: Venusaur
|
|turn|56
|
|switch|p1a: Noivern|Noivern, F|170\/311
|move|p2a: Venusaur|Leech Seed|p1a: Noivern
|-start|p1a: Noivern|move: Leech Seed
|
|-damage|p1a: Noivern|132\/311|[from] Leech Seed|[of] p2a: Venusaur
|turn|57
|
|move|p1a: Noivern|Hurricane|p2a: Venusaur
|-supereffective|p2a: Venusaur
|-damage|p2a: Venusaur|0 fnt
|faint|p2a: Venusaur
|
|
|switch|p2a: Blissey|Blissey, F|702\/714
|turn|58
|
|switch|p1a: Gliscor|Gliscor, F|342\/354
|move|p2a: Blissey|Seismic Toss|p1a: Gliscor
|-damage|p1a: Gliscor|242\/354
|
|-heal|p2a: Blissey|714\/714|[from] item: Leftovers
|-status|p1a: Gliscor|tox|[from] item: Toxic Orb
|turn|59
|
|switch|p2a: Blastoise|Blastoise, M|216\/362
|move|p1a: Gliscor|Toxic|p2a: Blastoise
|-status|p2a: Blastoise|tox
|
|-heal|p2a: Blastoise|238\/362 tox|[from] item: Leftovers
|-heal|p1a: Gliscor|286\/354 tox|[from] ability: Poison Heal
|-damage|p2a: Blastoise|216\/362 tox|[from] psn
|turn|60
|c|âMrGlass23|gg
|c|âKnightSansArmour|gg
|
|move|p1a: Gliscor|Protect|p1a: Gliscor
|-singleturn|p1a: Gliscor|Protect
|move|p2a: Blastoise|Ice Beam|p1a: Gliscor
|-activate|p1a: Gliscor|Protect
|
|-heal|p2a: Blastoise|238\/362 tox|[from] item: Leftovers
|-heal|p1a: Gliscor|330\/354 tox|[from] ability: Poison Heal
|-damage|p2a: Blastoise|194\/362 tox|[from] psn
|turn|61
|
|switch|p1a: Chansey|Chansey, F|597\/704
|move|p2a: Blastoise|Ice Beam|p1a: Chansey
|-damage|p1a: Chansey|557\/704
|
|-heal|p2a: Blastoise|216\/362 tox|[from] item: Leftovers
|-damage|p2a: Blastoise|150\/362 tox|[from] psn
|turn|62
|
|move|p2a: Blastoise|Scald|p1a: Chansey
|-damage|p1a: Chansey|503\/704
|move|p1a: Chansey|Seismic Toss|p2a: Blastoise
|-damage|p2a: Blastoise|50\/362 tox
|
|-heal|p2a: Blastoise|72\/362 tox|[from] item: Leftovers
|-damage|p2a: Blastoise|0 fnt|[from] psn
|faint|p2a: Blastoise
|
|switch|p2a: Blissey|Blissey, F|714\/714
|turn|63
|
|move|p2a: Blissey|Seismic Toss|p1a: Chansey
|-damage|p1a: Chansey|403\/704
|move|p1a: Chansey|Toxic|p2a: Blissey
|-status|p2a: Blissey|tox
|
|-damage|p2a: Blissey|670\/714 tox|[from] psn
|turn|64
|
|switch|p1a: Gliscor|Gliscor, F|330\/354 tox
|move|p2a: Blissey|Seismic Toss|p1a: Gliscor
|-damage|p1a: Gliscor|230\/354 tox
|
|-heal|p2a: Blissey|714\/714 tox|[from] item: Leftovers
|-heal|p1a: Gliscor|274\/354 tox|[from] ability: Poison Heal
|-damage|p2a: Blissey|626\/714 tox|[from] psn
|turn|65
|
|move|p1a: Gliscor|Protect|p1a: Gliscor
|-singleturn|p1a: Gliscor|Protect
|move|p2a: Blissey|Seismic Toss|p1a: Gliscor
|-activate|p1a: Gliscor|Protect
|
|-heal|p2a: Blissey|670\/714 tox|[from] item: Leftovers
|-heal|p1a: Gliscor|318\/354 tox|[from] ability: Poison Heal
|-damage|p2a: Blissey|538\/714 tox|[from] psn
|turn|66
|
|move|p1a: Gliscor|Substitute|p1a: Gliscor
|-start|p1a: Gliscor|Substitute
|-damage|p1a: Gliscor|230\/354 tox
|move|p2a: Blissey|Seismic Toss|p1a: Gliscor
|-end|p1a: Gliscor|Substitute
|
|-heal|p2a: Blissey|582\/714 tox|[from] item: Leftovers
|-heal|p1a: Gliscor|274\/354 tox|[from] ability: Poison Heal
|-damage|p2a: Blissey|406\/714 tox|[from] psn
|turn|67
|
|move|p1a: Gliscor|Protect|p1a: Gliscor
|-singleturn|p1a: Gliscor|Protect
|move|p2a: Blissey|Seismic Toss|p1a: Gliscor
|-activate|p1a: Gliscor|Protect
|
|-heal|p2a: Blissey|450\/714 tox|[from] item: Leftovers
|-heal|p1a: Gliscor|318\/354 tox|[from] ability: Poison Heal
|-damage|p2a: Blissey|230\/714 tox|[from] psn
|turn|68
|
|move|p1a: Gliscor|Earthquake|p2a: Blissey
|-damage|p2a: Blissey|20\/714 tox
|move|p2a: Blissey|Seismic Toss|p1a: Gliscor
|-damage|p1a: Gliscor|218\/354 tox
|
|-heal|p2a: Blissey|64\/714 tox|[from] item: Leftovers
|-heal|p1a: Gliscor|262\/354 tox|[from] ability: Poison Heal
|-damage|p2a: Blissey|0 fnt|[from] psn
|faint|p2a: Blissey
|
|win|KnightSansArmour
|c|âMrGlass23|gg