|join|KnightSansArmour
|join|Ash Ketchum here
|player|p1|KnightSansArmour|208
|player|p2|Ash Ketchum here|13
|gametype|singles
|gen|6
|tier|OU
|rated
|clearpoke
|poke|p1|Gliscor, M
|poke|p1|Chansey, F
|poke|p1|Noivern, F
|poke|p1|Blastoise, M
|poke|p1|Zapdos
|poke|p1|Metagross
|poke|p2|Krookodile, M
|poke|p2|Mamoswine, M
|poke|p2|Infernape, M
|poke|p2|Gliscor, M
|poke|p2|Togekiss, F
|poke|p2|Heracross, M
|rule|Swagger Clause: Swagger is banned
|rule|Baton Pass Clause: Limit three PokÃ©mon knowing Baton Pass
|rule|Sleep Clause Mod: Limit one foe put to sleep
|rule|Species Clause: Limit one of each PokÃ©mon
|rule|OHKO Clause: OHKO moves are banned
|rule|Moody Clause: Moody is banned
|rule|Evasion Moves Clause: Evasion moves are banned
|rule|Endless Battle Clause: Forcing endless battles is banned
|rule|HP Percentage Mod: HP is reported as percentages
|teampreview
|
|start
|switch|p1a: Blastoise|Blastoise, M|362\/362
|switch|p2a: KGB|Mamoswine, M|362\/362
|turn|1
|
|switch|p2a: In luck we trust|Togekiss, F|311\/311
|detailschange|p1a: Blastoise|Blastoise-Mega, M
|message|Blastoise has Mega Evolved into Mega Blastoise!
|move|p1a: Blastoise|Water Pulse|p2a: In luck we trust
|-damage|p2a: In luck we trust|148\/311
|
|turn|2
|
|move|p2a: In luck we trust|Air Slash|p1a: Blastoise
|-damage|p1a: Blastoise|259\/362
|move|p1a: Blastoise|Water Pulse|p2a: In luck we trust
|-damage|p2a: In luck we trust|0 fnt
|faint|p2a: In luck we trust
|
|
|switch|p2a: DEMOCRACY?!|Heracross, M|301\/301
|turn|3
|
|switch|p1a: Gliscor|Gliscor, M|354\/354
|detailschange|p2a: DEMOCRACY?!|Heracross-Mega, M
|message|Heracross has Mega Evolved into Mega Heracross!
|move|p2a: DEMOCRACY?!|Bullet Seed|p1a: Gliscor
|-damage|p1a: Gliscor|328\/354
|-damage|p1a: Gliscor|298\/354
|-damage|p1a: Gliscor|269\/354
|-damage|p1a: Gliscor|241\/354
|-damage|p1a: Gliscor|211\/354
|-hitcount|p1a: Gliscor|5
|
|-status|p1a: Gliscor|tox|[from] item: Toxic Orb
|turn|4
|
|move|p2a: DEMOCRACY?!|Bullet Seed|p1a: Gliscor
|-damage|p1a: Gliscor|185\/354 tox
|-damage|p1a: Gliscor|158\/354 tox
|-damage|p1a: Gliscor|129\/354 tox
|-damage|p1a: Gliscor|101\/354 tox
|-damage|p1a: Gliscor|74\/354 tox
|-hitcount|p1a: Gliscor|5
|move|p1a: Gliscor|Toxic|p2a: DEMOCRACY?!
|-status|p2a: DEMOCRACY?!|tox
|
|-damage|p2a: DEMOCRACY?!|283\/301 tox|[from] psn
|-heal|p1a: Gliscor|118\/354 tox|[from] ability: Poison Heal
|turn|5
|
|switch|p2a: KGB|Mamoswine, M|362\/362
|move|p1a: Gliscor|Protect|p1a: Gliscor
|-fail|p1a: Gliscor
|
|-heal|p1a: Gliscor|162\/354 tox|[from] ability: Poison Heal
|turn|6
|
|switch|p1a: Metagross|Metagross|364\/364
|move|p2a: KGB|Stealth Rock|p1a: Metagross
|-sidestart|p1: KnightSansArmour|move: Stealth Rock
|
|turn|7
|
|move|p2a: KGB|Earthquake|p1a: Metagross
|-supereffective|p1a: Metagross
|-damage|p1a: Metagross|0 fnt
|-damage|p2a: KGB|326\/362|[from] item: Life Orb
|faint|p1a: Metagross
|
|
|switch|p1a: Blastoise|Blastoise-Mega, M|259\/362
|-damage|p1a: Blastoise|214\/362|[from] Stealth Rock
|turn|8
|
|move|p2a: KGB|Earthquake|p1a: Blastoise
|-damage|p1a: Blastoise|11\/362
|-damage|p2a: KGB|290\/362|[from] item: Life Orb
|move|p1a: Blastoise|Water Pulse|p2a: KGB
|-supereffective|p2a: KGB
|-damage|p2a: KGB|0 fnt
|faint|p2a: KGB
|
|
|switch|p2a: PROPAGANDA|Krookodile, M|331\/331
|turn|9
|
|move|p2a: PROPAGANDA|Pursuit|p1a: Blastoise
|-damage|p1a: Blastoise|0 fnt
|-damage|p2a: PROPAGANDA|298\/331|[from] item: Life Orb
|faint|p1a: Blastoise
|-boost|p2a: PROPAGANDA|atk|1|[from] ability: Moxie
|
|
|switch|p1a: Gliscor|Gliscor, M|162\/354 tox
|-damage|p1a: Gliscor|118\/354 tox|[from] Stealth Rock
|turn|10
|
|move|p2a: PROPAGANDA|Knock Off|p1a: Gliscor
|-damage|p1a: Gliscor|0 fnt
|-enditem|p1a: Gliscor|Toxic Orb|[from] move: Knock Off|[of] p2a: PROPAGANDA
|-damage|p2a: PROPAGANDA|265\/331|[from] item: Life Orb
|faint|p1a: Gliscor
|-boost|p2a: PROPAGANDA|atk|1|[from] ability: Moxie
|
|
|switch|p1a: Noivern|Noivern, F|311\/311
|-damage|p1a: Noivern|234\/311|[from] Stealth Rock
|turn|11
|
|move|p1a: Noivern|Draco Meteor|p2a: PROPAGANDA
|-damage|p2a: PROPAGANDA|0 fnt
|-unboost|p1a: Noivern|spa|2
|faint|p2a: PROPAGANDA
|
|
|switch|p2a: DEMOCRACY?!|Heracross-Mega, M|283\/301 tox
|turn|12
|
|switch|p1a: Chansey|Chansey, F|704\/704
|-damage|p1a: Chansey|616\/704|[from] Stealth Rock
|move|p2a: DEMOCRACY?!|Rock Blast|p1a: Chansey
|-damage|p1a: Chansey|555\/704
|-damage|p1a: Chansey|494\/704
|-damage|p1a: Chansey|441\/704
|-damage|p1a: Chansey|385\/704
|-damage|p1a: Chansey|333\/704
|-hitcount|p1a: Chansey|5
|
|-damage|p2a: DEMOCRACY?!|265\/301 tox|[from] psn
|turn|13
|
|move|p2a: DEMOCRACY?!|Pin Missile|p1a: Chansey
|-damage|p1a: Chansey|254\/704
|-damage|p1a: Chansey|175\/704
|-damage|p1a: Chansey|93\/704
|-damage|p1a: Chansey|15\/704
|-damage|p1a: Chansey|0 fnt
|-hitcount|p1a: Chansey|5
|faint|p1a: Chansey
|
|-damage|p2a: DEMOCRACY?!|229\/301 tox|[from] psn
|
|switch|p1a: Zapdos|Zapdos|384\/384
|-damage|p1a: Zapdos|288\/384|[from] Stealth Rock
|-ability|p1a: Zapdos|Pressure
|turn|14
|
|move|p2a: DEMOCRACY?!|Rock Blast|p1a: Zapdos
|-supereffective|p1a: Zapdos
|-damage|p1a: Zapdos|184\/384
|-supereffective|p1a: Zapdos
|-damage|p1a: Zapdos|84\/384
|-supereffective|p1a: Zapdos
|-damage|p1a: Zapdos|0 fnt
|-hitcount|p1a: Zapdos|3
|faint|p1a: Zapdos
|
|-damage|p2a: DEMOCRACY?!|175\/301 tox|[from] psn
|
|switch|p1a: Noivern|Noivern, F|234\/311
|-damage|p1a: Noivern|157\/311|[from] Stealth Rock
|turn|15
|
|move|p1a: Noivern|Hurricane|p2a: DEMOCRACY?!
|-crit|p2a: DEMOCRACY?!
|-supereffective|p2a: DEMOCRACY?!
|-damage|p2a: DEMOCRACY?!|0 fnt
|faint|p2a: DEMOCRACY?!
|
|
|switch|p2a: NKVD|Gliscor, M|354\/354
|turn|16
|
|move|p2a: NKVD|Protect|p2a: NKVD
|-singleturn|p2a: NKVD|Protect
|move|p1a: Noivern|Hurricane|p2a: NKVD
|-activate|p2a: NKVD|Protect
|
|-status|p2a: NKVD|tox|[from] item: Toxic Orb
|turn|17
|
|move|p1a: Noivern|Hurricane|p2a: NKVD
|-damage|p2a: NKVD|144\/354 tox
|move|p2a: NKVD|Ice Fang|p1a: Noivern
|-supereffective|p1a: Noivern
|-damage|p1a: Noivern|0 fnt
|faint|p1a: Noivern
|
|win|Ash Ketchum here
|raw|Ladder updating...
|raw|KnightSansArmour's rating: 1577 &rarr; <strong>1552<\/strong><br \/>(-25 for losing)
|raw|Ash Ketchum here's rating: 1488 &rarr; <strong>1513<\/strong><br \/>(+25 for winning)
|chat|KnightSansArmour|gg
|chat|Ash Ketchum here|gg
|leave|KnightSansArmour
|player|p1