|join|KnightSansArmour
|join|washeroscar
|player|p1|KnightSansArmour|208
|player|p2|washeroscar|2
|gametype|singles
|gen|6
|tier|OU
|rated
|clearpoke
|poke|p1|Gliscor, M
|poke|p1|Chansey, F
|poke|p1|Noivern, F
|poke|p1|Blastoise, M
|poke|p1|Zapdos
|poke|p1|Metagross
|poke|p2|Tyranitar, M
|poke|p2|Scizor, M
|poke|p2|Hydreigon, F
|poke|p2|Excadrill, F
|poke|p2|Sigilyph, M
|poke|p2|Gyarados, F
|rule|Swagger Clause: Swagger is banned
|rule|Baton Pass Clause: Limit one PokÃ©mon knowing Baton Pass
|rule|Sleep Clause Mod: Limit one foe put to sleep
|rule|Species Clause: Limit one of each PokÃ©mon
|rule|OHKO Clause: OHKO moves are banned
|rule|Moody Clause: Moody is banned
|rule|Evasion Moves Clause: Evasion moves are banned
|rule|Endless Battle Clause: Forcing endless battles is banned
|rule|HP Percentage Mod: HP is reported as percentages
|teampreview
|
|start
|switch|p1a: Blastoise|Blastoise, M|362\/362
|switch|p2a: Gyarados|Gyarados, F|332\/332
|-ability|p2a: Gyarados|Intimidate|[of] p1a: Blastoise
|-unboost|p1a: Blastoise|atk|1
|turn|1
|
|detailschange|p1a: Blastoise|Blastoise-Mega, M
|message|Blastoise has Mega Evolved into Mega Blastoise!
|move|p2a: Gyarados|Thunder Wave|p1a: Blastoise
|-status|p1a: Blastoise|par
|move|p1a: Blastoise|Dark Pulse|p2a: Gyarados
|-damage|p2a: Gyarados|178\/332
|
|-heal|p2a: Gyarados|198\/332|[from] item: Leftovers
|turn|2
|
|switch|p1a: Zapdos|Zapdos|384\/384
|-ability|p1a: Zapdos|Pressure
|move|p2a: Gyarados|Dragon Dance|p2a: Gyarados
|-boost|p2a: Gyarados|atk|1
|-boost|p2a: Gyarados|spe|1
|
|-heal|p2a: Gyarados|218\/332|[from] item: Leftovers
|turn|3
|
|move|p2a: Gyarados|Waterfall|p1a: Zapdos
|-damage|p1a: Zapdos|105\/384
|cant|p1a: Zapdos|flinch
|
|-heal|p2a: Gyarados|238\/332|[from] item: Leftovers
|-heal|p1a: Zapdos|129\/384|[from] item: Leftovers
|turn|4
|
|switch|p1a: Metagross|Metagross|364\/364
|move|p2a: Gyarados|Waterfall|p1a: Metagross
|-damage|p1a: Metagross|196\/364
|
|-heal|p2a: Gyarados|258\/332|[from] item: Leftovers
|turn|5
|
|move|p2a: Gyarados|Waterfall|p1a: Metagross
|-damage|p1a: Metagross|1\/364
|move|p1a: Metagross|Zen Headbutt|p2a: Gyarados
|-damage|p2a: Gyarados|57\/332
|
|-heal|p2a: Gyarados|77\/332|[from] item: Leftovers
|turn|6
|
|move|p2a: Gyarados|Waterfall|p1a: Metagross
|-damage|p1a: Metagross|0 fnt
|faint|p1a: Metagross
|
|-heal|p2a: Gyarados|97\/332|[from] item: Leftovers
|
|switch|p1a: Blastoise|Blastoise-Mega, M|362\/362 par
|turn|7
|
|move|p2a: Gyarados|Bounce|p1a: Blastoise|[still]
|-prepare|p2a: Gyarados|Bounce|p1a: Blastoise
|cant|p1a: Blastoise|par
|
|-heal|p2a: Gyarados|117\/332|[from] item: Leftovers
|turn|8
|
|move|p2a: Gyarados|Bounce|p1a: Blastoise|[miss]
|-miss|p2a: Gyarados|p1a: Blastoise
|move|p1a: Blastoise|Dark Pulse|p2a: Gyarados
|-crit|p2a: Gyarados
|-damage|p2a: Gyarados|0 fnt
|faint|p2a: Gyarados
|
|
|switch|p2a: Scizor|Scizor, M|282\/282
|turn|9
|
|move|p2a: Scizor|Swords Dance|p2a: Scizor
|-boost|p2a: Scizor|atk|2
|move|p1a: Blastoise|Water Pulse|p2a: Scizor
|-damage|p2a: Scizor|77\/282
|
|turn|10
|
|move|p2a: Scizor|Bug Bite|p1a: Blastoise
|-damage|p1a: Blastoise|0 fnt
|-damage|p2a: Scizor|49\/282|[from] item: Life Orb
|faint|p1a: Blastoise
|
|
|switch|p1a: Zapdos|Zapdos|129\/384
|-ability|p1a: Zapdos|Pressure
|turn|11
|
|move|p2a: Scizor|Bullet Punch|p1a: Zapdos
|-resisted|p1a: Zapdos
|-damage|p1a: Zapdos|0 fnt
|-damage|p2a: Scizor|21\/282|[from] item: Life Orb
|faint|p1a: Zapdos
|
|
|switch|p1a: Noivern|Noivern, F|311\/311
|turn|12
|
|move|p2a: Scizor|Bullet Punch|p1a: Noivern
|-damage|p1a: Noivern|0 fnt
|-damage|p2a: Scizor|0 fnt|[from] item: Life Orb
|faint|p1a: Noivern
|faint|p2a: Scizor
|
|
|switch|p1a: Gliscor|Gliscor, M|354\/354
|switch|p2a: Tyranitar|Tyranitar, M|342\/342
|-weather|Sandstorm
|turn|13
|
|detailschange|p2a: Tyranitar|Tyranitar-Mega, M
|message|Tyranitar has Mega Evolved into Mega Tyranitar!
|move|p1a: Gliscor|Protect|p1a: Gliscor
|-singleturn|p1a: Gliscor|Protect
|move|p2a: Tyranitar|Ice Beam|p1a: Gliscor
|-activate|p1a: Gliscor|Protect
|
|-weather|Sandstorm|[upkeep]
|-status|p1a: Gliscor|tox|[from] item: Toxic Orb
|turn|14
|
|switch|p1a: Chansey|Chansey, F|704\/704
|switch|p2a: Hydreigon|Hydreigon, F|325\/325
|
|-weather|Sandstorm|[upkeep]
|-damage|p2a: Hydreigon|305\/325|[from] sandstorm
|-damage|p1a: Chansey|660\/704|[from] sandstorm
|turn|15
|
|move|p2a: Hydreigon|Crunch|p1a: Chansey
|-damage|p1a: Chansey|436\/704
|-damage|p2a: Hydreigon|273\/325|[from] item: Life Orb
|move|p1a: Chansey|Toxic|p2a: Hydreigon
|-status|p2a: Hydreigon|tox
|
|-weather|Sandstorm|[upkeep]
|-damage|p2a: Hydreigon|253\/325 tox|[from] sandstorm
|-damage|p1a: Chansey|392\/704|[from] sandstorm
|-damage|p2a: Hydreigon|233\/325 tox|[from] psn
|turn|16
|
|switch|p2a: Sigilyph|Sigilyph, M|286\/286
|move|p1a: Chansey|Soft-Boiled|p1a: Chansey
|-heal|p1a: Chansey|704\/704
|
|-weather|Sandstorm|[upkeep]
|-damage|p1a: Chansey|660\/704|[from] sandstorm
|-status|p2a: Sigilyph|brn|[from] item: Flame Orb
|turn|17
|
|move|p2a: Sigilyph|Cosmic Power|p2a: Sigilyph
|-boost|p2a: Sigilyph|def|1
|-boost|p2a: Sigilyph|spd|1
|move|p1a: Chansey|Seismic Toss|p2a: Sigilyph
|-damage|p2a: Sigilyph|186\/286 brn
|
|-weather|none
|turn|18
|
|move|p2a: Sigilyph|Cosmic Power|p2a: Sigilyph
|-boost|p2a: Sigilyph|def|1
|-boost|p2a: Sigilyph|spd|1
|move|p1a: Chansey|Seismic Toss|p2a: Sigilyph
|-damage|p2a: Sigilyph|86\/286 brn
|
|turn|19
|
|move|p2a: Sigilyph|Roost|p2a: Sigilyph
|-heal|p2a: Sigilyph|229\/286 brn
|move|p1a: Chansey|Seismic Toss|p2a: Sigilyph
|-damage|p2a: Sigilyph|129\/286 brn
|
|turn|20
|
|move|p2a: Sigilyph|Cosmic Power|p2a: Sigilyph
|-boost|p2a: Sigilyph|def|1
|-boost|p2a: Sigilyph|spd|1
|move|p1a: Chansey|Seismic Toss|p2a: Sigilyph
|-damage|p2a: Sigilyph|29\/286 brn
|
|turn|21
|
|move|p2a: Sigilyph|Roost|p2a: Sigilyph
|-heal|p2a: Sigilyph|172\/286 brn
|move|p1a: Chansey|Seismic Toss|p2a: Sigilyph
|-damage|p2a: Sigilyph|72\/286 brn
|
|turn|22
|
|move|p2a: Sigilyph|Roost|p2a: Sigilyph
|-heal|p2a: Sigilyph|215\/286 brn
|move|p1a: Chansey|Seismic Toss|p2a: Sigilyph
|-damage|p2a: Sigilyph|115\/286 brn
|
|turn|23
|
|move|p2a: Sigilyph|Psycho Shift|p1a: Chansey
|-status|p1a: Chansey|brn
|-curestatus|p2a: Sigilyph|brn|[from] move: Psycho Shift
|move|p1a: Chansey|Seismic Toss|p2a: Sigilyph
|-damage|p2a: Sigilyph|15\/286
|
|-damage|p1a: Chansey|572\/704 brn|[from] brn
|-status|p2a: Sigilyph|brn|[from] item: Flame Orb
|turn|24
|
|move|p2a: Sigilyph|Roost|p2a: Sigilyph
|-heal|p2a: Sigilyph|158\/286 brn
|move|p1a: Chansey|Seismic Toss|p2a: Sigilyph
|-damage|p2a: Sigilyph|58\/286 brn
|
|-damage|p1a: Chansey|484\/704 brn|[from] brn
|turn|25
|
|move|p2a: Sigilyph|Roost|p2a: Sigilyph
|-heal|p2a: Sigilyph|201\/286 brn
|move|p1a: Chansey|Seismic Toss|p2a: Sigilyph
|-damage|p2a: Sigilyph|101\/286 brn
|
|-damage|p1a: Chansey|396\/704 brn|[from] brn
|turn|26
|
|move|p2a: Sigilyph|Roost|p2a: Sigilyph
|-heal|p2a: Sigilyph|244\/286 brn
|move|p1a: Chansey|Soft-Boiled|p1a: Chansey
|-heal|p1a: Chansey|704\/704 brn
|
|-damage|p1a: Chansey|616\/704 brn|[from] brn
|turn|27
|
|move|p2a: Sigilyph|Cosmic Power|p2a: Sigilyph
|-boost|p2a: Sigilyph|def|1
|-boost|p2a: Sigilyph|spd|1
|move|p1a: Chansey|Aromatherapy|p1a: Chansey
|-cureteam|p1a: Chansey|[from] move: Aromatherapy
|
|turn|28
|
|move|p2a: Sigilyph|Psycho Shift|p1a: Chansey
|-status|p1a: Chansey|brn
|-curestatus|p2a: Sigilyph|brn|[from] move: Psycho Shift
|move|p1a: Chansey|Seismic Toss|p2a: Sigilyph
|-damage|p2a: Sigilyph|144\/286
|
|-damage|p1a: Chansey|528\/704 brn|[from] brn
|-status|p2a: Sigilyph|brn|[from] item: Flame Orb
|turn|29
|
|move|p2a: Sigilyph|Cosmic Power|p2a: Sigilyph
|-boost|p2a: Sigilyph|def|1
|-boost|p2a: Sigilyph|spd|1
|move|p1a: Chansey|Seismic Toss|p2a: Sigilyph
|-damage|p2a: Sigilyph|44\/286 brn
|
|-damage|p1a: Chansey|440\/704 brn|[from] brn
|turn|30
|
|move|p2a: Sigilyph|Roost|p2a: Sigilyph
|-heal|p2a: Sigilyph|187\/286 brn
|move|p1a: Chansey|Seismic Toss|p2a: Sigilyph
|-damage|p2a: Sigilyph|87\/286 brn
|
|-damage|p1a: Chansey|352\/704 brn|[from] brn
|turn|31
|
|move|p2a: Sigilyph|Stored Power|p1a: Chansey
|-damage|p1a: Chansey|172\/704 brn
|move|p1a: Chansey|Soft-Boiled|p1a: Chansey
|-heal|p1a: Chansey|524\/704 brn
|
|-damage|p1a: Chansey|436\/704 brn|[from] brn
|turn|32
|
|move|p2a: Sigilyph|Roost|p2a: Sigilyph
|-heal|p2a: Sigilyph|230\/286 brn
|move|p1a: Chansey|Seismic Toss|p2a: Sigilyph
|-damage|p2a: Sigilyph|130\/286 brn
|
|-damage|p1a: Chansey|348\/704 brn|[from] brn
|turn|33
|
|move|p2a: Sigilyph|Cosmic Power|p2a: Sigilyph
|-boost|p2a: Sigilyph|def|1
|-boost|p2a: Sigilyph|spd|1
|move|p1a: Chansey|Soft-Boiled|p1a: Chansey
|-heal|p1a: Chansey|700\/704 brn
|
|-damage|p1a: Chansey|612\/704 brn|[from] brn
|turn|34
|
|move|p2a: Sigilyph|Stored Power|p1a: Chansey
|-damage|p1a: Chansey|420\/704 brn
|move|p1a: Chansey|Seismic Toss|p2a: Sigilyph
|-damage|p2a: Sigilyph|30\/286 brn
|
|-damage|p1a: Chansey|332\/704 brn|[from] brn
|turn|35
|
|move|p2a: Sigilyph|Stored Power|p1a: Chansey
|-damage|p1a: Chansey|125\/704 brn
|move|p1a: Chansey|Soft-Boiled|p1a: Chansey
|-heal|p1a: Chansey|477\/704 brn
|
|-damage|p1a: Chansey|389\/704 brn|[from] brn
|turn|36
|
|move|p2a: Sigilyph|Roost|p2a: Sigilyph
|-heal|p2a: Sigilyph|173\/286 brn
|move|p1a: Chansey|Soft-Boiled|p1a: Chansey
|-heal|p1a: Chansey|704\/704 brn
|
|-damage|p1a: Chansey|616\/704 brn|[from] brn
|turn|37
|
|move|p2a: Sigilyph|Stored Power|p1a: Chansey
|-damage|p1a: Chansey|409\/704 brn
|move|p1a: Chansey|Seismic Toss|p2a: Sigilyph
|-damage|p2a: Sigilyph|73\/286 brn
|
|-damage|p1a: Chansey|321\/704 brn|[from] brn
|turn|38
|
|move|p2a: Sigilyph|Stored Power|p1a: Chansey
|-damage|p1a: Chansey|117\/704 brn
|move|p1a: Chansey|Seismic Toss|p2a: Sigilyph
|-damage|p2a: Sigilyph|0 fnt
|faint|p2a: Sigilyph
|
|-damage|p1a: Chansey|29\/704 brn|[from] brn
|
|switch|p2a: Hydreigon|Hydreigon, F|233\/325 tox
|turn|39
|
|switch|p1a: Gliscor|Gliscor, M|354\/354
|move|p2a: Hydreigon|Crunch|p1a: Gliscor
|-damage|p1a: Gliscor|245\/354
|-damage|p2a: Hydreigon|201\/325 tox|[from] item: Life Orb
|
|-damage|p2a: Hydreigon|181\/325 tox|[from] psn
|-status|p1a: Gliscor|tox|[from] item: Toxic Orb
|turn|40
|
|move|p2a: Hydreigon|Draco Meteor|p1a: Gliscor|[miss]
|-miss|p2a: Hydreigon|p1a: Gliscor
|move|p1a: Gliscor|Substitute|p1a: Gliscor
|-start|p1a: Gliscor|Substitute
|-damage|p1a: Gliscor|157\/354 tox
|
|-damage|p2a: Hydreigon|141\/325 tox|[from] psn
|-heal|p1a: Gliscor|201\/354 tox|[from] ability: Poison Heal
|turn|41
|
|move|p1a: Gliscor|Protect|p1a: Gliscor
|-singleturn|p1a: Gliscor|Protect
|move|p2a: Hydreigon|Crunch|p1a: Gliscor
|-activate|p1a: Gliscor|Protect
|
|-damage|p2a: Hydreigon|81\/325 tox|[from] psn
|-heal|p1a: Gliscor|245\/354 tox|[from] ability: Poison Heal
|turn|42
|
|move|p2a: Hydreigon|Crunch|p1a: Gliscor
|-end|p1a: Gliscor|Substitute
|-damage|p2a: Hydreigon|49\/325 tox|[from] item: Life Orb
|move|p1a: Gliscor|Substitute|p1a: Gliscor
|-start|p1a: Gliscor|Substitute
|-damage|p1a: Gliscor|157\/354 tox
|
|-damage|p2a: Hydreigon|0 fnt|[from] psn
|-heal|p1a: Gliscor|201\/354 tox|[from] ability: Poison Heal
|faint|p2a: Hydreigon
|
|switch|p2a: Tyranitar|Tyranitar-Mega, M|342\/342
|-weather|Sandstorm
|turn|43
|
|move|p1a: Gliscor|Toxic|p2a: Tyranitar
|-status|p2a: Tyranitar|tox
|move|p2a: Tyranitar|Ice Beam|p1a: Gliscor
|-supereffective|p1a: Gliscor
|-end|p1a: Gliscor|Substitute
|
|-weather|Sandstorm|[upkeep]
|-heal|p1a: Gliscor|245\/354 tox|[from] ability: Poison Heal
|-damage|p2a: Tyranitar|321\/342 tox|[from] psn
|turn|44
|
|move|p1a: Gliscor|Substitute|p1a: Gliscor
|-start|p1a: Gliscor|Substitute
|-damage|p1a: Gliscor|157\/354 tox
|move|p2a: Tyranitar|Ice Beam|p1a: Gliscor
|-supereffective|p1a: Gliscor
|-end|p1a: Gliscor|Substitute
|
|-weather|Sandstorm|[upkeep]
|-heal|p1a: Gliscor|201\/354 tox|[from] ability: Poison Heal
|-damage|p2a: Tyranitar|279\/342 tox|[from] psn
|turn|45
|
|move|p1a: Gliscor|Protect|p1a: Gliscor
|-singleturn|p1a: Gliscor|Protect
|move|p2a: Tyranitar|Ice Beam|p1a: Gliscor
|-activate|p1a: Gliscor|Protect
|
|-weather|Sandstorm|[upkeep]
|-heal|p1a: Gliscor|245\/354 tox|[from] ability: Poison Heal
|-damage|p2a: Tyranitar|216\/342 tox|[from] psn
|turn|46
|
|move|p1a: Gliscor|Substitute|p1a: Gliscor
|-start|p1a: Gliscor|Substitute
|-damage|p1a: Gliscor|157\/354 tox
|move|p2a: Tyranitar|Ice Beam|p1a: Gliscor
|-supereffective|p1a: Gliscor
|-end|p1a: Gliscor|Substitute
|
|-weather|Sandstorm|[upkeep]
|-heal|p1a: Gliscor|201\/354 tox|[from] ability: Poison Heal
|-damage|p2a: Tyranitar|132\/342 tox|[from] psn
|turn|47
|
|switch|p2a: Excadrill|Excadrill, F|362\/362
|-ability|p2a: Excadrill|Mold Breaker
|move|p1a: Gliscor|Protect|p1a: Gliscor
|-fail|p1a: Gliscor
|
|-weather|none
|-heal|p1a: Gliscor|245\/354 tox|[from] ability: Poison Heal
|turn|48
|
|move|p2a: Excadrill|Iron Head|p1a: Gliscor
|-damage|p1a: Gliscor|146\/354 tox
|move|p1a: Gliscor|Earthquake|p2a: Excadrill
|-supereffective|p2a: Excadrill
|-damage|p2a: Excadrill|0 fnt
|faint|p2a: Excadrill
|
|-heal|p1a: Gliscor|190\/354 tox|[from] ability: Poison Heal
|
|switch|p2a: Tyranitar|Tyranitar-Mega, M|132\/342 tox
|-weather|Sandstorm
|turn|49
|
|move|p1a: Gliscor|Protect|p1a: Gliscor
|-singleturn|p1a: Gliscor|Protect
|move|p2a: Tyranitar|Ice Beam|p1a: Gliscor
|-activate|p1a: Gliscor|Protect
|
|-weather|Sandstorm|[upkeep]
|-heal|p1a: Gliscor|234\/354 tox|[from] ability: Poison Heal
|-damage|p2a: Tyranitar|111\/342 tox|[from] psn
|turn|50
|chat|KnightSansArmour|gg
|
|switch|p1a: Chansey|Chansey, F|29\/704
|move|p2a: Tyranitar|Ice Beam|p1a: Chansey
|-damage|p1a: Chansey|0 fnt
|faint|p1a: Chansey
|
|-weather|Sandstorm|[upkeep]
|-damage|p2a: Tyranitar|69\/342 tox|[from] psn
|
|switch|p1a: Gliscor|Gliscor, M|234\/354 tox
|turn|51
|
|move|p1a: Gliscor|Protect|p1a: Gliscor
|-singleturn|p1a: Gliscor|Protect
|move|p2a: Tyranitar|Ice Beam|p1a: Gliscor
|-activate|p1a: Gliscor|Protect
|
|-weather|Sandstorm|[upkeep]
|-heal|p1a: Gliscor|278\/354 tox|[from] ability: Poison Heal
|-damage|p2a: Tyranitar|6\/342 tox|[from] psn
|turn|52
|
|move|p1a: Gliscor|Substitute|p1a: Gliscor
|-start|p1a: Gliscor|Substitute
|-damage|p1a: Gliscor|190\/354 tox
|move|p2a: Tyranitar|Ice Beam|p1a: Gliscor
|-supereffective|p1a: Gliscor
|-end|p1a: Gliscor|Substitute
|
|-weather|Sandstorm|[upkeep]
|-heal|p1a: Gliscor|234\/354 tox|[from] ability: Poison Heal
|-damage|p2a: Tyranitar|0 fnt|[from] psn
|faint|p2a: Tyranitar
|
|win|KnightSansArmour
|raw|Ladder updating...
|raw|KnightSansArmour's rating: 1533 &rarr; <strong>1549<\/strong><br \/>(+16 for winning)
|raw|washeroscar's rating: 1476 &rarr; <strong>1459<\/strong><br \/>(-17 for losing)
|leave|washeroscar
|player|p2