|join|Handshakeguy
|join|KnightSansArmour
|player|p1|Handshakeguy|165
|player|p2|KnightSansArmour|208
|gametype|singles
|gen|6
|tier|OU
|rated
|clearpoke
|poke|p1|Infernape, F
|poke|p1|Kyurem-Black
|poke|p1|Bisharp, F
|poke|p1|Gengar, F
|poke|p1|Garchomp, F
|poke|p1|Blastoise, M
|poke|p2|Gliscor, M
|poke|p2|Chansey, F
|poke|p2|Noivern, F
|poke|p2|Blastoise, M
|poke|p2|Zapdos
|poke|p2|Metagross
|rule|Swagger Clause: Swagger is banned
|rule|Baton Pass Clause: Limit one PokÃ©mon knowing Baton Pass
|rule|Sleep Clause Mod: Limit one foe put to sleep
|rule|Species Clause: Limit one of each PokÃ©mon
|rule|OHKO Clause: OHKO moves are banned
|rule|Moody Clause: Moody is banned
|rule|Evasion Moves Clause: Evasion moves are banned
|rule|Endless Battle Clause: Forcing endless battles is banned
|rule|HP Percentage Mod: HP is reported as percentages
|teampreview
|
|start
|switch|p1a: Garchomp|Garchomp, F|358\/358
|switch|p2a: Noivern|Noivern, F|311\/311
|turn|1
|
|switch|p2a: Gliscor|Gliscor, M|354\/354
|move|p1a: Garchomp|Dragon Claw|p2a: Gliscor
|-damage|p2a: Gliscor|254\/354
|
|-status|p2a: Gliscor|tox|[from] item: Toxic Orb
|turn|2
|
|switch|p1a: Gengar|Gengar, F|262\/262
|move|p2a: Gliscor|Toxic|p1a: Gengar
|-fail|p1a: Gengar
|
|-heal|p2a: Gliscor|298\/354 tox|[from] ability: Poison Heal
|turn|3
|
|switch|p1a: Bisharp|Bisharp, F|271\/271
|switch|p2a: Noivern|Noivern, F|311\/311
|
|turn|4
|
|switch|p2a: Blastoise|Blastoise, M|362\/362
|move|p1a: Bisharp|Knock Off|p2a: Blastoise
|-damage|p2a: Blastoise|244\/362
|
|turn|5
|
|switch|p1a: Gengar|Gengar, F|262\/262
|detailschange|p2a: Blastoise|Blastoise-Mega, M
|message|Blastoise has Mega Evolved into Mega Blastoise!
|move|p2a: Blastoise|Aura Sphere|p1a: Gengar
|-immune|p1a: Gengar|[msg]
|
|turn|6
|
|move|p1a: Gengar|Energy Ball|p2a: Blastoise
|-supereffective|p2a: Blastoise
|-damage|p2a: Blastoise|0 fnt
|faint|p2a: Blastoise
|
|
|switch|p2a: Noivern|Noivern, F|311\/311
|turn|7
|
|switch|p1a: Blastoise|Blastoise, M|362\/362
|move|p2a: Noivern|Draco Meteor|p1a: Blastoise
|-damage|p1a: Blastoise|113\/362
|-unboost|p2a: Noivern|spa|2
|
|turn|8
|
|detailschange|p1a: Blastoise|Blastoise-Mega, M
|message|Blastoise has Mega Evolved into Mega Blastoise!
|move|p2a: Noivern|Draco Meteor|p1a: Blastoise
|-damage|p1a: Blastoise|0 fnt
|-unboost|p2a: Noivern|spa|2
|faint|p1a: Blastoise
|
|
|switch|p1a: Kyurem-Black|Kyurem-Black|405\/405
|-ability|p1a: Kyurem-Black|Teravolt
|turn|9
|
|switch|p2a: Metagross|Metagross|364\/364
|move|p1a: Kyurem-Black|Ice Beam|p2a: Metagross
|-resisted|p2a: Metagross
|-damage|p2a: Metagross|301\/364
|-status|p2a: Metagross|frz
|
|turn|10
|
|switch|p1a: Bisharp|Bisharp, F|271\/271
|switch|p2a: Chansey|Chansey, F|704\/704
|
|turn|11
|
|switch|p2a: Gliscor|Gliscor, M|298\/354 tox
|move|p1a: Bisharp|Knock Off|p2a: Gliscor
|-damage|p2a: Gliscor|189\/354 tox
|-enditem|p2a: Gliscor|Toxic Orb|[from] move: Knock Off|[of] p1a: Bisharp
|
|-heal|p2a: Gliscor|233\/354 tox|[from] ability: Poison Heal
|turn|12
|
|switch|p1a: Gengar|Gengar, F|262\/262
|move|p2a: Gliscor|Protect|p2a: Gliscor
|-fail|p2a: Gliscor
|
|-heal|p2a: Gliscor|277\/354 tox|[from] ability: Poison Heal
|turn|13
|
|move|p2a: Gliscor|Protect|p2a: Gliscor
|-singleturn|p2a: Gliscor|Protect
|move|p1a: Gengar|Shadow Ball|p2a: Gliscor
|-activate|p2a: Gliscor|Protect
|
|-heal|p2a: Gliscor|321\/354 tox|[from] ability: Poison Heal
|turn|14
|
|switch|p1a: Kyurem-Black|Kyurem-Black|405\/405
|-ability|p1a: Kyurem-Black|Teravolt
|switch|p2a: Chansey|Chansey, F|704\/704
|
|turn|15
|
|move|p1a: Kyurem-Black|Outrage|p2a: Chansey
|-damage|p2a: Chansey|433\/704
|move|p2a: Chansey|Toxic|p1a: Kyurem-Black
|-status|p1a: Kyurem-Black|tox
|
|-damage|p1a: Kyurem-Black|380\/405 tox|[from] psn
|turn|16
|
|move|p1a: Kyurem-Black|Outrage|p2a: Chansey
|-damage|p2a: Chansey|123\/704
|move|p2a: Chansey|Soft-Boiled|p2a: Chansey
|-heal|p2a: Chansey|475\/704
|
|-damage|p1a: Kyurem-Black|330\/405 tox|[from] psn
|turn|17
|
|move|p1a: Kyurem-Black|Outrage|p2a: Chansey
|-damage|p2a: Chansey|199\/704
|move|p2a: Chansey|Soft-Boiled|p2a: Chansey
|-heal|p2a: Chansey|551\/704
|
|-end|p1a: Kyurem-Black|rampage
|-start|p1a: Kyurem-Black|confusion
|-damage|p1a: Kyurem-Black|255\/405 tox|[from] psn
|turn|18
|
|switch|p1a: Bisharp|Bisharp, F|271\/271
|switch|p2a: Gliscor|Gliscor, M|321\/354 tox
|
|-heal|p2a: Gliscor|354\/354 tox|[from] ability: Poison Heal
|turn|19
|
|switch|p2a: Noivern|Noivern, F|311\/311
|move|p1a: Bisharp|Swords Dance|p1a: Bisharp
|-boost|p1a: Bisharp|atk|2
|
|turn|20
|
|move|p1a: Bisharp|Sucker Punch|p2a: Noivern
|-damage|p2a: Noivern|0 fnt
|faint|p2a: Noivern
|
|
|switch|p2a: Gliscor|Gliscor, M|354\/354 tox
|turn|21
|
|move|p1a: Bisharp|Swords Dance|p1a: Bisharp
|-boost|p1a: Bisharp|atk|2
|move|p2a: Gliscor|Earthquake|p1a: Bisharp
|-supereffective|p1a: Bisharp
|-damage|p1a: Bisharp|47\/271
|
|turn|22
|
|move|p1a: Bisharp|Sucker Punch|p2a: Gliscor
|-fail|p2a: Gliscor
|move|p2a: Gliscor|Substitute|p2a: Gliscor
|-start|p2a: Gliscor|Substitute
|-damage|p2a: Gliscor|266\/354 tox
|
|-heal|p2a: Gliscor|310\/354 tox|[from] ability: Poison Heal
|turn|23
|
|move|p1a: Bisharp|Iron Head|p2a: Gliscor
|-end|p2a: Gliscor|Substitute
|move|p2a: Gliscor|Earthquake|p1a: Bisharp
|-supereffective|p1a: Bisharp
|-damage|p1a: Bisharp|0 fnt
|faint|p1a: Bisharp
|
|-heal|p2a: Gliscor|354\/354 tox|[from] ability: Poison Heal
|
|switch|p1a: Garchomp|Garchomp, F|358\/358
|turn|24
|
|move|p1a: Garchomp|Stealth Rock|p2a: Gliscor
|-sidestart|p2: KnightSansArmour|move: Stealth Rock
|move|p2a: Gliscor|Toxic|p1a: Garchomp
|-status|p1a: Garchomp|tox
|
|-damage|p1a: Garchomp|336\/358 tox|[from] psn
|turn|25
|
|move|p1a: Garchomp|Dragon Claw|p2a: Gliscor
|-damage|p2a: Gliscor|266\/354 tox
|move|p2a: Gliscor|Earthquake|p1a: Garchomp
|-damage|p1a: Garchomp|213\/358 tox
|
|-damage|p1a: Garchomp|169\/358 tox|[from] psn
|-heal|p2a: Gliscor|310\/354 tox|[from] ability: Poison Heal
|turn|26
|
|move|p1a: Garchomp|Dragon Claw|p2a: Gliscor
|-damage|p2a: Gliscor|223\/354 tox
|move|p2a: Gliscor|Substitute|p2a: Gliscor
|-start|p2a: Gliscor|Substitute
|-damage|p2a: Gliscor|135\/354 tox
|
|-damage|p1a: Garchomp|103\/358 tox|[from] psn
|-heal|p2a: Gliscor|179\/354 tox|[from] ability: Poison Heal
|turn|27
|
|move|p2a: Gliscor|Protect|p2a: Gliscor
|-singleturn|p2a: Gliscor|Protect
|move|p1a: Garchomp|Dragon Claw|p2a: Gliscor
|-activate|p2a: Gliscor|Protect
|
|-damage|p1a: Garchomp|15\/358 tox|[from] psn
|-heal|p2a: Gliscor|223\/354 tox|[from] ability: Poison Heal
|turn|28
|
|move|p1a: Garchomp|Dragon Claw|p2a: Gliscor
|-end|p2a: Gliscor|Substitute
|move|p2a: Gliscor|Earthquake|p1a: Garchomp
|-damage|p1a: Garchomp|0 fnt
|faint|p1a: Garchomp
|
|-heal|p2a: Gliscor|267\/354 tox|[from] ability: Poison Heal
|
|switch|p1a: Gengar|Gengar, F|262\/262
|turn|29
|
|switch|p1a: Infernape|Infernape, F|293\/293
|switch|p2a: Chansey|Chansey, F|551\/704
|-damage|p2a: Chansey|463\/704|[from] Stealth Rock
|
|turn|30
|
|switch|p2a: Zapdos|Zapdos|384\/384
|-damage|p2a: Zapdos|288\/384|[from] Stealth Rock
|-ability|p2a: Zapdos|Pressure
|move|p1a: Infernape|Fake Out|p2a: Zapdos
|-damage|p2a: Zapdos|242\/384
|
|-heal|p2a: Zapdos|266\/384|[from] item: Leftovers
|turn|31
|
|move|p1a: Infernape|U-turn|p2a: Zapdos
|-resisted|p2a: Zapdos
|-damage|p2a: Zapdos|226\/384
|
|switch|p1a: Kyurem-Black|Kyurem-Black|255\/405 tox
|-ability|p1a: Kyurem-Black|Teravolt
|move|p2a: Zapdos|Defog|p1a: Kyurem-Black
|-unboost|p1a: Kyurem-Black|evasion|1
|-sideend|p2: KnightSansArmour|Stealth Rock|[from] move: Defog|[of] p2a: Zapdos
|
|-heal|p2a: Zapdos|250\/384|[from] item: Leftovers
|-damage|p1a: Kyurem-Black|230\/405 tox|[from] psn
|turn|32
|
|switch|p2a: Metagross|Metagross|301\/364 frz
|move|p1a: Kyurem-Black|Ice Beam|p2a: Metagross
|-resisted|p2a: Metagross
|-damage|p2a: Metagross|242\/364 frz
|
|-damage|p1a: Kyurem-Black|180\/405 tox|[from] psn
|turn|33
|
|switch|p1a: Gengar|Gengar, F|262\/262
|switch|p2a: Chansey|Chansey, F|463\/704
|
|turn|34
|
|move|p1a: Gengar|Sludge Wave|p2a: Chansey
|-damage|p2a: Chansey|294\/704
|move|p2a: Chansey|Soft-Boiled|p2a: Chansey
|-heal|p2a: Chansey|646\/704
|
|turn|35
|
|switch|p2a: Metagross|Metagross|242\/364 frz
|move|p1a: Gengar|Sludge Wave|p2a: Metagross
|-immune|p2a: Metagross|[msg]
|
|turn|36
|
|switch|p1a: Kyurem-Black|Kyurem-Black|180\/405 tox
|-ability|p1a: Kyurem-Black|Teravolt
|cant|p2a: Metagross|frz
|
|-damage|p1a: Kyurem-Black|155\/405 tox|[from] psn
|turn|37
|
|move|p1a: Kyurem-Black|Earth Power|p2a: Metagross
|-supereffective|p2a: Metagross
|-damage|p2a: Metagross|88\/364 frz
|-curestatus|p2a: Metagross|frz
|move|p2a: Metagross|Meteor Mash|p1a: Kyurem-Black
|-supereffective|p1a: Kyurem-Black
|-damage|p1a: Kyurem-Black|0 fnt
|-boost|p2a: Metagross|atk|1
|faint|p1a: Kyurem-Black
|
|
|switch|p1a: Gengar|Gengar, F|262\/262
|turn|38
|
|move|p2a: Metagross|Bullet Punch|p1a: Gengar
|-damage|p1a: Gengar|79\/262
|move|p1a: Gengar|Shadow Ball|p2a: Metagross
|-supereffective|p2a: Metagross
|-damage|p2a: Metagross|0 fnt
|faint|p2a: Metagross
|
|
|switch|p2a: Zapdos|Zapdos|250\/384
|-ability|p2a: Zapdos|Pressure
|turn|39
|
|move|p1a: Gengar|Shadow Ball|p2a: Zapdos
|-damage|p2a: Zapdos|0 fnt
|faint|p2a: Zapdos
|
|
|switch|p2a: Chansey|Chansey, F|646\/704
|turn|40
|
|switch|p1a: Infernape|Infernape, F|293\/293
|move|p2a: Chansey|Seismic Toss|p1a: Infernape
|-damage|p1a: Infernape|193\/293
|
|turn|41
|
|switch|p2a: Gliscor|Gliscor, M|267\/354 tox
|move|p1a: Infernape|Mach Punch|p2a: Gliscor
|-resisted|p2a: Gliscor
|-damage|p2a: Gliscor|243\/354 tox
|
|-heal|p2a: Gliscor|287\/354 tox|[from] ability: Poison Heal
|turn|42
|
|move|p1a: Infernape|U-turn|p2a: Gliscor
|-resisted|p2a: Gliscor
|-damage|p2a: Gliscor|263\/354 tox
|
|switch|p1a: Gengar|Gengar, F|79\/262
|move|p2a: Gliscor|Substitute|p2a: Gliscor
|-start|p2a: Gliscor|Substitute
|-damage|p2a: Gliscor|175\/354 tox
|
|-heal|p2a: Gliscor|219\/354 tox|[from] ability: Poison Heal
|turn|43
|
|move|p2a: Gliscor|Protect|p2a: Gliscor
|-singleturn|p2a: Gliscor|Protect
|move|p1a: Gengar|Psychic|p2a: Gliscor
|-activate|p2a: Gliscor|Protect
|
|-heal|p2a: Gliscor|263\/354 tox|[from] ability: Poison Heal
|turn|44
|
|move|p1a: Gengar|Psychic|p2a: Gliscor
|-end|p2a: Gliscor|Substitute
|move|p2a: Gliscor|Substitute|p2a: Gliscor
|-start|p2a: Gliscor|Substitute
|-damage|p2a: Gliscor|175\/354 tox
|
|-heal|p2a: Gliscor|219\/354 tox|[from] ability: Poison Heal
|turn|45
|
|move|p2a: Gliscor|Protect|p2a: Gliscor
|-singleturn|p2a: Gliscor|Protect
|move|p1a: Gengar|Psychic|p2a: Gliscor
|-activate|p2a: Gliscor|Protect
|
|-heal|p2a: Gliscor|263\/354 tox|[from] ability: Poison Heal
|turn|46
|
|switch|p2a: Chansey|Chansey, F|646\/704
|move|p1a: Gengar|Psychic|p2a: Chansey
|-damage|p2a: Chansey|547\/704
|
|turn|47
|
|move|p1a: Gengar|Psychic|p2a: Chansey
|-damage|p2a: Chansey|449\/704
|move|p2a: Chansey|Toxic|p1a: Gengar
|-fail|p1a: Gengar
|
|turn|48
|
|move|p1a: Gengar|Psychic|p2a: Chansey
|-damage|p2a: Chansey|348\/704
|move|p2a: Chansey|Soft-Boiled|p2a: Chansey
|-heal|p2a: Chansey|700\/704
|
|turn|49
|
|move|p1a: Gengar|Psychic|p2a: Chansey
|-crit|p2a: Chansey
|-damage|p2a: Chansey|539\/704
|move|p2a: Chansey|Seismic Toss|p1a: Gengar
|-immune|p1a: Gengar|[msg]
|
|turn|50
|
|move|p1a: Gengar|Psychic|p2a: Chansey
|-crit|p2a: Chansey
|-damage|p2a: Chansey|393\/704
|move|p2a: Chansey|Seismic Toss|p1a: Gengar
|-immune|p1a: Gengar|[msg]
|
|turn|51
|
|move|p1a: Gengar|Psychic|p2a: Chansey
|-damage|p2a: Chansey|295\/704
|move|p2a: Chansey|Toxic|p1a: Gengar
|-fail|p1a: Gengar
|
|turn|52
|chat|KnightSansArmour|Are you timer stalling?
|chat|Handshakeguy|Yup
|
|move|p1a: Gengar|Psychic|p2a: Chansey
|-damage|p2a: Chansey|201\/704
|-unboost|p2a: Chansey|spd|1
|move|p2a: Chansey|Soft-Boiled|p2a: Chansey
|-heal|p2a: Chansey|553\/704
|
|turn|53
|
|move|p1a: Gengar|Psychic|p2a: Chansey
|-damage|p2a: Chansey|400\/704
|move|p2a: Chansey|Seismic Toss|p1a: Gengar
|-immune|p1a: Gengar|[msg]
|
|turn|54
|c|âKnightSansArmour|!data psychic
|c|~|\/data-move Psychic

|
|move|p1a: Gengar|Psychic|p2a: Chansey
|-damage|p2a: Chansey|249\/704
|-unboost|p2a: Chansey|spd|1
|move|p2a: Chansey|Soft-Boiled|p2a: Chansey
|-heal|p2a: Chansey|601\/704
|
|turn|55
|
|move|p1a: Gengar|Psychic|p2a: Chansey
|-damage|p2a: Chansey|405\/704
|-unboost|p2a: Chansey|spd|1
|move|p2a: Chansey|Seismic Toss|p1a: Gengar
|-immune|p1a: Gengar|[msg]
|
|turn|56
|
|move|p1a: Gengar|Psychic|p2a: Chansey
|-damage|p2a: Chansey|147\/704
|move|p2a: Chansey|Soft-Boiled|p2a: Chansey
|-heal|p2a: Chansey|499\/704
|
|turn|57
|
|move|p1a: Gengar|Psychic|p2a: Chansey
|-damage|p2a: Chansey|230\/704
|move|p2a: Chansey|Soft-Boiled|p2a: Chansey
|-heal|p2a: Chansey|582\/704
|
|turn|58
|
|move|p1a: Gengar|Psychic|p2a: Chansey
|-damage|p2a: Chansey|324\/704
|move|p2a: Chansey|Toxic|p1a: Gengar
|-fail|p1a: Gengar
|
|turn|59
|
|-activate|p1a: Gengar|move: Struggle
|move|p1a: Gengar|Struggle|p2a: Chansey
|-damage|p2a: Chansey|291\/704
|-damage|p1a: Gengar|14\/262
|move|p2a: Chansey|Toxic|p1a: Gengar|[miss]
|-miss|p2a: Chansey|p1a: Gengar
|
|turn|60
|
|switch|p1a: Infernape|Infernape, F|193\/293
|move|p2a: Chansey|Soft-Boiled|p2a: Chansey
|-heal|p2a: Chansey|643\/704
|
|turn|61
|
|switch|p2a: Gliscor|Gliscor, M|263\/354 tox
|move|p1a: Infernape|Fake Out|p2a: Gliscor
|-damage|p2a: Gliscor|238\/354 tox
|
|-heal|p2a: Gliscor|282\/354 tox|[from] ability: Poison Heal
|turn|62
|
|move|p1a: Infernape|Fire Blast|p2a: Gliscor
|-crit|p2a: Gliscor
|-damage|p2a: Gliscor|35\/354 tox
|move|p2a: Gliscor|Substitute|p2a: Gliscor
|-fail|p2a: Gliscor|move: Substitute|[weak]
|
|-heal|p2a: Gliscor|79\/354 tox|[from] ability: Poison Heal
|turn|63
|
|move|p2a: Gliscor|Protect|p2a: Gliscor
|-singleturn|p2a: Gliscor|Protect
|move|p1a: Infernape|Fire Blast|p2a: Gliscor
|-activate|p2a: Gliscor|Protect
|
|-heal|p2a: Gliscor|123\/354 tox|[from] ability: Poison Heal
|turn|64
|
|switch|p2a: Chansey|Chansey, F|643\/704
|move|p1a: Infernape|Mach Punch|p2a: Chansey
|-supereffective|p2a: Chansey
|-damage|p2a: Chansey|413\/704
|
|turn|65
|
|move|p1a: Infernape|Mach Punch|p2a: Chansey
|-supereffective|p2a: Chansey
|-damage|p2a: Chansey|187\/704
|move|p2a: Chansey|Soft-Boiled|p2a: Chansey
|-heal|p2a: Chansey|539\/704
|
|turn|66
|
|move|p1a: Infernape|U-turn|p2a: Chansey
|-crit|p2a: Chansey
|-damage|p2a: Chansey|407\/704
|
|switch|p1a: Gengar|Gengar, F|14\/262
|move|p2a: Chansey|Toxic|p1a: Gengar
|-fail|p1a: Gengar
|
|turn|67
|
|move|p1a: Gengar|Energy Ball|p2a: Chansey
|-damage|p2a: Chansey|305\/704
|move|p2a: Chansey|Seismic Toss|p1a: Gengar
|-immune|p1a: Gengar|[msg]
|
|turn|68
|
|move|p1a: Gengar|Energy Ball|p2a: Chansey
|-damage|p2a: Chansey|204\/704
|move|p2a: Chansey|Seismic Toss|p1a: Gengar
|-immune|p1a: Gengar|[msg]
|
|turn|69
|
|move|p1a: Gengar|Energy Ball|p2a: Chansey
|-damage|p2a: Chansey|107\/704
|move|p2a: Chansey|Soft-Boiled|p2a: Chansey
|-heal|p2a: Chansey|459\/704
|
|turn|70
|
|move|p1a: Gengar|Energy Ball|p2a: Chansey
|-damage|p2a: Chansey|360\/704
|move|p2a: Chansey|Seismic Toss|p1a: Gengar
|-immune|p1a: Gengar|[msg]
|
|turn|71
|
|move|p1a: Gengar|Energy Ball|p2a: Chansey
|-damage|p2a: Chansey|251\/704
|-unboost|p2a: Chansey|spd|1
|move|p2a: Chansey|Seismic Toss|p1a: Gengar
|-immune|p1a: Gengar|[msg]
|
|turn|72
|
|move|p1a: Gengar|Energy Ball|p2a: Chansey
|-damage|p2a: Chansey|105\/704
|move|p2a: Chansey|Soft-Boiled|p2a: Chansey
|-heal|p2a: Chansey|457\/704
|
|turn|73
|c|âKnightSansArmour|!data energy ball
|c|~|\/data-move Energy Ball

|
|move|p1a: Gengar|Energy Ball|p2a: Chansey
|-damage|p2a: Chansey|306\/704
|-unboost|p2a: Chansey|spd|1
|move|p2a: Chansey|Seismic Toss|p1a: Gengar
|-immune|p1a: Gengar|[msg]
|
|turn|74
|
|switch|p1a: Infernape|Infernape, F|193\/293
|move|p2a: Chansey|Seismic Toss|p1a: Infernape
|-damage|p1a: Infernape|93\/293
|
|turn|75
|
|switch|p2a: Gliscor|Gliscor, M|123\/354 tox
|move|p1a: Infernape|Fake Out|p2a: Gliscor
|-damage|p2a: Gliscor|94\/354 tox
|
|-heal|p2a: Gliscor|138\/354 tox|[from] ability: Poison Heal
|turn|76
|
|switch|p2a: Chansey|Chansey, F|306\/704
|move|p1a: Infernape|Fire Blast|p2a: Chansey
|-damage|p2a: Chansey|215\/704
|
|turn|77
|
|switch|p2a: Gliscor|Gliscor, M|138\/354 tox
|move|p1a: Infernape|Mach Punch|p2a: Gliscor
|-resisted|p2a: Gliscor
|-damage|p2a: Gliscor|114\/354 tox
|
|-heal|p2a: Gliscor|158\/354 tox|[from] ability: Poison Heal
|turn|78
|
|switch|p1a: Gengar|Gengar, F|14\/262
|move|p2a: Gliscor|Protect|p2a: Gliscor
|-fail|p2a: Gliscor
|
|-heal|p2a: Gliscor|202\/354 tox|[from] ability: Poison Heal
|turn|79
|
|move|p2a: Gliscor|Protect|p2a: Gliscor
|-singleturn|p2a: Gliscor|Protect
|move|p1a: Gengar|Sludge Wave|p2a: Gliscor
|-activate|p2a: Gliscor|Protect
|
|-heal|p2a: Gliscor|246\/354 tox|[from] ability: Poison Heal
|turn|80
|
|move|p1a: Gengar|Sludge Wave|p2a: Gliscor
|-resisted|p2a: Gliscor
|-damage|p2a: Gliscor|88\/354 tox
|move|p2a: Gliscor|Substitute|p2a: Gliscor
|-fail|p2a: Gliscor|move: Substitute|[weak]
|
|-heal|p2a: Gliscor|132\/354 tox|[from] ability: Poison Heal
|turn|81
|
|move|p2a: Gliscor|Protect|p2a: Gliscor
|-singleturn|p2a: Gliscor|Protect
|move|p1a: Gengar|Sludge Wave|p2a: Gliscor
|-activate|p2a: Gliscor|Protect
|
|-heal|p2a: Gliscor|176\/354 tox|[from] ability: Poison Heal
|turn|82
|
|switch|p2a: Chansey|Chansey, F|215\/704
|move|p1a: Gengar|Sludge Wave|p2a: Chansey
|-damage|p2a: Chansey|56\/704
|
|turn|83
|
|move|p1a: Gengar|Sludge Wave|p2a: Chansey
|-damage|p2a: Chansey|0 fnt
|faint|p2a: Chansey
|
|chat|KnightSansArmour|gg
|chat|Handshakeguy|Yup
|chat|KnightSansArmour|Also, you're an asshole for timerstalling
|
|switch|p2a: Gliscor|Gliscor, M|176\/354 tox
|turn|84
|chat|Handshakeguy|No different from normal stalling
|
|move|p2a: Gliscor|Protect|p2a: Gliscor
|-singleturn|p2a: Gliscor|Protect
|move|p1a: Gengar|Sludge Wave|p2a: Gliscor
|-activate|p2a: Gliscor|Protect
|
|-heal|p2a: Gliscor|220\/354 tox|[from] ability: Poison Heal
|turn|85
|chat|KnightSansArmour|Uh... normall stalling takes skill
|
|move|p1a: Gengar|Sludge Wave|p2a: Gliscor
|-resisted|p2a: Gliscor
|-damage|p2a: Gliscor|52\/354 tox
|move|p2a: Gliscor|Substitute|p2a: Gliscor
|-fail|p2a: Gliscor|move: Substitute|[weak]
|
|-heal|p2a: Gliscor|96\/354 tox|[from] ability: Poison Heal
|turn|86
|chat|Handshakeguy|Lol
|
|move|p2a: Gliscor|Protect|p2a: Gliscor
|-singleturn|p2a: Gliscor|Protect
|move|p1a: Gengar|Sludge Wave|p2a: Gliscor
|-activate|p2a: Gliscor|Protect
|
|-heal|p2a: Gliscor|140\/354 tox|[from] ability: Poison Heal
|turn|87
|chat|KnightSansArmour|You won because I over predicted.
|
|move|p1a: Gengar|Sludge Wave|p2a: Gliscor
|-resisted|p2a: Gliscor
|-damage|p2a: Gliscor|0 fnt
|faint|p2a: Gliscor
|
|win|Handshakeguy
|raw|Ladder updating...
|raw|Handshakeguy's rating: 1542 &rarr; <strong>1567<\/strong><br \/>(+25 for winning)
|raw|KnightSansArmour's rating: 1628 &rarr; <strong>1603<\/strong><br \/>(-25 for losing)
|leave|KnightSansArmour
|player|p2