|join|n7557523
|join|KnightSansArmour
|player|p1|n7557523|2
|player|p2|KnightSansArmour|266
|gametype|singles
|gen|6
|tier|OU
|rated
|clearpoke
|poke|p1|Tyranitar, F
|poke|p1|Excadrill, M
|poke|p1|Conkeldurr, M
|poke|p1|Greninja, M
|poke|p1|Pinsir, F
|poke|p1|Landorus, M
|poke|p2|Gliscor, M
|poke|p2|Chansey, F
|poke|p2|Noivern, F
|poke|p2|Blastoise, M
|poke|p2|Zapdos
|poke|p2|Metagross
|rule|Sleep Clause Mod: Limit one foe put to sleep
|rule|Species Clause: Limit one of each Pokemon
|rule|OHKO Clause: OHKO moves are banned
|rule|Moody Clause: Moody is banned
|rule|Evasion Moves Clause: Evasion moves are banned
|rule|Endless Battle Clause: Forcing endless battles is banned.
|rule|HP Percentage Mod: HP is reported as percentages
|teampreview
|
|start
|switch|p1a: Conkeldurr|Conkeldurr, M|351\/351
|switch|p2a: Noivern|Noivern, F|311\/311
|turn|1
|
|move|p2a: Noivern|Hurricane|p1a: Conkeldurr
|-supereffective|p1a: Conkeldurr
|-damage|p1a: Conkeldurr|0 fnt
|faint|p1a: Conkeldurr
|
|
|switch|p1a: Greninja|Greninja, M|286\/286
|turn|2
|
|switch|p2a: Chansey|Chansey, F|704\/704
|switch|p1a: Pinsir|Pinsir, F|271\/271
|
|turn|3
|
|detailschange|p1a: Pinsir|Pinsir-Mega, F
|message|Pinsir has Mega Evolved into Mega Pinsir!
|move|p1a: Pinsir|Return|p2a: Chansey
|-damage|p2a: Chansey|337\/704
|move|p2a: Chansey|Toxic|p1a: Pinsir
|-status|p1a: Pinsir|tox
|
|-damage|p1a: Pinsir|255\/271 tox|[from] psn
|turn|4
|
|switch|p2a: Gliscor|Gliscor, M|354\/354
|move|p1a: Pinsir|Return|p2a: Gliscor
|-damage|p2a: Gliscor|189\/354
|
|-damage|p1a: Pinsir|223\/271 tox|[from] psn
|-status|p2a: Gliscor|tox|[from] item: Toxic Orb
|turn|5
|
|move|p1a: Pinsir|Return|p2a: Gliscor
|-damage|p2a: Gliscor|0 fnt
|faint|p2a: Gliscor
|
|-damage|p1a: Pinsir|175\/271 tox|[from] psn
|chat|n7557523|min max much?
|
|switch|p2a: Noivern|Noivern, F|311\/311
|turn|6
|chat|KnightSansArmour|I know right? :(
|
|switch|p1a: Tyranitar|Tyranitar, F|404\/404
|-weather|Sandstorm
|move|p2a: Noivern|Flamethrower|p1a: Tyranitar
|-resisted|p1a: Tyranitar
|-damage|p1a: Tyranitar|363\/404
|
|-weather|Sandstorm|[upkeep]
|-damage|p2a: Noivern|292\/311|[from] sandstorm
|turn|7
|
|switch|p2a: Blastoise|Blastoise, M|362\/362
|move|p1a: Tyranitar|Stealth Rock|p2a: Blastoise
|-sidestart|p2: KnightSansArmour|move: Stealth Rock
|
|-weather|Sandstorm|[upkeep]
|-damage|p2a: Blastoise|340\/362|[from] sandstorm
|turn|8
|
|switch|p1a: Landorus|Landorus, M|319\/319
|detailschange|p2a: Blastoise|Blastoise-Mega, M
|message|Blastoise has Mega Evolved into Mega Blastoise!
|move|p2a: Blastoise|Rapid Spin|p1a: Landorus
|-damage|p1a: Landorus|304\/319
|-sideend|p2: KnightSansArmour|Stealth Rock|[from] move: Rapid Spin|[of] p2a: Blastoise
|
|-weather|Sandstorm|[upkeep]
|-damage|p2a: Blastoise|318\/362|[from] sandstorm
|turn|9
|
|move|p1a: Landorus|Sludge Wave|p2a: Blastoise
|-damage|p2a: Blastoise|145\/362
|move|p2a: Blastoise|Water Pulse|p1a: Landorus
|-supereffective|p1a: Landorus
|-damage|p1a: Landorus|0 fnt
|faint|p1a: Landorus
|
|-weather|Sandstorm|[upkeep]
|-damage|p2a: Blastoise|123\/362|[from] sandstorm
|
|switch|p1a: Greninja|Greninja, M|286\/286
|turn|10
|
|switch|p2a: Chansey|Chansey, F|337\/704
|-start|p1a: Greninja|typechange|Grass|[from] Protean
|move|p1a: Greninja|Grass Knot|p2a: Chansey
|-damage|p2a: Chansey|263\/704
|-damage|p1a: Greninja|258\/286|[from] item: Life Orb
|
|-weather|Sandstorm|[upkeep]
|-damage|p1a: Greninja|241\/286|[from] sandstorm
|-damage|p2a: Chansey|219\/704|[from] sandstorm
|turn|11
|
|-start|p1a: Greninja|typechange|Water|[from] Protean
|move|p1a: Greninja|Surf|p2a: Chansey
|-damage|p2a: Chansey|98\/704
|-damage|p1a: Greninja|213\/286|[from] item: Life Orb
|move|p2a: Chansey|Soft-Boiled|p2a: Chansey
|-heal|p2a: Chansey|450\/704
|
|-weather|Sandstorm|[upkeep]
|-damage|p1a: Greninja|196\/286|[from] sandstorm
|-damage|p2a: Chansey|406\/704|[from] sandstorm
|turn|12
|chat|n7557523|fuck
|chat|n7557523|basically gg
|
|switch|p1a: Excadrill|Excadrill, M|362\/362
|move|p2a: Chansey|Soft-Boiled|p2a: Chansey
|-heal|p2a: Chansey|704\/704
|
|-weather|Sandstorm|[upkeep]
|-damage|p2a: Chansey|660\/704|[from] sandstorm
|turn|13
|
|switch|p2a: Blastoise|Blastoise-Mega, M|123\/362
|move|p1a: Excadrill|Swords Dance|p1a: Excadrill
|-boost|p1a: Excadrill|atk|2
|
|-weather|none
|turn|14
|
|move|p1a: Excadrill|Earthquake|p2a: Blastoise
|-damage|p2a: Blastoise|0 fnt
|-damage|p1a: Excadrill|326\/362|[from] item: Life Orb
|faint|p2a: Blastoise
|
|
|switch|p2a: Noivern|Noivern, F|292\/311
|turn|15
|
|switch|p1a: Greninja|Greninja, M|196\/286
|move|p2a: Noivern|Flamethrower|p1a: Greninja
|-resisted|p1a: Greninja
|-damage|p1a: Greninja|115\/286
|
|turn|16
|
|switch|p2a: Chansey|Chansey, F|660\/704
|switch|p1a: Tyranitar|Tyranitar, F|363\/404
|-weather|Sandstorm
|
|-weather|Sandstorm|[upkeep]
|-damage|p2a: Chansey|616\/704|[from] sandstorm
|turn|17
|
|move|p1a: Tyranitar|Stealth Rock|p2a: Chansey
|-sidestart|p2: KnightSansArmour|move: Stealth Rock
|move|p2a: Chansey|Toxic|p1a: Tyranitar
|-status|p1a: Tyranitar|tox
|
|-weather|Sandstorm|[upkeep]
|-damage|p2a: Chansey|572\/704|[from] sandstorm
|-damage|p1a: Tyranitar|338\/404 tox|[from] psn
|turn|18
|
|switch|p1a: Excadrill|Excadrill, M|326\/362
|move|p2a: Chansey|Seismic Toss|p1a: Excadrill
|-damage|p1a: Excadrill|226\/362
|
|-weather|Sandstorm|[upkeep]
|-damage|p2a: Chansey|528\/704|[from] sandstorm
|turn|19
|
|move|p1a: Excadrill|Swords Dance|p1a: Excadrill
|-boost|p1a: Excadrill|atk|2
|move|p2a: Chansey|Seismic Toss|p1a: Excadrill
|-damage|p1a: Excadrill|126\/362
|
|-weather|Sandstorm|[upkeep]
|-damage|p2a: Chansey|484\/704|[from] sandstorm
|turn|20
|
|move|p1a: Excadrill|Iron Head|p2a: Chansey
|-damage|p2a: Chansey|0 fnt
|-damage|p1a: Excadrill|90\/362|[from] item: Life Orb
|faint|p2a: Chansey
|
|-weather|Sandstorm|[upkeep]
|
|switch|p2a: Zapdos|Zapdos|384\/384
|-damage|p2a: Zapdos|288\/384|[from] Stealth Rock
|-ability|p2a: Zapdos|Pressure
|turn|21
|
|move|p1a: Excadrill|Iron Head|p2a: Zapdos
|-resisted|p2a: Zapdos
|-damage|p2a: Zapdos|42\/384
|-damage|p1a: Excadrill|54\/362|[from] item: Life Orb
|move|p2a: Zapdos|Defog|p1a: Excadrill
|-unboost|p1a: Excadrill|evasion|1
|-sideend|p2: KnightSansArmour|Stealth Rock|[from] move: Defog|[of] p2a: Zapdos
|
|-weather|Sandstorm|[upkeep]
|-damage|p2a: Zapdos|18\/384|[from] sandstorm
|-heal|p2a: Zapdos|42\/384|[from] item: Leftovers
|turn|22
|
|move|p1a: Excadrill|Iron Head|p2a: Zapdos
|-crit|p2a: Zapdos
|-resisted|p2a: Zapdos
|-damage|p2a: Zapdos|0 fnt
|-damage|p1a: Excadrill|18\/362|[from] item: Life Orb
|faint|p2a: Zapdos
|
|-weather|Sandstorm|[upkeep]
|
|switch|p2a: Metagross|Metagross|364\/364
|turn|23
|
|move|p2a: Metagross|Bullet Punch|p1a: Excadrill
|-resisted|p1a: Excadrill
|-damage|p1a: Excadrill|0 fnt
|faint|p1a: Excadrill
|
|-weather|none
|
|switch|p1a: Pinsir|Pinsir-Mega, F|175\/271 tox
|turn|24
|
|switch|p2a: Noivern|Noivern, F|292\/311
|move|p1a: Pinsir|Earthquake|p2a: Noivern
|-immune|p2a: Noivern|[msg]
|
|-damage|p1a: Pinsir|159\/271 tox|[from] psn
|turn|25
|
|switch|p1a: Tyranitar|Tyranitar, F|338\/404 tox
|-weather|Sandstorm
|move|p2a: Noivern|Flamethrower|p1a: Tyranitar
|-resisted|p1a: Tyranitar
|-damage|p1a: Tyranitar|291\/404 tox
|
|-weather|Sandstorm|[upkeep]
|-damage|p2a: Noivern|273\/311|[from] sandstorm
|-damage|p1a: Tyranitar|266\/404 tox|[from] psn
|turn|26
|
|switch|p2a: Metagross|Metagross|364\/364
|move|p1a: Tyranitar|Crunch|p2a: Metagross
|-supereffective|p2a: Metagross
|-damage|p2a: Metagross|166\/364
|
|-weather|Sandstorm|[upkeep]
|-damage|p1a: Tyranitar|216\/404 tox|[from] psn
|turn|27
|
|move|p2a: Metagross|Bullet Punch|p1a: Tyranitar
|-supereffective|p1a: Tyranitar
|-damage|p1a: Tyranitar|112\/404 tox
|move|p1a: Tyranitar|Crunch|p2a: Metagross
|-supereffective|p2a: Metagross
|-damage|p2a: Metagross|0 fnt
|faint|p2a: Metagross
|
|-weather|Sandstorm|[upkeep]
|-damage|p1a: Tyranitar|37\/404 tox|[from] psn
|
|switch|p2a: Noivern|Noivern, F|273\/311
|turn|28
|
|move|p2a: Noivern|Boomburst|p1a: Tyranitar
|-resisted|p1a: Tyranitar
|-damage|p1a: Tyranitar|0 fnt
|faint|p1a: Tyranitar
|
|-weather|Sandstorm|[upkeep]
|-damage|p2a: Noivern|254\/311|[from] sandstorm
|
|switch|p1a: Greninja|Greninja, M|115\/286
|turn|29
|
|move|p2a: Noivern|Boomburst|p1a: Greninja
|-damage|p1a: Greninja|0 fnt
|faint|p1a: Greninja
|
|-weather|Sandstorm|[upkeep]
|-damage|p2a: Noivern|235\/311|[from] sandstorm
|chat|n7557523|gg
|chat|n7557523|scarf yeh?
|
|switch|p1a: Pinsir|Pinsir-Mega, F|159\/271 tox
|turn|30
|
|move|p1a: Pinsir|Quick Attack|p2a: Noivern
|-damage|p2a: Noivern|102\/311
|move|p2a: Noivern|Boomburst|p1a: Pinsir
|-damage|p1a: Pinsir|0 fnt
|faint|p1a: Pinsir
|
|win|KnightSansArmour
|raw|Ladder updating...
|raw|n7557523's rating: 1559 &rarr; <strong>1539<\/strong><br \/>(-20 for losing)
|raw|KnightSansArmour's rating: 1558 &rarr; <strong>1579<\/strong><br \/>(+21 for winning)
|chat|KnightSansArmour|Nope
|chat|KnightSansArmour|Outspeed Greninja by 1 :P
|chat|n7557523|oh really
|chat|KnightSansArmour|gg
|chat|n7557523|haha
|leave|n7557523
|player|p1