|join|Turbocake64
|join|KnightSansArmour
|player|p1|Turbocake64|164
|player|p2|KnightSansArmour|208
|gametype|singles
|gen|6
|tier|OU
|rated
|clearpoke
|poke|p1|Rotom-Wash
|poke|p1|Aerodactyl, M
|poke|p1|Togekiss, M
|poke|p1|Tyranitar, F
|poke|p1|Toxicroak, F, shiny
|poke|p1|Excadrill, F
|poke|p2|Gliscor, M
|poke|p2|Chansey, F
|poke|p2|Noivern, F
|poke|p2|Blastoise, M
|poke|p2|Zapdos
|poke|p2|Metagross
|rule|Swagger Clause: Swagger is banned
|rule|Baton Pass Clause: Limit one PokÃ©mon knowing Baton Pass
|rule|Sleep Clause Mod: Limit one foe put to sleep
|rule|Species Clause: Limit one of each PokÃ©mon
|rule|OHKO Clause: OHKO moves are banned
|rule|Moody Clause: Moody is banned
|rule|Evasion Moves Clause: Evasion moves are banned
|rule|Endless Battle Clause: Forcing endless battles is banned
|rule|HP Percentage Mod: HP is reported as percentages
|teampreview
|chat|KnightSansArmour|glhf
|chat|Turbocake64|glhf!
|
|start
|switch|p1a: Rotom-Wash|Rotom-Wash|303\/303
|switch|p2a: Gliscor|Gliscor, M|354\/354
|turn|1
|
|move|p2a: Gliscor|Protect|p2a: Gliscor
|-singleturn|p2a: Gliscor|Protect
|move|p1a: Rotom-Wash|Will-O-Wisp|p2a: Gliscor
|-activate|p2a: Gliscor|Protect
|
|-status|p2a: Gliscor|tox|[from] item: Toxic Orb
|turn|2
|
|switch|p2a: Chansey|Chansey, F|704\/704
|move|p1a: Rotom-Wash|Pain Split|p2a: Chansey
|-sethp|p2a: Chansey|503\/704|p1a: Rotom-Wash|303\/303|[from] move: Pain Split
|
|turn|3
|
|move|p1a: Rotom-Wash|Volt Switch|p2a: Chansey
|-damage|p2a: Chansey|451\/704
|
|switch|p1a: Tyranitar|Tyranitar, F|403\/403
|-weather|Sandstorm
|move|p2a: Chansey|Toxic|p1a: Tyranitar
|-status|p1a: Tyranitar|tox
|
|-weather|Sandstorm|[upkeep]
|-damage|p2a: Chansey|407\/704|[from] sandstorm
|-damage|p1a: Tyranitar|378\/403 tox|[from] psn
|turn|4
|
|move|p1a: Tyranitar|Stealth Rock|p2a: Chansey
|-sidestart|p2: KnightSansArmour|move: Stealth Rock
|move|p2a: Chansey|Soft-Boiled|p2a: Chansey
|-heal|p2a: Chansey|704\/704
|
|-weather|Sandstorm|[upkeep]
|-damage|p2a: Chansey|660\/704|[from] sandstorm
|-damage|p1a: Tyranitar|328\/403 tox|[from] psn
|turn|5
|
|switch|p1a: Toxicroak|Toxicroak, F, shiny|307\/307
|switch|p2a: Gliscor|Gliscor, M|354\/354 tox
|-damage|p2a: Gliscor|310\/354 tox|[from] Stealth Rock
|
|-weather|Sandstorm|[upkeep]
|-damage|p1a: Toxicroak|288\/307|[from] sandstorm
|-heal|p1a: Toxicroak|307\/307|[from] item: Black Sludge
|-heal|p2a: Gliscor|354\/354 tox|[from] ability: Poison Heal
|turn|6
|
|switch|p1a: Aerodactyl|Aerodactyl, M|301\/301
|move|p2a: Gliscor|Earthquake|p1a: Aerodactyl
|-immune|p1a: Aerodactyl|[msg]
|
|-weather|Sandstorm|[upkeep]
|turn|7
|
|detailschange|p1a: Aerodactyl|Aerodactyl-Mega, M
|message|Aerodactyl has Mega Evolved into Mega Aerodactyl!
|move|p2a: Gliscor|Protect|p2a: Gliscor
|-singleturn|p2a: Gliscor|Protect
|move|p1a: Aerodactyl|Ice Fang|p2a: Gliscor
|-activate|p2a: Gliscor|Protect
|
|-weather|Sandstorm|[upkeep]
|turn|8
|
|switch|p2a: Blastoise|Blastoise, M|362\/362
|-damage|p2a: Blastoise|317\/362|[from] Stealth Rock
|move|p1a: Aerodactyl|Ice Fang|p2a: Blastoise
|-resisted|p2a: Blastoise
|-damage|p2a: Blastoise|261\/362
|
|-weather|Sandstorm|[upkeep]
|-damage|p2a: Blastoise|239\/362|[from] sandstorm
|turn|9
|
|switch|p1a: Togekiss|Togekiss, M|332\/332
|detailschange|p2a: Blastoise|Blastoise-Mega, M
|message|Blastoise has Mega Evolved into Mega Blastoise!
|move|p2a: Blastoise|Rapid Spin|p1a: Togekiss
|-damage|p1a: Togekiss|317\/332
|-sideend|p2: KnightSansArmour|Stealth Rock|[from] move: Rapid Spin|[of] p2a: Blastoise
|
|-weather|Sandstorm|[upkeep]
|-damage|p1a: Togekiss|297\/332|[from] sandstorm
|-damage|p2a: Blastoise|217\/362|[from] sandstorm
|-heal|p1a: Togekiss|317\/332|[from] item: Leftovers
|turn|10
|
|switch|p2a: Zapdos|Zapdos|384\/384
|-ability|p2a: Zapdos|Pressure
|move|p1a: Togekiss|Thunder Wave|p2a: Zapdos
|-fail|p2a: Zapdos
|
|-weather|none
|-heal|p1a: Togekiss|332\/332|[from] item: Leftovers
|turn|11
|
|switch|p1a: Tyranitar|Tyranitar, F|328\/403 tox
|-weather|Sandstorm
|move|p2a: Zapdos|Heat Wave|p1a: Tyranitar
|-resisted|p1a: Tyranitar
|-damage|p1a: Tyranitar|289\/403 tox
|
|-weather|Sandstorm|[upkeep]
|-damage|p2a: Zapdos|360\/384|[from] sandstorm
|-heal|p2a: Zapdos|384\/384|[from] item: Leftovers
|-damage|p1a: Tyranitar|264\/403 tox|[from] psn
|turn|12
|
|switch|p2a: Blastoise|Blastoise-Mega, M|217\/362
|move|p1a: Tyranitar|Stone Edge|p2a: Blastoise
|-damage|p2a: Blastoise|91\/362
|
|-weather|Sandstorm|[upkeep]
|-damage|p2a: Blastoise|69\/362|[from] sandstorm
|-damage|p1a: Tyranitar|214\/403 tox|[from] psn
|turn|13
|
|switch|p1a: Togekiss|Togekiss, M|332\/332
|move|p2a: Blastoise|Aura Sphere|p1a: Togekiss
|-resisted|p1a: Togekiss
|-damage|p1a: Togekiss|303\/332
|
|-weather|Sandstorm|[upkeep]
|-damage|p1a: Togekiss|283\/332|[from] sandstorm
|-damage|p2a: Blastoise|47\/362|[from] sandstorm
|-heal|p1a: Togekiss|303\/332|[from] item: Leftovers
|turn|14
|
|switch|p2a: Chansey|Chansey, F|660\/704
|move|p1a: Togekiss|Heal Bell|p1a: Togekiss
|-cureteam|p1a: Togekiss|[from] move: HealBell
|
|-weather|Sandstorm|[upkeep]
|-damage|p1a: Togekiss|283\/332|[from] sandstorm
|-damage|p2a: Chansey|616\/704|[from] sandstorm
|-heal|p1a: Togekiss|303\/332|[from] item: Leftovers
|turn|15
|
|switch|p1a: Toxicroak|Toxicroak, F, shiny|307\/307
|move|p2a: Chansey|Seismic Toss|p1a: Toxicroak
|-damage|p1a: Toxicroak|207\/307
|
|-weather|Sandstorm|[upkeep]
|-damage|p1a: Toxicroak|188\/307|[from] sandstorm
|-damage|p2a: Chansey|572\/704|[from] sandstorm
|-heal|p1a: Toxicroak|207\/307|[from] item: Black Sludge
|turn|16
|
|switch|p2a: Gliscor|Gliscor, M|354\/354 tox
|move|p1a: Toxicroak|Drain Punch|p2a: Gliscor
|-resisted|p2a: Gliscor
|-damage|p2a: Gliscor|313\/354 tox
|-heal|p1a: Toxicroak|228\/307|[from] drain|[of] p2a: Gliscor
|
|-weather|Sandstorm|[upkeep]
|-damage|p1a: Toxicroak|209\/307|[from] sandstorm
|-heal|p1a: Toxicroak|228\/307|[from] item: Black Sludge
|-heal|p2a: Gliscor|354\/354 tox|[from] ability: Poison Heal
|turn|17
|chat|Turbocake64|switch fest!
|
|switch|p1a: Aerodactyl|Aerodactyl-Mega, M|301\/301
|move|p2a: Gliscor|Substitute|p2a: Gliscor
|-start|p2a: Gliscor|Substitute
|-damage|p2a: Gliscor|266\/354 tox
|
|-weather|Sandstorm|[upkeep]
|-heal|p2a: Gliscor|310\/354 tox|[from] ability: Poison Heal
|turn|18
|chat|KnightSansArmour|I'm playing a bulky team, it's what I do :P
|
|move|p1a: Aerodactyl|Aerial Ace|p2a: Gliscor
|-end|p2a: Gliscor|Substitute
|move|p2a: Gliscor|Toxic|p1a: Aerodactyl
|-status|p1a: Aerodactyl|tox
|
|-weather|none
|-damage|p1a: Aerodactyl|283\/301 tox|[from] psn
|-heal|p2a: Gliscor|354\/354 tox|[from] ability: Poison Heal
|turn|19
|
|switch|p1a: Togekiss|Togekiss, M|303\/332
|move|p2a: Gliscor|Protect|p2a: Gliscor
|-fail|p2a: Gliscor
|
|-heal|p1a: Togekiss|323\/332|[from] item: Leftovers
|turn|20
|
|move|p2a: Gliscor|Toxic|p1a: Togekiss
|-status|p1a: Togekiss|tox
|move|p1a: Togekiss|Heal Bell|p1a: Togekiss
|-cureteam|p1a: Togekiss|[from] move: HealBell
|
|-heal|p1a: Togekiss|332\/332|[from] item: Leftovers
|turn|21
|
|move|p2a: Gliscor|Toxic|p1a: Togekiss
|-status|p1a: Togekiss|tox
|move|p1a: Togekiss|Air Slash|p2a: Gliscor
|-damage|p2a: Gliscor|206\/354 tox
|
|-heal|p2a: Gliscor|250\/354 tox|[from] ability: Poison Heal
|-damage|p1a: Togekiss|312\/332 tox|[from] psn
|turn|22
|
|move|p2a: Gliscor|Substitute|p2a: Gliscor
|-start|p2a: Gliscor|Substitute
|-damage|p2a: Gliscor|162\/354 tox
|move|p1a: Togekiss|Heal Bell|p1a: Togekiss
|-cureteam|p1a: Togekiss|[from] move: HealBell
|
|-heal|p1a: Togekiss|332\/332|[from] item: Leftovers
|-heal|p2a: Gliscor|206\/354 tox|[from] ability: Poison Heal
|turn|23
|
|switch|p1a: Rotom-Wash|Rotom-Wash|303\/303
|move|p2a: Gliscor|Protect|p2a: Gliscor
|-fail|p2a: Gliscor
|
|-heal|p2a: Gliscor|250\/354 tox|[from] ability: Poison Heal
|turn|24
|
|move|p2a: Gliscor|Toxic|p1a: Rotom-Wash|[miss]
|-miss|p2a: Gliscor|p1a: Rotom-Wash
|move|p1a: Rotom-Wash|Hydro Pump|p2a: Gliscor
|-supereffective|p2a: Gliscor
|-end|p2a: Gliscor|Substitute
|
|-heal|p2a: Gliscor|294\/354 tox|[from] ability: Poison Heal
|turn|25
|
|switch|p2a: Chansey|Chansey, F|572\/704
|move|p1a: Rotom-Wash|Hydro Pump|p2a: Chansey
|-damage|p2a: Chansey|488\/704
|
|turn|26
|
|move|p1a: Rotom-Wash|Will-O-Wisp|p2a: Chansey|[miss]
|-miss|p1a: Rotom-Wash|p2a: Chansey
|move|p2a: Chansey|Toxic|p1a: Rotom-Wash
|-status|p1a: Rotom-Wash|tox
|
|-damage|p1a: Rotom-Wash|285\/303 tox|[from] psn
|turn|27
|
|move|p1a: Rotom-Wash|Pain Split|p2a: Chansey
|-sethp|p2a: Chansey|386\/704|p1a: Rotom-Wash|303\/303 tox|[from] move: Pain Split
|move|p2a: Chansey|Seismic Toss|p1a: Rotom-Wash
|-damage|p1a: Rotom-Wash|203\/303 tox
|
|-heal|p1a: Rotom-Wash|221\/303 tox|[from] item: Leftovers
|-damage|p1a: Rotom-Wash|185\/303 tox|[from] psn
|turn|28
|
|move|p1a: Rotom-Wash|Pain Split|p2a: Chansey
|-sethp|p2a: Chansey|285\/704|p1a: Rotom-Wash|285\/303 tox|[from] move: Pain Split
|move|p2a: Chansey|Soft-Boiled|p2a: Chansey
|-heal|p2a: Chansey|637\/704
|
|-heal|p1a: Rotom-Wash|303\/303 tox|[from] item: Leftovers
|-damage|p1a: Rotom-Wash|249\/303 tox|[from] psn
|turn|29
|
|switch|p1a: Togekiss|Togekiss, M|332\/332
|move|p2a: Chansey|Seismic Toss|p1a: Togekiss
|-damage|p1a: Togekiss|232\/332
|
|-heal|p1a: Togekiss|252\/332|[from] item: Leftovers
|turn|30
|
|move|p1a: Togekiss|Thunder Wave|p2a: Chansey
|-status|p2a: Chansey|par
|move|p2a: Chansey|Seismic Toss|p1a: Togekiss
|-damage|p1a: Togekiss|152\/332
|
|-heal|p1a: Togekiss|172\/332|[from] item: Leftovers
|turn|31
|
|move|p1a: Togekiss|Roost|p1a: Togekiss
|-heal|p1a: Togekiss|332\/332
|move|p2a: Chansey|Toxic|p1a: Togekiss
|-status|p1a: Togekiss|tox
|
|-damage|p1a: Togekiss|312\/332 tox|[from] psn
|turn|32
|chat|Turbocake64|-_-
|
|switch|p2a: Zapdos|Zapdos|384\/384
|-ability|p2a: Zapdos|Pressure
|move|p1a: Togekiss|Heal Bell|p1a: Togekiss
|-cureteam|p1a: Togekiss|[from] move: HealBell
|
|-heal|p1a: Togekiss|332\/332|[from] item: Leftovers
|turn|33
|
|switch|p2a: Blastoise|Blastoise-Mega, M|47\/362
|switch|p1a: Tyranitar|Tyranitar, F|214\/403
|-weather|Sandstorm
|
|-weather|Sandstorm|[upkeep]
|-damage|p2a: Blastoise|25\/362|[from] sandstorm
|turn|34
|
|switch|p1a: Toxicroak|Toxicroak, F, shiny|228\/307
|move|p2a: Blastoise|Aura Sphere|p1a: Toxicroak
|-resisted|p1a: Toxicroak
|-damage|p1a: Toxicroak|117\/307
|
|-weather|Sandstorm|[upkeep]
|-damage|p1a: Toxicroak|98\/307|[from] sandstorm
|-damage|p2a: Blastoise|3\/362|[from] sandstorm
|-heal|p1a: Toxicroak|117\/307|[from] item: Black Sludge
|turn|35
|
|move|p1a: Toxicroak|Sucker Punch|p2a: Blastoise
|-damage|p2a: Blastoise|0 fnt
|faint|p2a: Blastoise
|
|-weather|Sandstorm|[upkeep]
|-damage|p1a: Toxicroak|98\/307|[from] sandstorm
|-heal|p1a: Toxicroak|117\/307|[from] item: Black Sludge
|
|switch|p2a: Gliscor|Gliscor, M|294\/354 tox
|turn|36
|
|move|p1a: Toxicroak|Drain Punch|p2a: Gliscor
|-resisted|p2a: Gliscor
|-damage|p2a: Gliscor|257\/354 tox
|-heal|p1a: Toxicroak|136\/307|[from] drain|[of] p2a: Gliscor
|move|p2a: Gliscor|Substitute|p2a: Gliscor
|-start|p2a: Gliscor|Substitute
|-damage|p2a: Gliscor|169\/354 tox
|
|-weather|Sandstorm|[upkeep]
|-damage|p1a: Toxicroak|117\/307|[from] sandstorm
|-heal|p1a: Toxicroak|136\/307|[from] item: Black Sludge
|-heal|p2a: Gliscor|213\/354 tox|[from] ability: Poison Heal
|turn|37
|
|switch|p1a: Togekiss|Togekiss, M|332\/332
|move|p2a: Gliscor|Earthquake|p1a: Togekiss
|-immune|p1a: Togekiss|[msg]
|
|-weather|Sandstorm|[upkeep]
|-damage|p1a: Togekiss|312\/332|[from] sandstorm
|-heal|p1a: Togekiss|332\/332|[from] item: Leftovers
|-heal|p2a: Gliscor|257\/354 tox|[from] ability: Poison Heal
|turn|38
|
|move|p2a: Gliscor|Toxic|p1a: Togekiss
|-status|p1a: Togekiss|tox
|move|p1a: Togekiss|Air Slash|p2a: Gliscor
|-end|p2a: Gliscor|Substitute
|
|-weather|Sandstorm|[upkeep]
|-damage|p1a: Togekiss|312\/332 tox|[from] sandstorm
|-heal|p1a: Togekiss|332\/332 tox|[from] item: Leftovers
|-heal|p2a: Gliscor|301\/354 tox|[from] ability: Poison Heal
|-damage|p1a: Togekiss|312\/332 tox|[from] psn
|turn|39
|
|move|p2a: Gliscor|Substitute|p2a: Gliscor
|-start|p2a: Gliscor|Substitute
|-damage|p2a: Gliscor|213\/354 tox
|move|p1a: Togekiss|Air Slash|p2a: Gliscor
|-end|p2a: Gliscor|Substitute
|
|-weather|Sandstorm|[upkeep]
|-damage|p1a: Togekiss|292\/332 tox|[from] sandstorm
|-heal|p1a: Togekiss|312\/332 tox|[from] item: Leftovers
|-heal|p2a: Gliscor|257\/354 tox|[from] ability: Poison Heal
|-damage|p1a: Togekiss|272\/332 tox|[from] psn
|turn|40
|
|move|p2a: Gliscor|Protect|p2a: Gliscor
|-singleturn|p2a: Gliscor|Protect
|move|p1a: Togekiss|Air Slash|p2a: Gliscor
|-activate|p2a: Gliscor|Protect
|
|-weather|none
|-heal|p1a: Togekiss|292\/332 tox|[from] item: Leftovers
|-heal|p2a: Gliscor|301\/354 tox|[from] ability: Poison Heal
|-damage|p1a: Togekiss|232\/332 tox|[from] psn
|turn|41
|
|move|p2a: Gliscor|Substitute|p2a: Gliscor
|-start|p2a: Gliscor|Substitute
|-damage|p2a: Gliscor|213\/354 tox
|move|p1a: Togekiss|Air Slash|p2a: Gliscor
|-end|p2a: Gliscor|Substitute
|
|-heal|p1a: Togekiss|252\/332 tox|[from] item: Leftovers
|-heal|p2a: Gliscor|257\/354 tox|[from] ability: Poison Heal
|-damage|p1a: Togekiss|172\/332 tox|[from] psn
|turn|42
|
|move|p2a: Gliscor|Protect|p2a: Gliscor
|-singleturn|p2a: Gliscor|Protect
|move|p1a: Togekiss|Heal Bell|p1a: Togekiss
|-cureteam|p1a: Togekiss|[from] move: HealBell
|
|-heal|p1a: Togekiss|192\/332|[from] item: Leftovers
|-heal|p2a: Gliscor|301\/354 tox|[from] ability: Poison Heal
|turn|43
|
|move|p2a: Gliscor|Toxic|p1a: Togekiss
|-status|p1a: Togekiss|tox
|move|p1a: Togekiss|Roost|p1a: Togekiss
|-heal|p1a: Togekiss|332\/332 tox
|
|-heal|p2a: Gliscor|345\/354 tox|[from] ability: Poison Heal
|-damage|p1a: Togekiss|312\/332 tox|[from] psn
|turn|44
|
|switch|p1a: Aerodactyl|Aerodactyl-Mega, M|283\/301
|move|p2a: Gliscor|Substitute|p2a: Gliscor
|-start|p2a: Gliscor|Substitute
|-damage|p2a: Gliscor|257\/354 tox
|
|-heal|p2a: Gliscor|301\/354 tox|[from] ability: Poison Heal
|turn|45
|
|move|p1a: Aerodactyl|Ice Fang|p2a: Gliscor
|-supereffective|p2a: Gliscor
|-end|p2a: Gliscor|Substitute
|move|p2a: Gliscor|Toxic|p1a: Aerodactyl
|-status|p1a: Aerodactyl|tox
|
|-damage|p1a: Aerodactyl|265\/301 tox|[from] psn
|-heal|p2a: Gliscor|345\/354 tox|[from] ability: Poison Heal
|turn|46
|
|switch|p2a: Metagross|Metagross|364\/364
|move|p1a: Aerodactyl|Ice Fang|p2a: Metagross
|-resisted|p2a: Metagross
|-damage|p2a: Metagross|321\/364
|
|-damage|p1a: Aerodactyl|229\/301 tox|[from] psn
|turn|47
|chat|Turbocake64|T_T
|
|switch|p1a: Rotom-Wash|Rotom-Wash|249\/303
|move|p2a: Metagross|Bullet Punch|p1a: Rotom-Wash
|-resisted|p1a: Rotom-Wash
|-damage|p1a: Rotom-Wash|233\/303
|
|-heal|p1a: Rotom-Wash|251\/303|[from] item: Leftovers
|turn|48
|
|switch|p2a: Chansey|Chansey, F|637\/704
|move|p1a: Rotom-Wash|Will-O-Wisp|p2a: Chansey
|-status|p2a: Chansey|brn
|
|-heal|p1a: Rotom-Wash|269\/303|[from] item: Leftovers
|-damage|p2a: Chansey|549\/704 brn|[from] brn
|turn|49
|
|move|p1a: Rotom-Wash|Volt Switch|p2a: Chansey
|-damage|p2a: Chansey|495\/704 brn
|
|switch|p1a: Tyranitar|Tyranitar, F|214\/403
|-weather|Sandstorm
|move|p2a: Chansey|Toxic|p1a: Tyranitar
|-status|p1a: Tyranitar|tox
|
|-weather|Sandstorm|[upkeep]
|-damage|p2a: Chansey|451\/704 brn|[from] sandstorm
|-damage|p1a: Tyranitar|189\/403 tox|[from] psn
|-damage|p2a: Chansey|363\/704 brn|[from] brn
|turn|50
|
|switch|p2a: Gliscor|Gliscor, M|345\/354 tox
|move|p1a: Tyranitar|Stealth Rock|p2a: Gliscor
|-sidestart|p2: KnightSansArmour|move: Stealth Rock
|
|-weather|Sandstorm|[upkeep]
|-heal|p2a: Gliscor|354\/354 tox|[from] ability: Poison Heal
|-damage|p1a: Tyranitar|139\/403 tox|[from] psn
|turn|51
|
|switch|p1a: Togekiss|Togekiss, M|312\/332 tox
|move|p2a: Gliscor|Substitute|p2a: Gliscor
|-start|p2a: Gliscor|Substitute
|-damage|p2a: Gliscor|266\/354 tox
|
|-weather|Sandstorm|[upkeep]
|-damage|p1a: Togekiss|292\/332 tox|[from] sandstorm
|-heal|p1a: Togekiss|312\/332 tox|[from] item: Leftovers
|-heal|p2a: Gliscor|310\/354 tox|[from] ability: Poison Heal
|-damage|p1a: Togekiss|292\/332 tox|[from] psn
|turn|52
|chat|Turbocake64|I hate how well this is working
|
|move|p2a: Gliscor|Protect|p2a: Gliscor
|-singleturn|p2a: Gliscor|Protect
|move|p1a: Togekiss|Heal Bell|p1a: Togekiss
|-cureteam|p1a: Togekiss|[from] move: HealBell
|
|-weather|Sandstorm|[upkeep]
|-damage|p1a: Togekiss|272\/332|[from] sandstorm
|-heal|p1a: Togekiss|292\/332|[from] item: Leftovers
|-heal|p2a: Gliscor|354\/354 tox|[from] ability: Poison Heal
|turn|53
|
|switch|p1a: Aerodactyl|Aerodactyl-Mega, M|229\/301
|move|p2a: Gliscor|Toxic|p1a: Aerodactyl|[miss]
|-miss|p2a: Gliscor|p1a: Aerodactyl
|
|-weather|Sandstorm|[upkeep]
|turn|54
|
|move|p1a: Aerodactyl|Ice Fang|p2a: Gliscor
|-supereffective|p2a: Gliscor
|-end|p2a: Gliscor|Substitute
|move|p2a: Gliscor|Toxic|p1a: Aerodactyl|[miss]
|-miss|p2a: Gliscor|p1a: Aerodactyl
|
|-weather|Sandstorm|[upkeep]
|turn|55
|
|switch|p1a: Excadrill|Excadrill, F|362\/362
|move|p2a: Gliscor|Protect|p2a: Gliscor
|-fail|p2a: Gliscor
|
|-weather|Sandstorm|[upkeep]
|turn|56
|
|move|p1a: Excadrill|Rock Slide|p2a: Gliscor
|-damage|p2a: Gliscor|275\/354 tox
|-damage|p1a: Excadrill|326\/362|[from] item: Life Orb
|move|p2a: Gliscor|Earthquake|p1a: Excadrill
|-supereffective|p1a: Excadrill
|-damage|p1a: Excadrill|0 fnt
|faint|p1a: Excadrill
|
|-weather|none
|-heal|p2a: Gliscor|319\/354 tox|[from] ability: Poison Heal
|
|switch|p1a: Aerodactyl|Aerodactyl-Mega, M|229\/301
|turn|57
|
|switch|p2a: Metagross|Metagross|321\/364
|-damage|p2a: Metagross|299\/364|[from] Stealth Rock
|move|p1a: Aerodactyl|Ice Fang|p2a: Metagross
|-resisted|p2a: Metagross
|-damage|p2a: Metagross|252\/364
|
|turn|58
|chat|Turbocake64|I don't wanna rage quit
|chat|Turbocake64|but I hate you bunches
|
|move|p1a: Aerodactyl|Fire Fang|p2a: Metagross
|-supereffective|p2a: Metagross
|-damage|p2a: Metagross|58\/364
|move|p2a: Metagross|Zen Headbutt|p1a: Aerodactyl
|-damage|p1a: Aerodactyl|54\/301
|
|turn|59
|chat|KnightSansArmour|Sorry for playing stall
|chat|KnightSansArmour|But also I'm not :P
|
|move|p2a: Metagross|Bullet Punch|p1a: Aerodactyl
|-supereffective|p1a: Aerodactyl
|-damage|p1a: Aerodactyl|0 fnt
|faint|p1a: Aerodactyl
|
|chat|Turbocake64|don't apologize
|chat|Turbocake64|it's working out for you and thats awesome
|
|switch|p1a: Rotom-Wash|Rotom-Wash|269\/303
|turn|60
|
|move|p1a: Rotom-Wash|Hydro Pump|p2a: Metagross
|-damage|p2a: Metagross|0 fnt
|faint|p2a: Metagross
|
|-heal|p1a: Rotom-Wash|287\/303|[from] item: Leftovers
|chat|Turbocake64|but if I could kick you in the nuts I would
|
|switch|p2a: Zapdos|Zapdos|384\/384
|-damage|p2a: Zapdos|288\/384|[from] Stealth Rock
|-ability|p2a: Zapdos|Pressure
|turn|61
|
|move|p2a: Zapdos|Defog|p1a: Rotom-Wash
|-unboost|p1a: Rotom-Wash|evasion|1
|-sideend|p2: KnightSansArmour|Stealth Rock|[from] move: Defog|[of] p2a: Zapdos
|move|p1a: Rotom-Wash|Will-O-Wisp|p2a: Zapdos
|-status|p2a: Zapdos|brn
|
|-heal|p2a: Zapdos|312\/384 brn|[from] item: Leftovers
|-heal|p1a: Rotom-Wash|303\/303|[from] item: Leftovers
|-damage|p2a: Zapdos|264\/384 brn|[from] brn
|turn|62
|
|switch|p2a: Chansey|Chansey, F|363\/704
|move|p1a: Rotom-Wash|Volt Switch|p2a: Chansey
|-damage|p2a: Chansey|311\/704
|
|switch|p1a: Toxicroak|Toxicroak, F, shiny|136\/307
|
|-heal|p1a: Toxicroak|155\/307|[from] item: Black Sludge
|turn|63
|
|switch|p1a: Rotom-Wash|Rotom-Wash|303\/303
|switch|p2a: Gliscor|Gliscor, M|319\/354 tox
|
|-heal|p2a: Gliscor|354\/354 tox|[from] ability: Poison Heal
|turn|64
|
|move|p2a: Gliscor|Substitute|p2a: Gliscor
|-start|p2a: Gliscor|Substitute
|-damage|p2a: Gliscor|266\/354 tox
|move|p1a: Rotom-Wash|Hydro Pump|p2a: Gliscor
|-supereffective|p2a: Gliscor
|-end|p2a: Gliscor|Substitute
|
|-heal|p2a: Gliscor|310\/354 tox|[from] ability: Poison Heal
|turn|65
|
|move|p2a: Gliscor|Protect|p2a: Gliscor
|-singleturn|p2a: Gliscor|Protect
|move|p1a: Rotom-Wash|Hydro Pump|p2a: Gliscor
|-activate|p2a: Gliscor|Protect
|
|-heal|p2a: Gliscor|354\/354 tox|[from] ability: Poison Heal
|turn|66
|
|move|p2a: Gliscor|Substitute|p2a: Gliscor
|-start|p2a: Gliscor|Substitute
|-damage|p2a: Gliscor|266\/354 tox
|move|p1a: Rotom-Wash|Hydro Pump|p2a: Gliscor|[miss]
|-miss|p1a: Rotom-Wash|p2a: Gliscor
|
|-heal|p2a: Gliscor|310\/354 tox|[from] ability: Poison Heal
|turn|67
|chat|Turbocake64|the stall
|chat|Turbocake64|the stall wall
|chat|Turbocake64|the grrrrrrrrr i feel inside
|chat|KnightSansArmour|I didn't choose the stall life the stall life chose me :P
|chat|Turbocake64|no you chose
|chat|Turbocake64|at least take accountability 
|chat|KnightSansArmour|Okay, yeah:P
|chat|Turbocake64|and put your tongue back in your mouth!
|
|switch|p1a: Togekiss|Togekiss, M|292\/332
|move|p2a: Gliscor|Toxic|p1a: Togekiss
|-status|p1a: Togekiss|tox
|
|-heal|p1a: Togekiss|312\/332 tox|[from] item: Leftovers
|-heal|p2a: Gliscor|354\/354 tox|[from] ability: Poison Heal
|-damage|p1a: Togekiss|292\/332 tox|[from] psn
|turn|68
|chat|KnightSansArmour|But I'm only running two hard stall Pokemon
|
|move|p2a: Gliscor|Earthquake|p1a: Togekiss
|-immune|p1a: Togekiss|[msg]
|move|p1a: Togekiss|Air Slash|p2a: Gliscor
|-crit|p2a: Gliscor
|-end|p2a: Gliscor|Substitute
|
|-heal|p1a: Togekiss|312\/332 tox|[from] item: Leftovers
|-damage|p1a: Togekiss|272\/332 tox|[from] psn
|turn|69
|chat|Turbocake64|it's still fucking me up
|chat|Turbocake64|this isn't about you
|chat|Turbocake64|its about me
|chat|KnightSansArmour|I could be running six? Look on the bright side? :P
|chat|Turbocake64|that's not the bright
|chat|Turbocake64|side
|
|move|p2a: Gliscor|Substitute|p2a: Gliscor
|-start|p2a: Gliscor|Substitute
|-damage|p2a: Gliscor|266\/354 tox
|move|p1a: Togekiss|Roost|p1a: Togekiss
|-heal|p1a: Togekiss|332\/332 tox
|
|-heal|p2a: Gliscor|310\/354 tox|[from] ability: Poison Heal
|-damage|p1a: Togekiss|272\/332 tox|[from] psn
|turn|70
|
|switch|p2a: Chansey|Chansey, F|311\/704
|move|p1a: Togekiss|Air Slash|p2a: Chansey|[miss]
|-miss|p1a: Togekiss|p2a: Chansey
|
|-heal|p1a: Togekiss|292\/332 tox|[from] item: Leftovers
|-damage|p1a: Togekiss|212\/332 tox|[from] psn
|turn|71
|
|move|p1a: Togekiss|Thunder Wave|p2a: Chansey
|-status|p2a: Chansey|par
|move|p2a: Chansey|Soft-Boiled|p2a: Chansey
|-heal|p2a: Chansey|663\/704 par
|
|-heal|p1a: Togekiss|232\/332 tox|[from] item: Leftovers
|-damage|p1a: Togekiss|132\/332 tox|[from] psn
|turn|72
|
|move|p1a: Togekiss|Roost|p1a: Togekiss
|-heal|p1a: Togekiss|298\/332 tox
|move|p2a: Chansey|Seismic Toss|p1a: Togekiss
|-damage|p1a: Togekiss|198\/332 tox
|
|-heal|p1a: Togekiss|218\/332 tox|[from] item: Leftovers
|-damage|p1a: Togekiss|98\/332 tox|[from] psn
|turn|73
|
|move|p1a: Togekiss|Heal Bell|p1a: Togekiss
|-cureteam|p1a: Togekiss|[from] move: HealBell
|move|p2a: Chansey|Aromatherapy|p2a: Chansey
|-cureteam|p2a: Chansey|[from] move: Aromatherapy
|
|-heal|p1a: Togekiss|118\/332|[from] item: Leftovers
|turn|74
|
|switch|p1a: Rotom-Wash|Rotom-Wash|303\/303
|move|p2a: Chansey|Toxic|p1a: Rotom-Wash
|-status|p1a: Rotom-Wash|tox
|
|-damage|p1a: Rotom-Wash|285\/303 tox|[from] psn
|turn|75
|chat|KnightSansArmour|no more heal bells, correct?
|chat|Turbocake64|no balls what?
|
|move|p1a: Rotom-Wash|Will-O-Wisp|p2a: Chansey
|-status|p2a: Chansey|brn
|move|p2a: Chansey|Seismic Toss|p1a: Rotom-Wash
|-damage|p1a: Rotom-Wash|185\/303 tox
|
|-heal|p1a: Rotom-Wash|203\/303 tox|[from] item: Leftovers
|-damage|p1a: Rotom-Wash|167\/303 tox|[from] psn
|-damage|p2a: Chansey|575\/704 brn|[from] brn
|turn|76
|chat|KnightSansArmour|I like that you're respectfully pissed off. It's a nice change :P
|
|move|p1a: Rotom-Wash|Pain Split|p2a: Chansey
|-sethp|p2a: Chansey|371\/704 brn|p1a: Rotom-Wash|303\/303 tox|[from] move: Pain Split
|move|p2a: Chansey|Soft-Boiled|p2a: Chansey
|-heal|p2a: Chansey|704\/704 brn
|
|-damage|p1a: Rotom-Wash|249\/303 tox|[from] psn
|-damage|p2a: Chansey|616\/704 brn|[from] brn
|turn|77
|chat|Turbocake64|haha, I'm here to have fun.
|chat|Turbocake64|and be CHATTY
|chat|KnightSansArmour|SO many people rage at me
|chat|Turbocake64|well, I hope you haven't taken my Ragenz too hard
|chat|KnightSansArmour|You're actually quite polite in your raging.
|
|move|p1a: Rotom-Wash|Pain Split|p2a: Chansey
|-sethp|p2a: Chansey|432\/704 brn|p1a: Rotom-Wash|303\/303 tox|[from] move: Pain Split
|move|p2a: Chansey|Seismic Toss|p1a: Rotom-Wash
|-damage|p1a: Rotom-Wash|203\/303 tox
|
|-heal|p1a: Rotom-Wash|221\/303 tox|[from] item: Leftovers
|-damage|p1a: Rotom-Wash|149\/303 tox|[from] psn
|-damage|p2a: Chansey|344\/704 brn|[from] brn
|turn|78
|chat|KnightSansArmour|SOme jerks blatantly timer stall
|chat|Turbocake64|the secret is to not actually rage
|chat|KnightSansArmour|Share the secret with everyone please :P
|chat|Turbocake64|which only prolongs their frustration haha
|
|move|p1a: Rotom-Wash|Pain Split|p2a: Chansey
|-sethp|p2a: Chansey|246\/704 brn|p1a: Rotom-Wash|246\/303 tox|[from] move: Pain Split
|move|p2a: Chansey|Soft-Boiled|p2a: Chansey
|-heal|p2a: Chansey|598\/704 brn
|
|-heal|p1a: Rotom-Wash|264\/303 tox|[from] item: Leftovers
|-damage|p1a: Rotom-Wash|174\/303 tox|[from] psn
|-damage|p2a: Chansey|510\/704 brn|[from] brn
|turn|79
|
|switch|p1a: Toxicroak|Toxicroak, F, shiny|155\/307
|move|p2a: Chansey|Seismic Toss|p1a: Toxicroak
|-damage|p1a: Toxicroak|55\/307
|
|-heal|p1a: Toxicroak|74\/307|[from] item: Black Sludge
|-damage|p2a: Chansey|422\/704 brn|[from] brn
|turn|80
|
|switch|p2a: Gliscor|Gliscor, M|310\/354
|move|p1a: Toxicroak|Drain Punch|p2a: Gliscor
|-resisted|p2a: Gliscor
|-damage|p2a: Gliscor|274\/354
|-heal|p1a: Toxicroak|92\/307|[from] drain|[of] p2a: Gliscor
|
|-heal|p1a: Toxicroak|111\/307|[from] item: Black Sludge
|-status|p2a: Gliscor|tox|[from] item: Toxic Orb
|turn|81
|chat|Turbocake64|you wont let me get even one punch in
|chat|KnightSansArmour|Nope :P
|chat|Turbocake64|bastard
|chat|Turbocake64|absolute bastard
|
|switch|p1a: Togekiss|Togekiss, M|118\/332
|move|p2a: Gliscor|Substitute|p2a: Gliscor
|-start|p2a: Gliscor|Substitute
|-damage|p2a: Gliscor|186\/354 tox
|
|-heal|p1a: Togekiss|138\/332|[from] item: Leftovers
|-heal|p2a: Gliscor|230\/354 tox|[from] ability: Poison Heal
|turn|82
|chat|KnightSansArmour|I like winning
|chat|KnightSansArmour|:P
|
|move|p2a: Gliscor|Toxic|p1a: Togekiss
|-status|p1a: Togekiss|tox
|move|p1a: Togekiss|Roost|p1a: Togekiss
|-heal|p1a: Togekiss|304\/332 tox
|
|-heal|p1a: Togekiss|324\/332 tox|[from] item: Leftovers
|-heal|p2a: Gliscor|274\/354 tox|[from] ability: Poison Heal
|-damage|p1a: Togekiss|304\/332 tox|[from] psn
|turn|83
|chat|Turbocake64|i literally have no way of hurting this thing
|chat|Turbocake64|like NO WAY
|chat|KnightSansArmour|Well, you did, but you left it in against my MEtagross
|
|move|p2a: Gliscor|Protect|p2a: Gliscor
|-singleturn|p2a: Gliscor|Protect
|move|p1a: Togekiss|Air Slash|p2a: Gliscor
|-activate|p2a: Gliscor|Protect
|
|-heal|p1a: Togekiss|324\/332 tox|[from] item: Leftovers
|-heal|p2a: Gliscor|318\/354 tox|[from] ability: Poison Heal
|-damage|p1a: Togekiss|284\/332 tox|[from] psn
|turn|84
|chat|Turbocake64|you wouldn't let them be out at the same time
|chat|Turbocake64|I was just taking the chance to do SOMETHING different.
|
|move|p2a: Gliscor|Earthquake|p1a: Togekiss
|-immune|p1a: Togekiss|[msg]
|move|p1a: Togekiss|Air Slash|p2a: Gliscor
|-end|p2a: Gliscor|Substitute
|
|-heal|p1a: Togekiss|304\/332 tox|[from] item: Leftovers
|-heal|p2a: Gliscor|354\/354 tox|[from] ability: Poison Heal
|-damage|p1a: Togekiss|244\/332 tox|[from] psn
|turn|85
|chat|Turbocake64|why?
|
|switch|p2a: Zapdos|Zapdos|264\/384
|-ability|p2a: Zapdos|Pressure
|move|p1a: Togekiss|Air Slash|p2a: Zapdos
|-resisted|p2a: Zapdos
|-damage|p2a: Zapdos|201\/384
|
|-heal|p2a: Zapdos|225\/384|[from] item: Leftovers
|-heal|p1a: Togekiss|264\/332 tox|[from] item: Leftovers
|-damage|p1a: Togekiss|184\/332 tox|[from] psn
|turn|86
|chat|KnightSansArmour|PP, I'm running a tad low
|
|move|p2a: Zapdos|Thunderbolt|p1a: Togekiss
|-supereffective|p1a: Togekiss
|-damage|p1a: Togekiss|0 fnt
|faint|p1a: Togekiss
|
|-heal|p2a: Zapdos|249\/384|[from] item: Leftovers
|chat|Turbocake64|damn,
|chat|KnightSansArmour|Yeah, Zapdos is faster
|chat|Turbocake64|I was hoping that I might be able to wait that out but no
|
|switch|p1a: Tyranitar|Tyranitar, F|139\/403
|-weather|Sandstorm
|turn|87
|
|switch|p2a: Gliscor|Gliscor, M|354\/354 tox
|move|p1a: Tyranitar|Stone Edge|p2a: Gliscor|[miss]
|-miss|p1a: Tyranitar|p2a: Gliscor
|
|-weather|Sandstorm|[upkeep]
|turn|88
|chat|Turbocake64|haha there is no god
|
|move|p2a: Gliscor|Earthquake|p1a: Tyranitar
|-supereffective|p1a: Tyranitar
|-damage|p1a: Tyranitar|0 fnt
|faint|p1a: Tyranitar
|
|-weather|Sandstorm|[upkeep]
|chat|KnightSansArmour|It does like 27% :P
|chat|Turbocake64|who cares
|chat|Turbocake64|I'd like to do something
|chat|KnightSansArmour|You've got two hydro pumps left with which to do so
|chat|KnightSansArmour|Use them wisely
|chat|Turbocake64|besides watch you masturbate for what 20 minutes
|chat|Turbocake64|I can't get them in
|chat|Turbocake64|protect\/sub will bar them
|chat|Turbocake64|or you can just switch.
|chat|KnightSansArmour|True
|chat|Turbocake64|actually, it's cruel of you to suggest that
|chat|Turbocake64|how are we ignoring that you are the dick here?
|chat|KnightSansArmour|Also, Noivern hasn't even said hi
|chat|Turbocake64|(because you are the dick)
|chat|KnightSansArmour|Because I'm nice about it?
|chat|Turbocake64|I know
|chat|Turbocake64|about Noiverne I don't agree that you're nice
|
|switch|p1a: Rotom-Wash|Rotom-Wash|174\/303 tox
|turn|89
|
|move|p2a: Gliscor|Protect|p2a: Gliscor
|-singleturn|p2a: Gliscor|Protect
|move|p1a: Rotom-Wash|Pain Split|p2a: Gliscor
|-activate|p2a: Gliscor|Protect
|
|-weather|Sandstorm|[upkeep]
|-damage|p1a: Rotom-Wash|156\/303 tox|[from] sandstorm
|-heal|p1a: Rotom-Wash|174\/303 tox|[from] item: Leftovers
|-damage|p1a: Rotom-Wash|156\/303 tox|[from] psn
|turn|90
|
|move|p2a: Gliscor|Substitute|p2a: Gliscor
|-start|p2a: Gliscor|Substitute
|-damage|p2a: Gliscor|266\/354 tox
|move|p1a: Rotom-Wash|Hydro Pump|p2a: Gliscor
|-supereffective|p2a: Gliscor
|-end|p2a: Gliscor|Substitute
|
|-weather|Sandstorm|[upkeep]
|-damage|p1a: Rotom-Wash|138\/303 tox|[from] sandstorm
|-heal|p1a: Rotom-Wash|156\/303 tox|[from] item: Leftovers
|-heal|p2a: Gliscor|310\/354 tox|[from] ability: Poison Heal
|-damage|p1a: Rotom-Wash|120\/303 tox|[from] psn
|turn|91
|chat|Turbocake64|OH did you see that?
|
|move|p2a: Gliscor|Protect|p2a: Gliscor
|-singleturn|p2a: Gliscor|Protect
|move|p1a: Rotom-Wash|Pain Split|p2a: Gliscor
|-activate|p2a: Gliscor|Protect
|
|-weather|Sandstorm|[upkeep]
|-damage|p1a: Rotom-Wash|102\/303 tox|[from] sandstorm
|-heal|p1a: Rotom-Wash|120\/303 tox|[from] item: Leftovers
|-heal|p2a: Gliscor|354\/354 tox|[from] ability: Poison Heal
|-damage|p1a: Rotom-Wash|66\/303 tox|[from] psn
|turn|92
|
|move|p2a: Gliscor|Substitute|p2a: Gliscor
|-start|p2a: Gliscor|Substitute
|-damage|p2a: Gliscor|266\/354 tox
|move|p1a: Rotom-Wash|Pain Split|p2a: Gliscor
|
|-weather|Sandstorm|[upkeep]
|-damage|p1a: Rotom-Wash|48\/303 tox|[from] sandstorm
|-heal|p1a: Rotom-Wash|66\/303 tox|[from] item: Leftovers
|-heal|p2a: Gliscor|310\/354 tox|[from] ability: Poison Heal
|-damage|p1a: Rotom-Wash|0 fnt|[from] psn
|faint|p1a: Rotom-Wash
|
|switch|p1a: Toxicroak|Toxicroak, F, shiny|111\/307
|turn|93
|
|move|p1a: Toxicroak|Drain Punch|p2a: Gliscor
|-resisted|p2a: Gliscor
|-activate|p2a: Gliscor|Substitute|[damage]
|-heal|p1a: Toxicroak|129\/307|[from] drain|[of] p2a: Gliscor
|move|p2a: Gliscor|Earthquake|p1a: Toxicroak
|-supereffective|p1a: Toxicroak
|-damage|p1a: Toxicroak|0 fnt
|faint|p1a: Toxicroak
|
|win|KnightSansArmour
|raw|Ladder updating...
|chat|KnightSansArmour|Good game good sir
|raw|Turbocake64's rating: 1547 &rarr; <strong>1532<\/strong><br \/>(-15 for losing)
|raw|KnightSansArmour's rating: 1624 &rarr; <strong>1640<\/strong><br \/>(+16 for winning)
|chat|Turbocake64|it was by no means so
|chat|Turbocake64|but gg
|chat|Turbocake64|what beats you?
|chat|KnightSansArmour|Azumarill, Gengar, Mega Venusaur
|chat|KnightSansArmour|Lots of things really
|chat|KnightSansArmour|Basically anything that Gliscor can't stay in on
|chat|Turbocake64|gotcha
|chat|Turbocake64|I've not seen a gliscor used as well as you used him
|chat|KnightSansArmour|I have a TON of practice
|chat|KnightSansArmour|I've been bouncing in and out of the 1700 bracket for a while now
|chat|KnightSansArmour|And the team is basically built around him
|chat|Turbocake64|yeah, you really seem to know what you're doing
|chat|Turbocake64|I JUST got to 1500 so we are not at the same level at all
|chat|KnightSansArmour|Everything is basically set up so I can just sit behind him and win once I take out the threats to him
|chat|Turbocake64|it's so frustrating.
|chat|Turbocake64|I'm sure people do rage at you a lot