|join|KnightSansArmour
|join|marcusjones
|player|p1|KnightSansArmour|169
|player|p2|marcusjones|1
|gametype|singles
|gen|6
|tier|OU
|rated
|clearpoke
|poke|p1|Gliscor, F
|poke|p1|Chansey, F
|poke|p1|Noivern, F
|poke|p1|Blastoise, F
|poke|p1|Zapdos
|poke|p1|Lucario, M
|poke|p2|Heatran, M
|poke|p2|Garchomp, M
|poke|p2|Greninja, F
|poke|p2|Gengar, M
|poke|p2|Azumarill, M
|poke|p2|Breloom, M
|rule|Sleep Clause Mod: Limit one foe put to sleep
|rule|Species Clause: Limit one of each Pokemon
|rule|OHKO Clause: OHKO moves are banned
|rule|Moody Clause: Moody is banned
|rule|Evasion Moves Clause: Evasion moves are banned
|rule|Endless Battle Clause: Forcing endless battles is banned.
|rule|HP Percentage Mod: HP is reported as percentages
|teampreview
|
|start
|switch|p1a: Zapdos|Zapdos|384\/384
|switch|p2a: Greninja|Greninja, F|285\/285
|-ability|p1a: Zapdos|Pressure
|turn|1
|
|move|p2a: Greninja|U-turn|p1a: Zapdos
|-resisted|p1a: Zapdos
|-damage|p1a: Zapdos|348\/384
|-damage|p2a: Greninja|257\/285|[from] item: Life Orb
|
|switch|p2a: Garchomp|Garchomp, M|358\/358
|move|p1a: Zapdos|Heat Wave|p2a: Garchomp
|-resisted|p2a: Garchomp
|-damage|p2a: Garchomp|292\/358
|
|-heal|p1a: Zapdos|372\/384|[from] item: Leftovers
|turn|2
|
|switch|p2a: Heatran|Heatran, M|386\/386
|switch|p1a: Gliscor|Gliscor, F|354\/354
|
|-status|p1a: Gliscor|tox|[from] item: Toxic Orb
|turn|3
|
|switch|p2a: Gengar|Gengar, M|262\/262
|move|p1a: Gliscor|Earthquake|p2a: Gengar
|-immune|p2a: Gengar|[msg]
|
|turn|4
|
|switch|p1a: Blastoise|Blastoise, F|362\/362
|move|p2a: Gengar|Substitute|p2a: Gengar
|-start|p2a: Gengar|Substitute
|-damage|p2a: Gengar|197\/262
|
|-heal|p2a: Gengar|213\/262|[from] item: Leftovers
|turn|5
|
|switch|p1a: Chansey|Chansey, F|704\/704
|move|p2a: Gengar|Shadow Ball|p1a: Chansey
|-immune|p1a: Chansey|[msg]
|
|-heal|p2a: Gengar|229\/262|[from] item: Leftovers
|turn|6
|
|switch|p1a: Noivern|Noivern, F|311\/311
|move|p2a: Gengar|Focus Blast|p1a: Noivern|[miss]
|-miss|p2a: Gengar|p1a: Noivern
|
|-heal|p2a: Gengar|245\/262|[from] item: Leftovers
|turn|7
|
|switch|p2a: Heatran|Heatran, M|386\/386
|move|p1a: Noivern|Draco Meteor|p2a: Heatran
|-resisted|p2a: Heatran
|-damage|p2a: Heatran|277\/386
|-unboost|p1a: Noivern|spa|2
|
|-heal|p2a: Heatran|301\/386|[from] item: Leftovers
|turn|8
|
|switch|p1a: Blastoise|Blastoise, F|362\/362
|move|p2a: Heatran|Stealth Rock|p1a: Blastoise
|-sidestart|p1: KnightSansArmour|move: Stealth Rock
|
|-heal|p2a: Heatran|325\/386|[from] item: Leftovers
|turn|9
|
|switch|p2a: Breloom|Breloom, M|262\/262
|-formechange|p1a: Blastoise|Blastoise-Mega
|message|Blastoise has Mega Evolved into Mega Blastoise!
|move|p1a: Blastoise|Rapid Spin|p2a: Breloom
|-damage|p2a: Breloom|245\/262
|-sideend|p1: KnightSansArmour|Stealth Rock|[from] move: Rapid Spin|[of] p1a: Blastoise
|
|turn|10
|
|switch|p1a: Gliscor|Gliscor, F|354\/354 tox
|move|p2a: Breloom|Bullet Seed|p1a: Gliscor
|-damage|p1a: Gliscor|292\/354 tox
|-damage|p1a: Gliscor|234\/354 tox
|-damage|p1a: Gliscor|174\/354 tox
|-damage|p1a: Gliscor|118\/354 tox
|-damage|p1a: Gliscor|63\/354 tox
|-hitcount|p1a: Gliscor|5
|-damage|p2a: Breloom|219\/262|[from] item: Life Orb
|
|-heal|p1a: Gliscor|107\/354 tox|[from] ability: Poison Heal
|turn|11
|
|move|p1a: Gliscor|Protect|p1a: Gliscor
|-singleturn|p1a: Gliscor|Protect
|move|p2a: Breloom|Bullet Seed|p1a: Gliscor
|-activate|p1a: Gliscor|Protect
|
|-heal|p1a: Gliscor|151\/354 tox|[from] ability: Poison Heal
|turn|12
|
|switch|p1a: Zapdos|Zapdos|372\/384
|-ability|p1a: Zapdos|Pressure
|move|p2a: Breloom|Bullet Seed|p1a: Zapdos
|-resisted|p1a: Zapdos
|-damage|p1a: Zapdos|325\/384
|-resisted|p1a: Zapdos
|-damage|p1a: Zapdos|273\/384
|-hitcount|p1a: Zapdos|2
|-damage|p2a: Breloom|193\/262|[from] item: Life Orb
|
|-heal|p1a: Zapdos|297\/384|[from] item: Leftovers
|turn|13
|
|switch|p2a: Heatran|Heatran, M|325\/386
|switch|p1a: Lucario|Lucario, M|281\/281
|
|-heal|p2a: Heatran|349\/386|[from] item: Leftovers
|turn|14
|
|move|p1a: Lucario|Close Combat|p2a: Heatran
|-supereffective|p2a: Heatran
|-damage|p2a: Heatran|0 fnt
|-unboost|p1a: Lucario|def|1
|-unboost|p1a: Lucario|spd|1
|-damage|p1a: Lucario|253\/281|[from] item: Life Orb
|faint|p2a: Heatran
|
|
|switch|p2a: Greninja|Greninja, F|257\/285
|turn|15
|
|move|p1a: Lucario|Extreme Speed|p2a: Greninja
|-damage|p2a: Greninja|92\/285
|-damage|p1a: Lucario|225\/281|[from] item: Life Orb
|move|p2a: Greninja|Hydro Pump|p1a: Lucario
|-damage|p1a: Lucario|0 fnt
|-damage|p2a: Greninja|64\/285|[from] item: Life Orb
|faint|p1a: Lucario
|
|
|switch|p1a: Gliscor|Gliscor, F|151\/354 tox
|turn|16
|
|move|p1a: Gliscor|Protect|p1a: Gliscor
|-singleturn|p1a: Gliscor|Protect
|move|p2a: Greninja|Ice Beam|p1a: Gliscor
|-activate|p1a: Gliscor|Protect
|
|-heal|p1a: Gliscor|195\/354 tox|[from] ability: Poison Heal
|turn|17
|
|switch|p2a: Breloom|Breloom, M|193\/262
|switch|p1a: Chansey|Chansey, F|704\/704
|
|turn|18
|
|switch|p1a: Noivern|Noivern, F|311\/311
|move|p2a: Breloom|Spore|p1a: Noivern
|-status|p1a: Noivern|slp
|
|turn|19
|
|switch|p1a: Zapdos|Zapdos|297\/384
|-ability|p1a: Zapdos|Pressure
|switch|p2a: Azumarill|Azumarill, M|404\/404
|
|-heal|p1a: Zapdos|321\/384|[from] item: Leftovers
|turn|20
|
|switch|p2a: Breloom|Breloom, M|193\/262
|move|p1a: Zapdos|Thunderbolt|p2a: Breloom
|-resisted|p2a: Breloom
|-damage|p2a: Breloom|70\/262
|
|-heal|p1a: Zapdos|345\/384|[from] item: Leftovers
|turn|21
|
|move|p2a: Breloom|Bullet Seed|p1a: Zapdos
|-resisted|p1a: Zapdos
|-damage|p1a: Zapdos|297\/384
|-resisted|p1a: Zapdos
|-damage|p1a: Zapdos|246\/384
|-hitcount|p1a: Zapdos|2
|-damage|p2a: Breloom|44\/262|[from] item: Life Orb
|move|p1a: Zapdos|Heat Wave|p2a: Breloom
|-miss|p1a: Zapdos|p2a: Breloom
|
|-heal|p1a: Zapdos|270\/384|[from] item: Leftovers
|turn|22
|
|move|p2a: Breloom|Bullet Seed|p1a: Zapdos
|-resisted|p1a: Zapdos
|-damage|p1a: Zapdos|222\/384
|-resisted|p1a: Zapdos
|-damage|p1a: Zapdos|175\/384
|-resisted|p1a: Zapdos
|-damage|p1a: Zapdos|124\/384
|-hitcount|p1a: Zapdos|3
|-damage|p2a: Breloom|18\/262|[from] item: Life Orb
|move|p1a: Zapdos|Thunderbolt|p2a: Breloom
|-resisted|p2a: Breloom
|-damage|p2a: Breloom|0 fnt
|faint|p2a: Breloom
|
|-heal|p1a: Zapdos|148\/384|[from] item: Leftovers
|
|switch|p2a: Gengar|Gengar, M|245\/262
|turn|23
|
|move|p2a: Gengar|Shadow Ball|p1a: Zapdos
|-damage|p1a: Zapdos|3\/384
|-unboost|p1a: Zapdos|spd|1
|move|p1a: Zapdos|Roost|p1a: Zapdos
|-heal|p1a: Zapdos|195\/384
|
|-heal|p2a: Gengar|261\/262|[from] item: Leftovers
|-heal|p1a: Zapdos|219\/384|[from] item: Leftovers
|turn|24
|
|switch|p1a: Chansey|Chansey, F|704\/704
|move|p2a: Gengar|Shadow Ball|p1a: Chansey
|-immune|p1a: Chansey|[msg]
|
|-heal|p2a: Gengar|262\/262|[from] item: Leftovers
|turn|25
|
|move|p2a: Gengar|Substitute|p2a: Gengar
|-start|p2a: Gengar|Substitute
|-damage|p2a: Gengar|197\/262
|move|p1a: Chansey|Aromatherapy|p1a: Chansey
|-cureteam|p1a: Chansey|[from] move: Aromatherapy
|
|-heal|p2a: Gengar|213\/262|[from] item: Leftovers
|turn|26
|
|switch|p1a: Noivern|Noivern, F|311\/311
|move|p2a: Gengar|Shadow Ball|p1a: Noivern
|-damage|p1a: Noivern|143\/311
|
|-heal|p2a: Gengar|229\/262|[from] item: Leftovers
|turn|27
|
|switch|p2a: Azumarill|Azumarill, M|404\/404
|move|p1a: Noivern|Draco Meteor|p2a: Azumarill
|-immune|p2a: Azumarill|[msg]
|
|turn|28
|
|switch|p1a: Zapdos|Zapdos|219\/384
|-ability|p1a: Zapdos|Pressure
|move|p2a: Azumarill|Play Rough|p1a: Zapdos
|-crit|p1a: Zapdos
|-damage|p1a: Zapdos|0 fnt
|-damage|p2a: Azumarill|364\/404|[from] item: Life Orb
|faint|p1a: Zapdos
|
|
|switch|p1a: Gliscor|Gliscor, F|195\/354
|turn|29
|
|move|p1a: Gliscor|Protect|p1a: Gliscor
|-singleturn|p1a: Gliscor|Protect
|move|p2a: Azumarill|Waterfall|p1a: Gliscor
|-activate|p1a: Gliscor|Protect
|
|-status|p1a: Gliscor|tox|[from] item: Toxic Orb
|turn|30
|
|move|p1a: Gliscor|Substitute|p1a: Gliscor
|-start|p1a: Gliscor|Substitute
|-damage|p1a: Gliscor|107\/354 tox
|move|p2a: Azumarill|Play Rough|p1a: Gliscor
|-end|p1a: Gliscor|Substitute
|-damage|p2a: Azumarill|324\/404|[from] item: Life Orb
|
|-heal|p1a: Gliscor|151\/354 tox|[from] ability: Poison Heal
|turn|31
|
|move|p1a: Gliscor|Protect|p1a: Gliscor
|-singleturn|p1a: Gliscor|Protect
|move|p2a: Azumarill|Waterfall|p1a: Gliscor
|-activate|p1a: Gliscor|Protect
|
|-heal|p1a: Gliscor|195\/354 tox|[from] ability: Poison Heal
|turn|32
|
|move|p1a: Gliscor|Substitute|p1a: Gliscor
|-start|p1a: Gliscor|Substitute
|-damage|p1a: Gliscor|107\/354 tox
|move|p2a: Azumarill|Waterfall|p1a: Gliscor
|-supereffective|p1a: Gliscor
|-end|p1a: Gliscor|Substitute
|-damage|p2a: Azumarill|284\/404|[from] item: Life Orb
|
|-heal|p1a: Gliscor|151\/354 tox|[from] ability: Poison Heal
|turn|33
|
|switch|p2a: Gengar|Gengar, M|229\/262
|move|p1a: Gliscor|Protect|p1a: Gliscor
|-fail|p1a: Gliscor
|
|-heal|p2a: Gengar|245\/262|[from] item: Leftovers
|-heal|p1a: Gliscor|195\/354 tox|[from] ability: Poison Heal
|turn|34
|
|switch|p1a: Noivern|Noivern, F|143\/311
|move|p2a: Gengar|Shadow Ball|p1a: Noivern
|-damage|p1a: Noivern|0 fnt
|faint|p1a: Noivern
|
|-heal|p2a: Gengar|261\/262|[from] item: Leftovers
|
|switch|p1a: Blastoise|Blastoise, F|362\/362
|-formechange|p1a: Blastoise|Blastoise-Mega
|turn|35
|
|switch|p2a: Garchomp|Garchomp, M|292\/358
|move|p1a: Blastoise|Dark Pulse|p2a: Garchomp
|-damage|p2a: Garchomp|102\/358
|
|turn|36
|
|move|p2a: Garchomp|Earthquake|p1a: Blastoise
|-damage|p1a: Blastoise|151\/362
|-damage|p2a: Garchomp|67\/358|[from] item: Life Orb
|move|p1a: Blastoise|Water Pulse|p2a: Garchomp
|-crit|p2a: Garchomp
|-damage|p2a: Garchomp|0 fnt
|faint|p2a: Garchomp
|
|
|switch|p2a: Azumarill|Azumarill, M|284\/404
|turn|37
|
|switch|p1a: Chansey|Chansey, F|704\/704
|move|p2a: Azumarill|Play Rough|p1a: Chansey
|-crit|p1a: Chansey
|-damage|p1a: Chansey|213\/704
|-damage|p2a: Azumarill|244\/404|[from] item: Life Orb
|
|turn|38
|
|move|p2a: Azumarill|Play Rough|p1a: Chansey
|-damage|p1a: Chansey|0 fnt
|-damage|p2a: Azumarill|204\/404|[from] item: Life Orb
|faint|p1a: Chansey
|
|
|switch|p1a: Gliscor|Gliscor, F|195\/354 tox
|turn|39
|
|switch|p1a: Blastoise|Blastoise, F|151\/362
|-formechange|p1a: Blastoise|Blastoise-Mega
|move|p2a: Azumarill|Waterfall|p1a: Blastoise
|-resisted|p1a: Blastoise
|-damage|p1a: Blastoise|50\/362
|-damage|p2a: Azumarill|164\/404|[from] item: Life Orb
|
|turn|40
|
|move|p1a: Blastoise|Water Pulse|p2a: Azumarill
|-resisted|p2a: Azumarill
|-damage|p2a: Azumarill|52\/404
|move|p2a: Azumarill|Waterfall|p1a: Blastoise
|-resisted|p1a: Blastoise
|-damage|p1a: Blastoise|0 fnt
|-damage|p2a: Azumarill|12\/404|[from] item: Life Orb
|faint|p1a: Blastoise
|
|chat|KnightSansArmour|I think you've got this
|
|switch|p1a: Gliscor|Gliscor, F|195\/354 tox
|turn|41
|-message|KnightSansArmour forfeited.
|
|win|marcusjones
|raw|Ladder updating...
|raw|KnightSansArmour's rating: 1487 &rarr; <strong>1468<\/strong><br \/>(-19 for losing)
|raw|marcusjones's rating: 1506 &rarr; <strong>1525<\/strong><br \/>(+19 for winning)
|leave|KnightSansArmour
|player|p1
|chat|marcusjones|yeah gengar walls a lot