|join|Richard_Blaziken
|join|KnightSansArmour
|player|p1|Richard_Blaziken|163
|player|p2|KnightSansArmour|102
|gametype|singles
|gen|6
|tier|OU
|rated
|clearpoke
|poke|p1|Landorus-Therian, M
|poke|p1|Conkeldurr, M
|poke|p1|Rotom-Wash
|poke|p1|Azumarill, M, shiny
|poke|p1|Venusaur, M
|poke|p1|Heatran, M
|poke|p2|Gliscor, F
|poke|p2|Chansey, F
|poke|p2|Noivern, M
|poke|p2|Blastoise, M
|poke|p2|Heatran, M
|poke|p2|Zapdos
|rule|Sleep Clause Mod: Limit one foe put to sleep
|rule|Species Clause: Limit one of each Pokemon
|rule|OHKO Clause: OHKO moves are banned
|rule|Moody Clause: Moody is banned
|rule|Evasion Moves Clause: Evasion moves are banned
|rule|Endless Battle Clause: Forcing endless battles is banned.
|rule|HP Percentage Mod: HP is reported as percentages
|teampreview
|
|start
|switch|p1a: Derpliance|Rotom-Wash|299\/299
|switch|p2a: Chansey|Chansey, F|704\/704
|turn|1
|
|switch|p2a: Gliscor|Gliscor, F|354\/354
|move|p1a: Derpliance|Volt Switch|p2a: Gliscor
|-immune|p2a: Gliscor|[msg]
|
|-status|p2a: Gliscor|tox|[from] item: Toxic Orb
|turn|2
|
|switch|p2a: Chansey|Chansey, F|704\/704
|move|p1a: Derpliance|Hydro Pump|p2a: Chansey
|-damage|p2a: Chansey|596\/704
|
|turn|3
|
|move|p1a: Derpliance|Volt Switch|p2a: Chansey
|-damage|p2a: Chansey|530\/704
|
|switch|p1a: Lavasaur|Heatran, M|385\/385
|move|p2a: Chansey|Toxic|p1a: Lavasaur
|-fail|p1a: Lavasaur
|
|turn|4
|
|switch|p2a: Blastoise|Blastoise, M|362\/362
|move|p1a: Lavasaur|Roar|p2a: Blastoise
|drag|p2a: Heatran|Heatran, M|386\/386
|
|turn|5
|
|switch|p1a: Derpliance|Rotom-Wash|299\/299
|move|p2a: Heatran|Stealth Rock|p1a: Derpliance
|-sidestart|p1: Richard_Blaziken|move: Stealth Rock
|
|turn|6
|
|switch|p2a: Chansey|Chansey, F|530\/704
|move|p1a: Derpliance|Volt Switch|p2a: Chansey
|-damage|p2a: Chansey|470\/704
|
|switch|p1a: Simba|Landorus-Therian, M|381\/381
|-damage|p1a: Simba|334\/381|[from] Stealth Rock
|-ability|p1a: Simba|Intimidate|[of] p2a: Chansey
|-unboost|p2a: Chansey|atk|1
|
|-heal|p1a: Simba|357\/381|[from] item: Leftovers
|turn|7
|
|switch|p2a: Blastoise|Blastoise, M|362\/362
|move|p1a: Simba|Stealth Rock|p2a: Blastoise
|-sidestart|p2: KnightSansArmour|move: Stealth Rock
|
|-heal|p1a: Simba|380\/381|[from] item: Leftovers
|turn|8
|
|-formechange|p2a: Blastoise|Blastoise-Mega
|message|Blastoise has Mega Evolved into Mega Blastoise!
|move|p1a: Simba|U-turn|p2a: Blastoise
|-damage|p2a: Blastoise|301\/362
|
|switch|p1a: Derpliance|Rotom-Wash|299\/299
|-damage|p1a: Derpliance|262\/299|[from] Stealth Rock
|move|p2a: Blastoise|Rapid Spin|p1a: Derpliance
|-damage|p1a: Derpliance|249\/299
|-sideend|p2: KnightSansArmour|Stealth Rock|[from] move: Rapid Spin|[of] p2a: Blastoise
|
|-heal|p1a: Derpliance|267\/299|[from] item: Leftovers
|turn|9
|
|switch|p2a: Chansey|Chansey, F|470\/704
|move|p1a: Derpliance|Volt Switch|p2a: Chansey
|-damage|p2a: Chansey|406\/704
|
|switch|p1a: Captain Punchy|Conkeldurr, M|414\/414
|-damage|p1a: Captain Punchy|389\/414|[from] Stealth Rock
|
|turn|10
|
|switch|p2a: Noivern|Noivern, M|311\/311
|move|p1a: Captain Punchy|Ice Punch|p2a: Noivern
|-supereffective|p2a: Noivern
|-damage|p2a: Noivern|0 fnt
|faint|p2a: Noivern
|
|
|switch|p2a: Heatran|Heatran, M|386\/386
|turn|11
|
|move|p2a: Heatran|Lava Plume|p1a: Captain Punchy
|-damage|p1a: Captain Punchy|248\/414
|-status|p1a: Captain Punchy|brn
|move|p1a: Captain Punchy|Drain Punch|p2a: Heatran
|-supereffective|p2a: Heatran
|-damage|p2a: Heatran|0 fnt
|-heal|p1a: Captain Punchy|414\/414 brn|[from] drain|[of] p2a: Heatran
|faint|p2a: Heatran
|
|-damage|p1a: Captain Punchy|363\/414 brn|[from] brn
|
|switch|p2a: Gliscor|Gliscor, F|354\/354 tox
|turn|12
|
|switch|p1a: Simba|Landorus-Therian, M|380\/381
|-damage|p1a: Simba|333\/381|[from] Stealth Rock
|-ability|p1a: Simba|Intimidate|[of] p2a: Gliscor
|-unboost|p2a: Gliscor|atk|1
|move|p2a: Gliscor|Substitute|p2a: Gliscor
|-start|p2a: Gliscor|Substitute
|-damage|p2a: Gliscor|266\/354 tox
|
|-heal|p1a: Simba|356\/381|[from] item: Leftovers
|-heal|p2a: Gliscor|310\/354 tox|[from] ability: Poison Heal
|turn|13
|
|move|p1a: Simba|U-turn|p2a: Gliscor
|-resisted|p2a: Gliscor
|-activate|p2a: Gliscor|Substitute|[damage]
|
|switch|p1a: Venom|Venusaur, M|364\/364
|-damage|p1a: Venom|319\/364|[from] Stealth Rock
|move|p2a: Gliscor|Toxic|p1a: Venom
|-fail|p1a: Venom
|
|-heal|p2a: Gliscor|354\/354 tox|[from] ability: Poison Heal
|turn|14
|
|switch|p2a: Zapdos|Zapdos|384\/384
|-ability|p2a: Zapdos|Pressure
|-formechange|p1a: Venom|Venusaur-Mega
|message|Venusaur has Mega Evolved into Mega Venusaur!
|move|p1a: Venom|Giga Drain|p2a: Zapdos
|-resisted|p2a: Zapdos
|-damage|p2a: Zapdos|311\/384
|-heal|p1a: Venom|356\/364|[from] drain|[of] p2a: Zapdos
|
|-heal|p2a: Zapdos|335\/384|[from] item: Leftovers
|turn|15
|
|move|p2a: Zapdos|Heat Wave|p1a: Venom
|-supereffective|p1a: Venom
|-damage|p1a: Venom|258\/364
|move|p1a: Venom|Sludge Bomb|p2a: Zapdos
|-damage|p2a: Zapdos|161\/384
|-status|p2a: Zapdos|psn
|
|-heal|p2a: Zapdos|185\/384 psn|[from] item: Leftovers
|-damage|p2a: Zapdos|137\/384 psn|[from] psn
|turn|16
|
|move|p2a: Zapdos|Heat Wave|p1a: Venom
|-supereffective|p1a: Venom
|-damage|p1a: Venom|158\/364
|move|p1a: Venom|Sludge Bomb|p2a: Zapdos
|-damage|p2a: Zapdos|0 fnt
|faint|p2a: Zapdos
|
|
|switch|p2a: Chansey|Chansey, F|406\/704
|turn|17
|
|move|p1a: Venom|Synthesis|p1a: Venom
|-heal|p1a: Venom|340\/364
|move|p2a: Chansey|Soft-Boiled|p2a: Chansey
|-heal|p2a: Chansey|704\/704
|
|turn|18
|
|switch|p1a: Lavasaur|Heatran, M|385\/385
|-damage|p1a: Lavasaur|337\/385|[from] Stealth Rock
|move|p2a: Chansey|Seismic Toss|p1a: Lavasaur
|-damage|p1a: Lavasaur|237\/385
|
|-heal|p1a: Lavasaur|261\/385|[from] item: Leftovers
|turn|19
|
|switch|p2a: Blastoise|Blastoise, M|301\/362
|-formechange|p2a: Blastoise|Blastoise-Mega
|move|p1a: Lavasaur|Toxic|p2a: Blastoise
|-status|p2a: Blastoise|tox
|
|-heal|p1a: Lavasaur|285\/385|[from] item: Leftovers
|-damage|p2a: Blastoise|279\/362 tox|[from] psn
|turn|20
|
|switch|p2a: Chansey|Chansey, F|704\/704
|switch|p1a: Venom|Venusaur, M|340\/364
|-formechange|p1a: Venom|Venusaur-Mega
|-damage|p1a: Venom|295\/364|[from] Stealth Rock
|
|turn|21
|
|switch|p1a: Captain Punchy|Conkeldurr, M|363\/414 brn
|-damage|p1a: Captain Punchy|338\/414 brn|[from] Stealth Rock
|move|p2a: Chansey|Aromatherapy|p2a: Chansey
|-cureteam|p2a: Chansey|[from] move: Aromatherapy
|
|-damage|p1a: Captain Punchy|287\/414 brn|[from] brn
|turn|22
|
|switch|p2a: Blastoise|Blastoise, M|279\/362
|-formechange|p2a: Blastoise|Blastoise-Mega
|move|p1a: Captain Punchy|Knock Off|p2a: Blastoise
|-damage|p2a: Blastoise|172\/362
|
|-damage|p1a: Captain Punchy|236\/414 brn|[from] brn
|turn|23
|
|move|p2a: Blastoise|Water Pulse|p1a: Captain Punchy
|-damage|p1a: Captain Punchy|68\/414 brn
|move|p1a: Captain Punchy|Drain Punch|p2a: Blastoise
|-damage|p2a: Blastoise|0 fnt
|-heal|p1a: Captain Punchy|154\/414 brn|[from] drain|[of] p2a: Blastoise
|faint|p2a: Blastoise
|
|-damage|p1a: Captain Punchy|103\/414 brn|[from] brn
|
|switch|p2a: Gliscor|Gliscor, F|354\/354
|turn|24
|
|switch|p1a: Simba|Landorus-Therian, M|356\/381
|-damage|p1a: Simba|309\/381|[from] Stealth Rock
|-ability|p1a: Simba|Intimidate|[of] p2a: Gliscor
|-unboost|p2a: Gliscor|atk|1
|move|p2a: Gliscor|Protect|p2a: Gliscor
|-fail|p2a: Gliscor
|
|-heal|p1a: Simba|332\/381|[from] item: Leftovers
|-status|p2a: Gliscor|tox|[from] item: Toxic Orb
|turn|25
|
|move|p1a: Simba|Stealth Rock|p2a: Gliscor
|-sidestart|p2: KnightSansArmour|move: Stealth Rock
|move|p2a: Gliscor|Toxic|p1a: Simba
|-status|p1a: Simba|tox
|
|-heal|p1a: Simba|355\/381 tox|[from] item: Leftovers
|-damage|p1a: Simba|332\/381 tox|[from] psn
|turn|26
|
|move|p1a: Simba|U-turn|p2a: Gliscor
|-crit|p2a: Gliscor
|-resisted|p2a: Gliscor
|-damage|p2a: Gliscor|319\/354 tox
|
|switch|p1a: Derpliance|Rotom-Wash|267\/299
|-damage|p1a: Derpliance|230\/299|[from] Stealth Rock
|move|p2a: Gliscor|Substitute|p2a: Gliscor
|-start|p2a: Gliscor|Substitute
|-damage|p2a: Gliscor|231\/354 tox
|
|-heal|p1a: Derpliance|248\/299|[from] item: Leftovers
|-heal|p2a: Gliscor|275\/354 tox|[from] ability: Poison Heal
|turn|27
|
|switch|p1a: Venom|Venusaur, M|295\/364
|-formechange|p1a: Venom|Venusaur-Mega
|-damage|p1a: Venom|250\/364|[from] Stealth Rock
|move|p2a: Gliscor|Toxic|p1a: Venom
|-fail|p1a: Venom
|
|-heal|p2a: Gliscor|319\/354 tox|[from] ability: Poison Heal
|turn|28
|
|move|p2a: Gliscor|Earthquake|p1a: Venom
|-damage|p1a: Venom|186\/364
|move|p1a: Venom|Giga Drain|p2a: Gliscor
|-end|p2a: Gliscor|Substitute
|-heal|p1a: Venom|230\/364|[from] drain|[of] p2a: Gliscor
|
|-heal|p2a: Gliscor|354\/354 tox|[from] ability: Poison Heal
|turn|29
|
|switch|p2a: Chansey|Chansey, F|704\/704
|-damage|p2a: Chansey|616\/704|[from] Stealth Rock
|move|p1a: Venom|Giga Drain|p2a: Chansey
|-damage|p2a: Chansey|523\/704
|-heal|p1a: Venom|277\/364|[from] drain|[of] p2a: Chansey
|
|turn|30
|
|move|p1a: Venom|Sludge Bomb|p2a: Chansey
|-damage|p2a: Chansey|415\/704
|move|p2a: Chansey|Seismic Toss|p1a: Venom
|-damage|p1a: Venom|177\/364
|
|turn|31
|
|move|p1a: Venom|Sludge Bomb|p2a: Chansey
|-damage|p2a: Chansey|300\/704
|-status|p2a: Chansey|psn
|move|p2a: Chansey|Soft-Boiled|p2a: Chansey
|-heal|p2a: Chansey|652\/704 psn
|
|-damage|p2a: Chansey|564\/704 psn|[from] psn
|turn|32
|
|move|p1a: Venom|Synthesis|p1a: Venom
|-heal|p1a: Venom|359\/364
|move|p2a: Chansey|Seismic Toss|p1a: Venom
|-damage|p1a: Venom|259\/364
|
|-damage|p2a: Chansey|476\/704 psn|[from] psn
|turn|33
|
|switch|p1a: Simba|Landorus-Therian, M|332\/381 tox
|-damage|p1a: Simba|285\/381 tox|[from] Stealth Rock
|-ability|p1a: Simba|Intimidate|[of] p2a: Chansey
|-unboost|p2a: Chansey|atk|1
|switch|p2a: Gliscor|Gliscor, F|354\/354 tox
|-damage|p2a: Gliscor|310\/354 tox|[from] Stealth Rock
|
|-heal|p1a: Simba|308\/381 tox|[from] item: Leftovers
|-damage|p1a: Simba|285\/381 tox|[from] psn
|-heal|p2a: Gliscor|354\/354 tox|[from] ability: Poison Heal
|turn|34
|
|move|p1a: Simba|U-turn|p2a: Gliscor
|-resisted|p2a: Gliscor
|-damage|p2a: Gliscor|330\/354 tox
|
|switch|p1a: Venom|Venusaur, M|259\/364
|-formechange|p1a: Venom|Venusaur-Mega
|-damage|p1a: Venom|214\/364|[from] Stealth Rock
|move|p2a: Gliscor|Substitute|p2a: Gliscor
|-start|p2a: Gliscor|Substitute
|-damage|p2a: Gliscor|242\/354 tox
|
|-heal|p2a: Gliscor|286\/354 tox|[from] ability: Poison Heal
|turn|35
|
|move|p2a: Gliscor|Earthquake|p1a: Venom
|-damage|p1a: Venom|121\/364
|move|p1a: Venom|Giga Drain|p2a: Gliscor
|-end|p2a: Gliscor|Substitute
|-heal|p1a: Venom|165\/364|[from] drain|[of] p2a: Gliscor
|
|-heal|p2a: Gliscor|330\/354 tox|[from] ability: Poison Heal
|turn|36
|
|move|p2a: Gliscor|Earthquake|p1a: Venom
|-damage|p1a: Venom|69\/364
|move|p1a: Venom|Giga Drain|p2a: Gliscor
|-damage|p2a: Gliscor|152\/354 tox
|-heal|p1a: Venom|158\/364|[from] drain|[of] p2a: Gliscor
|
|-heal|p2a: Gliscor|196\/354 tox|[from] ability: Poison Heal
|turn|37
|
|move|p2a: Gliscor|Protect|p2a: Gliscor
|-singleturn|p2a: Gliscor|Protect
|move|p1a: Venom|Synthesis|p1a: Venom
|-heal|p1a: Venom|340\/364
|
|-heal|p2a: Gliscor|240\/354 tox|[from] ability: Poison Heal
|turn|38
|
|switch|p2a: Chansey|Chansey, F|476\/704
|-damage|p2a: Chansey|388\/704|[from] Stealth Rock
|switch|p1a: Captain Punchy|Conkeldurr, M|103\/414 brn
|-damage|p1a: Captain Punchy|78\/414 brn|[from] Stealth Rock
|
|-damage|p1a: Captain Punchy|27\/414 brn|[from] brn
|turn|39
|chat|KnightSansArmour|Well, 50-50 the game ends right here
|
|switch|p2a: Gliscor|Gliscor, F|240\/354 tox
|-damage|p2a: Gliscor|196\/354 tox|[from] Stealth Rock
|move|p1a: Captain Punchy|Ice Punch|p2a: Gliscor
|-supereffective|p2a: Gliscor
|-damage|p2a: Gliscor|0 fnt
|faint|p2a: Gliscor
|
|-damage|p1a: Captain Punchy|0 fnt|[from] brn
|faint|p1a: Captain Punchy
|chat|Richard_Blaziken|gg
|
|switch|p1a: Lavasaur|Heatran, M|285\/385
|-damage|p1a: Lavasaur|237\/385|[from] Stealth Rock
|switch|p2a: Chansey|Chansey, F|388\/704
|-damage|p2a: Chansey|300\/704|[from] Stealth Rock
|turn|40
|
|move|p1a: Lavasaur|Toxic|p2a: Chansey
|-status|p2a: Chansey|tox
|move|p2a: Chansey|Soft-Boiled|p2a: Chansey
|-heal|p2a: Chansey|652\/704 tox
|
|-heal|p1a: Lavasaur|261\/385|[from] item: Leftovers
|-damage|p2a: Chansey|608\/704 tox|[from] psn
|turn|41
|
|move|p1a: Lavasaur|Lava Plume|p2a: Chansey
|-damage|p2a: Chansey|526\/704 tox
|move|p2a: Chansey|Seismic Toss|p1a: Lavasaur
|-damage|p1a: Lavasaur|161\/385
|
|-heal|p1a: Lavasaur|185\/385|[from] item: Leftovers
|-damage|p2a: Chansey|438\/704 tox|[from] psn
|turn|42
|
|move|p1a: Lavasaur|Lava Plume|p2a: Chansey
|-damage|p2a: Chansey|368\/704 tox
|move|p2a: Chansey|Seismic Toss|p1a: Lavasaur
|-damage|p1a: Lavasaur|85\/385
|
|-heal|p1a: Lavasaur|109\/385|[from] item: Leftovers
|-damage|p2a: Chansey|236\/704 tox|[from] psn
|turn|43
|
|move|p1a: Lavasaur|Lava Plume|p2a: Chansey
|-damage|p2a: Chansey|154\/704 tox
|move|p2a: Chansey|Soft-Boiled|p2a: Chansey
|-heal|p2a: Chansey|506\/704 tox
|
|-heal|p1a: Lavasaur|133\/385|[from] item: Leftovers
|-damage|p2a: Chansey|330\/704 tox|[from] psn
|turn|44
|
|switch|p1a: Spongebob|Azumarill, M, shiny|404\/404
|-damage|p1a: Spongebob|354\/404|[from] Stealth Rock
|move|p2a: Chansey|Aromatherapy|p2a: Chansey
|-cureteam|p2a: Chansey|[from] move: Aromatherapy
|
|turn|45
|
|move|p2a: Chansey|Soft-Boiled|p2a: Chansey
|-heal|p2a: Chansey|682\/704
|move|p1a: Spongebob|Superpower|p2a: Chansey
|-supereffective|p2a: Chansey
|-damage|p2a: Chansey|14\/704
|-unboost|p1a: Spongebob|atk|1
|-unboost|p1a: Spongebob|def|1
|
|turn|46
|chat|KnightSansArmour|gg
|chat|Richard_Blaziken|gg
|
|move|p1a: Spongebob|Superpower|p2a: Chansey
|-supereffective|p2a: Chansey
|-damage|p2a: Chansey|0 fnt
|-unboost|p1a: Spongebob|atk|1
|-unboost|p1a: Spongebob|def|1
|faint|p2a: Chansey
|
|win|Richard_Blaziken
|raw|Ladder updating...
|raw|Richard_Blaziken's rating: 1575 &rarr; <strong>1590<\/strong><br \/>(+15 for winning)
|raw|KnightSansArmour's rating: 1477 &rarr; <strong>1462<\/strong><br \/>(-15 for losing)