|join|KnightSansArmour
|join|The Liar
|player|p1|KnightSansArmour|1
|player|p2|The Liar|98
|gametype|singles
|gen|6
|tier|OU
|rated
|clearpoke
|poke|p1|Gliscor, M
|poke|p1|Chansey, F
|poke|p1|Noivern, F
|poke|p1|Blastoise, M
|poke|p1|Zapdos
|poke|p1|Metagross
|poke|p2|Absol, M
|poke|p2|Togekiss, F
|poke|p2|Latios, M, shiny
|poke|p2|Lapras, M, shiny
|poke|p2|Garchomp, M, shiny
|poke|p2|Jirachi
|rule|Sleep Clause Mod: Limit one foe put to sleep
|rule|Species Clause: Limit one of each Pokemon
|rule|OHKO Clause: OHKO moves are banned
|rule|Moody Clause: Moody is banned
|rule|Evasion Moves Clause: Evasion moves are banned
|rule|Endless Battle Clause: Forcing endless battles is banned.
|rule|HP Percentage Mod: HP is reported as percentages
|teampreview
|
|start
|switch|p1a: Blastoise|Blastoise, M|362\/362
|switch|p2a: DefACleric|Jirachi|401\/401
|turn|1
|
|detailschange|p1a: Blastoise|Blastoise-Mega, M
|message|Blastoise has Mega Evolved into Mega Blastoise!
|move|p2a: DefACleric|U-turn|p1a: Blastoise
|-damage|p1a: Blastoise|313\/362
|
|switch|p2a: F-22|Latios, M, shiny|302\/302
|move|p1a: Blastoise|Dark Pulse|p2a: F-22
|-supereffective|p2a: F-22
|-damage|p2a: F-22|12\/302
|
|turn|2
|chat|The Liar|....
|chat|The Liar|fuck me
|
|switch|p1a: Chansey|Chansey, F|704\/704
|move|p2a: F-22|Energy Ball|p1a: Chansey
|-damage|p1a: Chansey|630\/704
|
|turn|3
|chat|The Liar|why did I DO that?
|
|switch|p2a: DefACleric|Jirachi|401\/401
|move|p1a: Chansey|Toxic|p2a: DefACleric
|-fail|p2a: DefACleric
|
|turn|4
|
|switch|p1a: Gliscor|Gliscor, M|354\/354
|move|p2a: DefACleric|Wish|p2a: DefACleric
|
|-status|p1a: Gliscor|tox|[from] item: Toxic Orb
|turn|5
|
|switch|p2a: F-22|Latios, M, shiny|12\/302
|move|p1a: Gliscor|Toxic|p2a: F-22
|-status|p2a: F-22|tox
|
|-heal|p2a: F-22|212\/302 tox|[from] move: Wish|[wisher] DefACleric
|-damage|p2a: F-22|194\/302 tox|[from] psn
|turn|6
|
|switch|p2a: Dark Angel|Absol, M|271\/271
|move|p1a: Gliscor|Protect|p1a: Gliscor
|-fail|p1a: Gliscor
|
|turn|7
|
|switch|p1a: Blastoise|Blastoise-Mega, M|313\/362
|detailschange|p2a: Dark Angel|Absol-Mega, M
|message|Absol has Mega Evolved into Mega Absol!
|move|p2a: Dark Angel|Ice Beam|p1a: Blastoise
|-resisted|p1a: Blastoise
|-damage|p1a: Blastoise|268\/362
|
|turn|8
|
|switch|p2a: Winged Omelet|Togekiss, F|311\/311
|move|p1a: Blastoise|Aura Sphere|p2a: Winged Omelet
|-resisted|p2a: Winged Omelet
|-damage|p2a: Winged Omelet|280\/311
|
|turn|9
|
|switch|p1a: Zapdos|Zapdos|384\/384
|-ability|p1a: Zapdos|Pressure
|move|p2a: Winged Omelet|Thunder Wave|p1a: Zapdos
|-fail|p1a: Zapdos
|
|turn|10
|chat|The Liar|-_-
|
|switch|p2a: F-22|Latios, M, shiny|194\/302 tox
|move|p1a: Zapdos|Heat Wave|p2a: F-22
|-resisted|p2a: F-22
|-damage|p2a: F-22|137\/302 tox
|
|-damage|p2a: F-22|119\/302 tox|[from] psn
|turn|11
|
|switch|p1a: Chansey|Chansey, F|630\/704
|move|p2a: F-22|Trick|p1a: Chansey
|-activate|p2a: F-22|move: Trick|[of] p1a: Chansey
|-item|p1a: Chansey|Choice Scarf|[from] move: Trick
|-item|p2a: F-22|Eviolite|[from] move: Trick
|
|-damage|p2a: F-22|83\/302 tox|[from] psn
|turn|12
|chat|The Liar|YAH
|
|switch|p2a: DefACleric|Jirachi|401\/401
|move|p1a: Chansey|Seismic Toss|p2a: DefACleric
|-damage|p2a: DefACleric|301\/401
|
|-heal|p2a: DefACleric|326\/401|[from] item: Leftovers
|turn|13
|
|switch|p1a: Gliscor|Gliscor, M|354\/354 tox
|move|p2a: DefACleric|Wish|p2a: DefACleric
|
|-heal|p2a: DefACleric|351\/401|[from] item: Leftovers
|turn|14
|
|switch|p1a: Noivern|Noivern, F|311\/311
|move|p2a: DefACleric|U-turn|p1a: Noivern
|-resisted|p1a: Noivern
|-damage|p1a: Noivern|279\/311
|
|switch|p2a: F-22|Latios, M, shiny|83\/302 tox
|
|-heal|p2a: F-22|283\/302 tox|[from] move: Wish|[wisher] DefACleric
|-damage|p2a: F-22|265\/302 tox|[from] psn
|turn|15
|
|switch|p2a: Donatello|Lapras, M, shiny|401\/401
|move|p1a: Noivern|Draco Meteor|p2a: Donatello
|-crit|p2a: Donatello
|-damage|p2a: Donatello|89\/401
|-unboost|p1a: Noivern|spa|2
|
|turn|16
|chat|The Liar|that crit hurt
|
|switch|p1a: Metagross|Metagross|364\/364
|switch|p2a: DefACleric|Jirachi|351\/401
|
|-heal|p2a: DefACleric|376\/401|[from] item: Leftovers
|turn|17
|chat|KnightSansArmour|Yeah, I got lucky there
|
|move|p2a: DefACleric|U-turn|p1a: Metagross
|-damage|p1a: Metagross|316\/364
|
|switch|p2a: Catastrophe|Garchomp, M, shiny|357\/357
|move|p1a: Metagross|Earthquake|p2a: Catastrophe
|-damage|p2a: Catastrophe|212\/357
|
|turn|18
|
|switch|p1a: Gliscor|Gliscor, M|354\/354 tox
|move|p2a: Catastrophe|Stealth Rock|p1a: Gliscor
|-sidestart|p1: KnightSansArmour|move: Stealth Rock
|
|turn|19
|chat|The Liar|mmm. very
|
|switch|p2a: Dark Angel|Absol-Mega, M|271\/271
|move|p1a: Gliscor|Toxic|p2a: Dark Angel
|move|p2a: Dark Angel|Toxic|p1a: Gliscor|[from]Magic Bounce
|-fail|p1a: Gliscor|tox
|
|turn|20
|chat|The Liar|nyope
|
|switch|p1a: Blastoise|Blastoise-Mega, M|268\/362
|-damage|p1a: Blastoise|223\/362|[from] Stealth Rock
|move|p2a: Dark Angel|Play Rough|p1a: Blastoise
|-damage|p1a: Blastoise|120\/362
|
|turn|21
|
|move|p2a: Dark Angel|Sucker Punch|p1a: Blastoise
|-damage|p1a: Blastoise|0 fnt
|faint|p1a: Blastoise
|
|chat|The Liar|YAH
|
|switch|p1a: Noivern|Noivern, F|279\/311
|-damage|p1a: Noivern|202\/311|[from] Stealth Rock
|turn|22
|chat|The Liar|score uno for me
|chat|The Liar|hmmm
|chat|The Liar|well shit
|chat|The Liar|now I have no idea what to do
|
|switch|p2a: Winged Omelet|Togekiss, F|280\/311
|move|p1a: Noivern|Draco Meteor|p2a: Winged Omelet
|-immune|p2a: Winged Omelet|[msg]
|
|turn|23
|chat|The Liar|yah
|
|switch|p1a: Zapdos|Zapdos|384\/384
|-damage|p1a: Zapdos|288\/384|[from] Stealth Rock
|-ability|p1a: Zapdos|Pressure
|move|p2a: Winged Omelet|Thunder Wave|p1a: Zapdos
|-fail|p1a: Zapdos
|
|-heal|p1a: Zapdos|312\/384|[from] item: Leftovers
|turn|24
|chat|The Liar|I saw that coming, dammit
|
|switch|p2a: F-22|Latios, M, shiny|265\/302 tox
|move|p1a: Zapdos|Defog|p2a: F-22
|-unboost|p2a: F-22|evasion|1
|-sideend|p1: KnightSansArmour|Stealth Rock|[from] move: Defog|[of] p1a: Zapdos
|
|-heal|p1a: Zapdos|336\/384|[from] item: Leftovers
|-damage|p2a: F-22|247\/302 tox|[from] psn
|turn|25
|chat|The Liar|that too -_-
|
|switch|p1a: Chansey|Chansey, F|630\/704
|move|p2a: F-22|Draco Meteor|p1a: Chansey
|-damage|p1a: Chansey|414\/704
|-unboost|p2a: F-22|spa|2
|
|-damage|p2a: F-22|211\/302 tox|[from] psn
|turn|26
|
|switch|p2a: DefACleric|Jirachi|376\/401
|move|p1a: Chansey|Soft-Boiled|p1a: Chansey
|-heal|p1a: Chansey|704\/704
|
|-heal|p2a: DefACleric|401\/401|[from] item: Leftovers
|turn|27
|
|switch|p1a: Gliscor|Gliscor, M|354\/354 tox
|move|p2a: DefACleric|Wish|p2a: DefACleric
|
|turn|28
|
|move|p2a: DefACleric|U-turn|p1a: Gliscor
|-resisted|p1a: Gliscor
|-damage|p1a: Gliscor|337\/354 tox
|
|switch|p2a: Donatello|Lapras, M, shiny|89\/401
|move|p1a: Gliscor|Substitute|p1a: Gliscor
|-start|p1a: Gliscor|Substitute
|-damage|p1a: Gliscor|249\/354 tox
|
|-heal|p2a: Donatello|289\/401|[from] move: Wish|[wisher] DefACleric
|-heal|p1a: Gliscor|293\/354 tox|[from] ability: Poison Heal
|turn|29
|
|move|p1a: Gliscor|Toxic|p2a: Donatello
|-status|p2a: Donatello|tox
|move|p2a: Donatello|Rain Dance|p2a: Donatello
|-weather|RainDance
|
|-weather|RainDance|[upkeep]
|-curestatus|p2a: Donatello|tox
|-heal|p1a: Gliscor|337\/354 tox|[from] ability: Poison Heal
|turn|30
|chat|The Liar|nah bitch
|chat|The Liar|get yo bitch ass toxic outta here
|
|move|p1a: Gliscor|Earthquake|p2a: Donatello
|-damage|p2a: Donatello|186\/401
|move|p2a: Donatello|Freeze-Dry|p1a: Gliscor
|-supereffective|p1a: Gliscor
|-end|p1a: Gliscor|Substitute
|
|-weather|RainDance|[upkeep]
|-heal|p1a: Gliscor|354\/354 tox|[from] ability: Poison Heal
|turn|31
|
|switch|p1a: Chansey|Chansey, F|704\/704
|move|p2a: Donatello|Rest|p2a: Donatello
|-status|p2a: Donatello|slp
|-heal|p2a: Donatello|401\/401 slp|[silent]
|-status|p2a: Donatello|slp|[from] move: Rest
|
|-weather|RainDance|[upkeep]
|-curestatus|p2a: Donatello|slp
|turn|32
|
|move|p1a: Chansey|Seismic Toss|p2a: Donatello
|-damage|p2a: Donatello|301\/401
|-damage|p1a: Chansey|587\/704|[from] item: Rocky Helmet|[of] p2a: Donatello
|move|p2a: Donatello|Toxic|p1a: Chansey
|-status|p1a: Chansey|tox
|
|-weather|RainDance|[upkeep]
|-damage|p1a: Chansey|543\/704 tox|[from] psn
|turn|33
|chat|The Liar|lol
|chat|The Liar|nope
|
|switch|p1a: Metagross|Metagross|316\/364
|move|p2a: Donatello|Freeze-Dry|p1a: Metagross
|-resisted|p1a: Metagross
|-damage|p1a: Metagross|291\/364
|-status|p1a: Metagross|frz
|
|-weather|none
|turn|34
|chat|The Liar|wow
|chat|KnightSansArmour|WOW
|chat|The Liar|I'm really sorry
|chat|The Liar|I can thaw you out, if you'd like?
|chat|KnightSansArmour|Nah man, it happens
|chat|The Liar|hmmm
|chat|KnightSansArmour|Play it fair
|chat|The Liar|I am not at all sure how to react to this situation
|
|switch|p2a: DefACleric|Jirachi|401\/401
|cant|p1a: Metagross|frz
|
|turn|35
|
|move|p2a: DefACleric|Wish|p2a: DefACleric
|cant|p1a: Metagross|frz
|
|turn|36
|chat|The Liar|instinct is abuse for a cleric pass, I guess
|
|move|p2a: DefACleric|U-turn|p1a: Metagross
|-damage|p1a: Metagross|243\/364 frz
|
|switch|p2a: Catastrophe|Garchomp, M, shiny|212\/357
|cant|p1a: Metagross|frz
|
|-heal|p2a: Catastrophe|357\/357|[from] move: Wish|[wisher] DefACleric
|turn|37
|
|switch|p1a: Gliscor|Gliscor, M|354\/354 tox
|move|p2a: Catastrophe|Stealth Rock|p1a: Gliscor
|-sidestart|p1: KnightSansArmour|move: Stealth Rock
|
|turn|38
|chat|The Liar|and then kill
|chat|The Liar|except not really, rocks
|
|switch|p2a: Dark Angel|Absol-Mega, M|271\/271
|move|p1a: Gliscor|Substitute|p1a: Gliscor
|-start|p1a: Gliscor|Substitute
|-damage|p1a: Gliscor|266\/354 tox
|
|-heal|p1a: Gliscor|310\/354 tox|[from] ability: Poison Heal
|turn|39
|
|move|p2a: Dark Angel|Ice Beam|p1a: Gliscor
|-supereffective|p1a: Gliscor
|-end|p1a: Gliscor|Substitute
|move|p1a: Gliscor|Earthquake|p2a: Dark Angel
|-damage|p2a: Dark Angel|108\/271
|
|-heal|p1a: Gliscor|354\/354 tox|[from] ability: Poison Heal
|turn|40
|
|switch|p1a: Chansey|Chansey, F|543\/704
|-damage|p1a: Chansey|455\/704|[from] Stealth Rock
|move|p2a: Dark Angel|Ice Beam|p1a: Chansey
|-damage|p1a: Chansey|364\/704
|
|turn|41
|chat|The Liar|you have nothing that want sto switch into ang except chansey atm
|
|switch|p2a: DefACleric|Jirachi|401\/401
|move|p1a: Chansey|Aromatherapy|p1a: Chansey
|-cureteam|p1a: Chansey|[from] move: Aromatherapy
|
|turn|42
|
|switch|p1a: Zapdos|Zapdos|336\/384
|-damage|p1a: Zapdos|240\/384|[from] Stealth Rock
|-ability|p1a: Zapdos|Pressure
|move|p2a: DefACleric|Wish|p2a: DefACleric
|
|-heal|p1a: Zapdos|264\/384|[from] item: Leftovers
|turn|43
|chat|The Liar|ahh
|chat|The Liar|that's a neat trick
|
|switch|p2a: F-22|Latios, M, shiny|211\/302 tox
|move|p1a: Zapdos|Defog|p2a: F-22
|-unboost|p2a: F-22|evasion|1
|-sideend|p1: KnightSansArmour|Stealth Rock|[from] move: Defog|[of] p1a: Zapdos
|
|-heal|p2a: F-22|302\/302 tox|[from] move: Wish|[wisher] DefACleric
|-heal|p1a: Zapdos|288\/384|[from] item: Leftovers
|-damage|p2a: F-22|284\/302 tox|[from] psn
|turn|44
|chat|The Liar|whew
|chat|The Liar|feared the heat wave
|
|switch|p1a: Chansey|Chansey, F|364\/704
|move|p2a: F-22|Draco Meteor|p1a: Chansey
|-damage|p1a: Chansey|144\/704
|-unboost|p2a: F-22|spa|2
|
|-damage|p2a: F-22|248\/302 tox|[from] psn
|turn|45
|
|switch|p2a: DefACleric|Jirachi|401\/401
|move|p1a: Chansey|Soft-Boiled|p1a: Chansey
|-heal|p1a: Chansey|496\/704
|
|turn|46
|
|switch|p1a: Zapdos|Zapdos|288\/384
|-ability|p1a: Zapdos|Pressure
|move|p2a: DefACleric|Wish|p2a: DefACleric
|
|-heal|p1a: Zapdos|312\/384|[from] item: Leftovers
|turn|47
|chat|The Liar|hmmm
|
|switch|p2a: Catastrophe|Garchomp, M, shiny|357\/357
|move|p1a: Zapdos|Thunderbolt|p2a: Catastrophe
|-immune|p2a: Catastrophe|[msg]
|
|-heal|p1a: Zapdos|336\/384|[from] item: Leftovers
|turn|48
|chat|The Liar|I guess this.
|chat|The Liar|heh
|chat|KnightSansArmour|Nice guess
|chat|The Liar|guess I wasted the wish though XD
|
|move|p2a: Catastrophe|Stealth Rock|p1a: Zapdos
|-sidestart|p1: KnightSansArmour|move: Stealth Rock
|move|p1a: Zapdos|Heat Wave|p2a: Catastrophe
|-miss|p1a: Zapdos|p2a: Catastrophe
|
|-heal|p1a: Zapdos|360\/384|[from] item: Leftovers
|turn|49
|
|switch|p1a: Gliscor|Gliscor, M|354\/354
|-damage|p1a: Gliscor|310\/354|[from] Stealth Rock
|move|p2a: Catastrophe|Dual Chop|p1a: Gliscor
|-damage|p1a: Gliscor|264\/354
|-damage|p1a: Gliscor|222\/354
|-hitcount|p1a: Gliscor|2
|
|-status|p1a: Gliscor|tox|[from] item: Toxic Orb
|turn|50
|
|switch|p2a: Donatello|Lapras, M, shiny|301\/401
|move|p1a: Gliscor|Earthquake|p2a: Donatello
|-damage|p2a: Donatello|190\/401
|
|-heal|p1a: Gliscor|266\/354 tox|[from] ability: Poison Heal
|turn|51
|chat|The Liar|this gonna be a long fucking battle, huh?
|
|move|p1a: Gliscor|Protect|p1a: Gliscor
|-singleturn|p1a: Gliscor|Protect
|move|p2a: Donatello|Freeze-Dry|p1a: Gliscor
|-activate|p1a: Gliscor|Protect
|
|-heal|p1a: Gliscor|310\/354 tox|[from] ability: Poison Heal
|turn|52
|chat|KnightSansArmour|Yeah, LO
|chat|The Liar|dammit
|chat|KnightSansArmour|*:P
|
|switch|p1a: Metagross|Metagross|243\/364
|-damage|p1a: Metagross|221\/364|[from] Stealth Rock
|move|p2a: Donatello|Rain Dance|p2a: Donatello
|-weather|RainDance
|
|-weather|RainDance|[upkeep]
|turn|53
|chat|The Liar|expected dos switch
|
|move|p1a: Metagross|Earthquake|p2a: Donatello
|-damage|p2a: Donatello|57\/401
|move|p2a: Donatello|Rest|p2a: Donatello
|-status|p2a: Donatello|slp
|-heal|p2a: Donatello|401\/401 slp|[silent]
|-status|p2a: Donatello|slp|[from] move: Rest
|
|-weather|RainDance|[upkeep]
|-curestatus|p2a: Donatello|slp
|turn|54
|chat|The Liar|nope
|chat|The Liar|not even close XD
|
|move|p1a: Metagross|Meteor Mash|p2a: Donatello
|-damage|p2a: Donatello|239\/401
|-damage|p1a: Metagross|161\/364|[from] item: Rocky Helmet|[of] p2a: Donatello
|move|p2a: Donatello|Freeze-Dry|p1a: Metagross
|-resisted|p1a: Metagross
|-damage|p1a: Metagross|136\/364
|
|-weather|RainDance|[upkeep]
|turn|55
|
|move|p1a: Metagross|Earthquake|p2a: Donatello
|-damage|p2a: Donatello|114\/401
|move|p2a: Donatello|Rest|p2a: Donatello
|-status|p2a: Donatello|slp
|-heal|p2a: Donatello|401\/401 slp|[silent]
|-status|p2a: Donatello|slp|[from] move: Rest
|
|-weather|RainDance|[upkeep]
|-curestatus|p2a: Donatello|slp
|turn|56
|
|switch|p2a: Winged Omelet|Togekiss, F|280\/311
|move|p1a: Metagross|Earthquake|p2a: Winged Omelet
|-immune|p2a: Winged Omelet|[msg]
|
|-weather|none
|turn|57
|
|move|p2a: Winged Omelet|Aura Sphere|p1a: Metagross
|-damage|p1a: Metagross|69\/364
|move|p1a: Metagross|Meteor Mash|p2a: Winged Omelet
|-supereffective|p2a: Winged Omelet
|-damage|p2a: Winged Omelet|0 fnt
|faint|p2a: Winged Omelet
|
|chat|The Liar|DAMN
|chat|The Liar|that's a shame
|chat|KnightSansArmour|Vest :P
|chat|The Liar|ahh
|
|switch|p2a: Catastrophe|Garchomp, M, shiny|357\/357
|turn|58
|
|switch|p1a: Gliscor|Gliscor, M|310\/354 tox
|-damage|p1a: Gliscor|266\/354 tox|[from] Stealth Rock
|move|p2a: Catastrophe|Dual Chop|p1a: Gliscor
|-damage|p1a: Gliscor|220\/354 tox
|-damage|p1a: Gliscor|178\/354 tox
|-hitcount|p1a: Gliscor|2
|
|-heal|p1a: Gliscor|222\/354 tox|[from] ability: Poison Heal
|turn|59
|
|switch|p2a: Donatello|Lapras, M, shiny|401\/401
|switch|p1a: Zapdos|Zapdos|360\/384
|-damage|p1a: Zapdos|264\/384|[from] Stealth Rock
|-ability|p1a: Zapdos|Pressure
|
|-heal|p1a: Zapdos|288\/384|[from] item: Leftovers
|turn|60
|
|move|p1a: Zapdos|Defog|p2a: Donatello
|-unboost|p2a: Donatello|evasion|1
|-sideend|p1: KnightSansArmour|Stealth Rock|[from] move: Defog|[of] p1a: Zapdos
|move|p2a: Donatello|Freeze-Dry|p1a: Zapdos
|-supereffective|p1a: Zapdos
|-damage|p1a: Zapdos|130\/384
|
|-heal|p1a: Zapdos|154\/384|[from] item: Leftovers
|turn|61
|
|switch|p2a: Catastrophe|Garchomp, M, shiny|357\/357
|move|p1a: Zapdos|Thunderbolt|p2a: Catastrophe
|-immune|p2a: Catastrophe|[msg]
|
|-heal|p1a: Zapdos|178\/384|[from] item: Leftovers
|turn|62
|chat|The Liar|:D
|
|move|p2a: Catastrophe|Dual Chop|p1a: Zapdos
|-damage|p1a: Zapdos|93\/384
|-damage|p1a: Zapdos|11\/384
|-hitcount|p1a: Zapdos|2
|move|p1a: Zapdos|Defog|p2a: Catastrophe
|-unboost|p2a: Catastrophe|evasion|1
|
|-heal|p1a: Zapdos|35\/384|[from] item: Leftovers
|turn|63
|chat|The Liar|:D
|chat|The Liar|YEAH
|
|switch|p1a: Gliscor|Gliscor, M|222\/354 tox
|move|p2a: Catastrophe|Stealth Rock|p1a: Gliscor
|-sidestart|p1: KnightSansArmour|move: Stealth Rock
|
|-heal|p1a: Gliscor|266\/354 tox|[from] ability: Poison Heal
|turn|64
|chat|The Liar|hehe
|chat|The Liar|rocks for days
|chat|KnightSansArmour|I gotta go man
|chat|KnightSansArmour|You got this
|chat|The Liar|probs
|chat|The Liar|gg?
|chat|KnightSansArmour|Zapdos can't come back in and I don't really have another out to laprs
|chat|KnightSansArmour|*Lapras
|chat|KnightSansArmour|gg
|chat|The Liar|ighty oh.
|-message|KnightSansArmour forfeited.
|
|win|The Liar
|raw|Ladder updating...
|leave|KnightSansArmour
|player|p1
|raw|KnightSansArmour's rating: 1548 &rarr; <strong>1526<\/strong><br \/>(-22 for losing)
|raw|The Liar's rating: 1522 &rarr; <strong>1544<\/strong><br \/>(+22 for winning)