|join|KnightSansArmour
|join|Alkov
|player|p1|KnightSansArmour|208
|player|p2|Alkov|288
|gametype|singles
|gen|6
|tier|OU
|rated
|clearpoke
|poke|p1|Gliscor, M
|poke|p1|Chansey, F
|poke|p1|Noivern, F
|poke|p1|Blastoise, M
|poke|p1|Zapdos
|poke|p1|Metagross
|poke|p2|Gyarados, M
|poke|p2|Magnezone
|poke|p2|Landorus-Therian, M
|poke|p2|Ferrothorn, F
|poke|p2|Latios, M
|poke|p2|Clefable, F
|rule|Swagger Clause: Swagger is banned
|rule|Baton Pass Clause: Limit one PokÃ©mon knowing Baton Pass
|rule|Sleep Clause Mod: Limit one foe put to sleep
|rule|Species Clause: Limit one of each PokÃ©mon
|rule|OHKO Clause: OHKO moves are banned
|rule|Moody Clause: Moody is banned
|rule|Evasion Moves Clause: Evasion moves are banned
|rule|Endless Battle Clause: Forcing endless battles is banned
|rule|HP Percentage Mod: HP is shown in percentages
|teampreview
|join|lowercasedisorient
|
|start
|switch|p1a: Blastoise|Blastoise, M|362\/362
|switch|p2a: Landorus-Therian|Landorus-Therian, M|369\/369
|-ability|p2a: Landorus-Therian|Intimidate|[of] p1a: Blastoise
|-unboost|p1a: Blastoise|atk|1
|turn|1
|
|detailschange|p1a: Blastoise|Blastoise-Mega, M
|message|Blastoise has Mega Evolved into Mega Blastoise!
|move|p2a: Landorus-Therian|U-turn|p1a: Blastoise
|-damage|p1a: Blastoise|283\/362
|
|switch|p2a: Clefable|Clefable, F|394\/394
|move|p1a: Blastoise|Dark Pulse|p2a: Clefable
|-resisted|p2a: Clefable
|-damage|p2a: Clefable|308\/394
|
|-heal|p2a: Clefable|332\/394|[from] item: Leftovers
|turn|2
|
|switch|p1a: Metagross|Metagross|364\/364
|switch|p2a: Ferrothorn|Ferrothorn, F|352\/352
|
|turn|3
|
|switch|p1a: Zapdos|Zapdos|384\/384
|-ability|p1a: Zapdos|Pressure
|move|p2a: Ferrothorn|Stealth Rock|p1a: Zapdos
|-sidestart|p1: KnightSansArmour|move: Stealth Rock
|
|turn|4
|
|switch|p2a: Landorus-Therian|Landorus-Therian, M|369\/369
|-ability|p2a: Landorus-Therian|Intimidate|[of] p1a: Zapdos
|-unboost|p1a: Zapdos|atk|1
|move|p1a: Zapdos|Defog|p2a: Landorus-Therian
|-unboost|p2a: Landorus-Therian|evasion|1
|-sideend|p1: KnightSansArmour|Stealth Rock|[from] move: Defog|[of] p1a: Zapdos
|
|turn|5
|
|switch|p1a: Gliscor|Gliscor, M|354\/354
|move|p2a: Landorus-Therian|U-turn|p1a: Gliscor
|-resisted|p1a: Gliscor
|-damage|p1a: Gliscor|325\/354
|
|switch|p2a: Gyarados|Gyarados, M|331\/331
|-ability|p2a: Gyarados|Intimidate|[of] p1a: Gliscor
|-unboost|p1a: Gliscor|atk|1
|
|-status|p1a: Gliscor|tox|[from] item: Toxic Orb
|turn|6
|
|switch|p1a: Zapdos|Zapdos|384\/384
|-ability|p1a: Zapdos|Pressure
|detailschange|p2a: Gyarados|Gyarados-Mega, M
|message|Gyarados has Mega Evolved into Mega Gyarados!
|-ability|p2a: Gyarados|Mold Breaker
|move|p2a: Gyarados|Dragon Dance|p2a: Gyarados
|-boost|p2a: Gyarados|atk|1
|-boost|p2a: Gyarados|spe|1
|
|turn|7
|
|move|p2a: Gyarados|Ice Fang|p1a: Zapdos
|-supereffective|p1a: Zapdos
|-damage|p1a: Zapdos|52\/384
|-status|p1a: Zapdos|frz
|cant|p1a: Zapdos|frz
|
|-heal|p1a: Zapdos|76\/384 frz|[from] item: Leftovers
|turn|8
|chat|Alkov|lol
|
|move|p2a: Gyarados|Dragon Dance|p2a: Gyarados
|-boost|p2a: Gyarados|atk|1
|-boost|p2a: Gyarados|spe|1
|cant|p1a: Zapdos|frz
|
|-heal|p1a: Zapdos|100\/384 frz|[from] item: Leftovers
|turn|9
|join|Swaqfeq
|join|testy times
|
|move|p2a: Gyarados|Dragon Dance|p2a: Gyarados
|-boost|p2a: Gyarados|atk|1
|-boost|p2a: Gyarados|spe|1
|-curestatus|p1a: Zapdos|frz
|move|p1a: Zapdos|Thunderbolt|p2a: Gyarados
|-supereffective|p2a: Gyarados
|-damage|p2a: Gyarados|65\/331
|
|-heal|p1a: Zapdos|124\/384|[from] item: Leftovers
|turn|10
|chat|KnightSansArmour|This sucks
|
|move|p2a: Gyarados|Waterfall|p1a: Zapdos
|-damage|p1a: Zapdos|0 fnt
|faint|p1a: Zapdos
|
|
|switch|p1a: Blastoise|Blastoise-Mega, M|283\/362
|turn|11
|
|move|p2a: Gyarados|Earthquake|p1a: Blastoise
|-damage|p1a: Blastoise|0 fnt
|faint|p1a: Blastoise
|
|
|switch|p1a: Metagross|Metagross|364\/364
|turn|12
|chat|Swaqfeq|that setup
|chat|KnightSansArmour|Pretty sure you got this now
|chat|Alkov|the greed is real 
|chat|Swaqfeq|c;
|
|move|p2a: Gyarados|Earthquake|p1a: Metagross
|-supereffective|p1a: Metagross
|-damage|p1a: Metagross|0 fnt
|faint|p1a: Metagross
|
|
|switch|p1a: Chansey|Chansey, F|704\/704
|turn|13
|chat|Swaqfeq|it'll seismic toss you
|chat|Swaqfeq|and u die c;
|
|move|p2a: Gyarados|Waterfall|p1a: Chansey
|-damage|p1a: Chansey|131\/704
|move|p1a: Chansey|Seismic Toss|p2a: Gyarados
|-damage|p2a: Gyarados|0 fnt
|faint|p2a: Gyarados
|
|chat|Alkov|:o
|chat|Swaqfeq|oh ya
|
|switch|p2a: Latios|Latios, M|302\/302
|turn|14
|chat|Alkov|that bulk is insane tho
|
|move|p2a: Latios|Psyshock|p1a: Chansey
|-damage|p1a: Chansey|0 fnt
|-damage|p2a: Latios|272\/302|[from] item: Life Orb
|faint|p1a: Chansey
|
|chat|Swaqfeq|u always lead with gyara?
|chat|KnightSansArmour|gg, I have nothing for Clefable :P
|chat|Alkov|nope
|
|switch|p1a: Noivern|Noivern, F|311\/311
|turn|15
|
|move|p1a: Noivern|Draco Meteor|p2a: Latios|[miss]
|-miss|p1a: Noivern|p2a: Latios
|move|p2a: Latios|Draco Meteor|p1a: Noivern
|-supereffective|p1a: Noivern
|-damage|p1a: Noivern|0 fnt
|-unboost|p2a: Latios|spa|2
|-damage|p2a: Latios|242\/302|[from] item: Life Orb
|faint|p1a: Noivern
|
|chat|Alkov|lol
|chat|KnightSansArmour|SIGH
|chat|Alkov|the struggle is real
|
|switch|p1a: Gliscor|Gliscor, M|325\/354 tox
|turn|16
|
|switch|p2a: Clefable|Clefable, F|332\/394
|move|p1a: Gliscor|Substitute|p1a: Gliscor
|-start|p1a: Gliscor|Substitute
|-damage|p1a: Gliscor|237\/354 tox
|
|-heal|p2a: Clefable|356\/394|[from] item: Leftovers
|-heal|p1a: Gliscor|281\/354 tox|[from] ability: Poison Heal
|turn|17
|
|move|p1a: Gliscor|Earthquake|p2a: Clefable
|-damage|p2a: Clefable|253\/394
|move|p2a: Clefable|Calm Mind|p2a: Clefable
|-boost|p2a: Clefable|spa|1
|-boost|p2a: Clefable|spd|1
|
|-heal|p2a: Clefable|277\/394|[from] item: Leftovers
|-heal|p1a: Gliscor|325\/354 tox|[from] ability: Poison Heal
|turn|18
|
|move|p1a: Gliscor|Earthquake|p2a: Clefable
|-damage|p2a: Clefable|172\/394
|move|p2a: Clefable|Moonblast|p1a: Gliscor
|-end|p1a: Gliscor|Substitute
|
|-heal|p2a: Clefable|196\/394|[from] item: Leftovers
|-heal|p1a: Gliscor|354\/354 tox|[from] ability: Poison Heal
|turn|19
|
|move|p1a: Gliscor|Earthquake|p2a: Clefable
|-damage|p2a: Clefable|94\/394
|move|p2a: Clefable|Moonblast|p1a: Gliscor
|-crit|p1a: Gliscor
|-damage|p1a: Gliscor|71\/354 tox
|
|-heal|p2a: Clefable|118\/394|[from] item: Leftovers
|-heal|p1a: Gliscor|115\/354 tox|[from] ability: Poison Heal
|turn|20
|chat|Swaqfeq|gliscor gunna stall till alkov's internet dies then knights will win
|
|move|p1a: Gliscor|Earthquake|p2a: Clefable
|-damage|p2a: Clefable|19\/394
|move|p2a: Clefable|Soft-Boiled|p2a: Clefable
|-heal|p2a: Clefable|216\/394
|
|-heal|p2a: Clefable|240\/394|[from] item: Leftovers
|-heal|p1a: Gliscor|159\/354 tox|[from] ability: Poison Heal
|turn|21
|chat|Alkov|lol
|chat|KnightSansArmour|no crit :(
|
|move|p1a: Gliscor|Earthquake|p2a: Clefable
|-damage|p2a: Clefable|141\/394
|move|p2a: Clefable|Moonblast|p1a: Gliscor
|-damage|p1a: Gliscor|0 fnt
|faint|p1a: Gliscor
|
|win|Alkov
|raw|Ladder updating...
|raw|KnightSansArmour's rating: 1603 &rarr; <strong>1588<\/strong><br \/>(-15 for losing)
|raw|Alkov's rating: 1681 &rarr; <strong>1697<\/strong><br \/>(+16 for winning)
|chat|Alkov|gg
|chat|KnightSansArmour|gg
|leave|Alkov
|player|p2
|leave|KnightSansArmour
|player|p1
|leave|Swaqfeq
|join|Alkov
|leave|Alkov
|join|Alkov
|leave|Alkov
|join|Alkov
|leave|Alkov