|join|KnightSansArmour
|join|ohaaiiiiiii
|player|p1|KnightSansArmour|170
|player|p2|ohaaiiiiiii|23
|gametype|singles
|gen|6
|tier|OU
|rated
|clearpoke
|poke|p1|Gliscor, M
|poke|p1|Chansey, F
|poke|p1|Noivern, F
|poke|p1|Blastoise, M
|poke|p1|Zapdos
|poke|p1|Metagross
|poke|p2|Landorus, M
|poke|p2|Scizor, F
|poke|p2|Sylveon, M
|poke|p2|Heatran, M
|poke|p2|Garchomp, M
|poke|p2|Mandibuzz, F
|rule|Baton Pass Clause: Limit 3 pokemon knowing Baton Pass
|rule|Sleep Clause Mod: Limit one foe put to sleep
|rule|Species Clause: Limit one of each Pokemon
|rule|OHKO Clause: OHKO moves are banned
|rule|Moody Clause: Moody is banned
|rule|Evasion Moves Clause: Evasion moves are banned
|rule|Endless Battle Clause: Forcing endless battles is banned
|rule|HP Percentage Mod: HP is reported as percentages
|teampreview
|
|start
|switch|p1a: Blastoise|Blastoise, M|362\/362
|switch|p2a: Zippo|Heatran, M|386\/386
|turn|1
|
|detailschange|p1a: Blastoise|Blastoise-Mega, M
|message|Blastoise has Mega Evolved into Mega Blastoise!
|move|p2a: Zippo|Toxic|p1a: Blastoise
|-status|p1a: Blastoise|tox
|move|p1a: Blastoise|Aura Sphere|p2a: Zippo
|-supereffective|p2a: Zippo
|-damage|p2a: Zippo|172\/386
|
|-heal|p2a: Zippo|196\/386|[from] item: Leftovers
|-damage|p1a: Blastoise|340\/362 tox|[from] psn
|turn|2
|
|switch|p1a: Metagross|Metagross|364\/364
|move|p2a: Zippo|Protect|p2a: Zippo
|-fail|p2a: Zippo
|
|-heal|p2a: Zippo|220\/386|[from] item: Leftovers
|turn|3
|
|switch|p2a: Drumstick|Mandibuzz, F|423\/423
|switch|p1a: Blastoise|Blastoise-Mega, M|340\/362 tox
|
|-damage|p1a: Blastoise|318\/362 tox|[from] psn
|turn|4
|
|switch|p2a: Sylveon|Sylveon, M|394\/394
|switch|p1a: Zapdos|Zapdos|384\/384
|-ability|p1a: Zapdos|Pressure
|
|turn|5
|
|switch|p1a: Chansey|Chansey, F|704\/704
|move|p2a: Sylveon|Wish|p2a: Sylveon
|
|turn|6
|
|switch|p2a: Iraq Lobster|Scizor, F|343\/343
|move|p1a: Chansey|Aromatherapy|p1a: Chansey
|-cureteam|p1a: Chansey|[from] move: Aromatherapy
|
|turn|7
|
|switch|p2a: Sylveon|Sylveon, M|394\/394
|switch|p1a: Zapdos|Zapdos|384\/384
|-ability|p1a: Zapdos|Pressure
|
|turn|8
|
|switch|p1a: Metagross|Metagross|364\/364
|move|p2a: Sylveon|Hyper Voice|p1a: Metagross
|-resisted|p1a: Metagross
|-damage|p1a: Metagross|314\/364
|
|turn|9
|
|switch|p2a: Drumstick|Mandibuzz, F|423\/423
|move|p1a: Metagross|Earthquake|p2a: Drumstick
|-immune|p2a: Drumstick|[msg]
|
|turn|10
|
|switch|p2a: Zippo|Heatran, M|220\/386
|switch|p1a: Zapdos|Zapdos|384\/384
|-ability|p1a: Zapdos|Pressure
|
|-heal|p2a: Zippo|244\/386|[from] item: Leftovers
|turn|11
|
|move|p1a: Zapdos|Thunderbolt|p2a: Zippo
|-damage|p2a: Zippo|127\/386
|move|p2a: Zippo|Stealth Rock|p1a: Zapdos
|-sidestart|p1: KnightSansArmour|move: Stealth Rock
|
|-heal|p2a: Zippo|151\/386|[from] item: Leftovers
|turn|12
|
|switch|p2a: Sylveon|Sylveon, M|394\/394
|move|p1a: Zapdos|Defog|p2a: Sylveon
|-unboost|p2a: Sylveon|evasion|1
|-sideend|p1: KnightSansArmour|Stealth Rock|[from] move: Defog|[of] p1a: Zapdos
|
|turn|13
|
|switch|p1a: Metagross|Metagross|314\/364
|move|p2a: Sylveon|Wish|p2a: Sylveon
|
|turn|14
|
|switch|p2a: Drumstick|Mandibuzz, F|423\/423
|move|p1a: Metagross|Earthquake|p2a: Drumstick
|-immune|p2a: Drumstick|[msg]
|
|turn|15
|
|switch|p1a: Zapdos|Zapdos|384\/384
|-ability|p1a: Zapdos|Pressure
|move|p2a: Drumstick|Foul Play|p1a: Zapdos
|-damage|p1a: Zapdos|281\/384
|
|-heal|p1a: Zapdos|305\/384|[from] item: Leftovers
|turn|16
|
|switch|p2a: Gare du Chomp|Garchomp, M|358\/358
|move|p1a: Zapdos|Heat Wave|p2a: Gare du Chomp
|-resisted|p2a: Gare du Chomp
|-damage|p2a: Gare du Chomp|291\/358
|
|-heal|p1a: Zapdos|329\/384|[from] item: Leftovers
|turn|17
|
|switch|p2a: Iraq Lobster|Scizor, F|343\/343
|switch|p1a: Gliscor|Gliscor, M|354\/354
|
|-status|p1a: Gliscor|tox|[from] item: Toxic Orb
|turn|18
|
|switch|p1a: Zapdos|Zapdos|329\/384
|-ability|p1a: Zapdos|Pressure
|detailschange|p2a: Iraq Lobster|Scizor-Mega, F
|message|Scizor has Mega Evolved into Mega Scizor!
|move|p2a: Iraq Lobster|Swords Dance|p2a: Iraq Lobster
|-boost|p2a: Iraq Lobster|atk|2
|
|-heal|p1a: Zapdos|353\/384|[from] item: Leftovers
|turn|19
|
|switch|p2a: Zippo|Heatran, M|151\/386
|move|p1a: Zapdos|Heat Wave|p2a: Zippo
|-start|p2a: Zippo|ability: Flash Fire
|
|-heal|p1a: Zapdos|377\/384|[from] item: Leftovers
|-heal|p2a: Zippo|175\/386|[from] item: Leftovers
|turn|20
|
|move|p1a: Zapdos|Thunderbolt|p2a: Zippo
|-damage|p2a: Zippo|42\/386
|move|p2a: Zippo|Stealth Rock|p1a: Zapdos
|-sidestart|p1: KnightSansArmour|move: Stealth Rock
|
|-heal|p1a: Zapdos|384\/384|[from] item: Leftovers
|-heal|p2a: Zippo|66\/386|[from] item: Leftovers
|turn|21
|
|move|p2a: Zippo|Protect|p2a: Zippo
|-singleturn|p2a: Zippo|Protect
|move|p1a: Zapdos|Defog|p2a: Zippo
|-activate|p2a: Zippo|Protect
|
|-heal|p2a: Zippo|90\/386|[from] item: Leftovers
|turn|22
|
|switch|p2a: Gare du Chomp|Garchomp, M|291\/358
|move|p1a: Zapdos|Defog|p2a: Gare du Chomp
|-unboost|p2a: Gare du Chomp|evasion|1
|-sideend|p1: KnightSansArmour|Stealth Rock|[from] move: Defog|[of] p1a: Zapdos
|
|turn|23
|
|switch|p1a: Gliscor|Gliscor, M|354\/354 tox
|move|p2a: Gare du Chomp|Stone Edge|p1a: Gliscor
|-damage|p1a: Gliscor|276\/354 tox
|
|-heal|p1a: Gliscor|320\/354 tox|[from] ability: Poison Heal
|turn|24
|
|switch|p2a: Iraq Lobster|Scizor-Mega, F|343\/343
|move|p1a: Gliscor|Toxic|p2a: Iraq Lobster
|-fail|p2a: Iraq Lobster
|
|-heal|p1a: Gliscor|354\/354 tox|[from] ability: Poison Heal
|turn|25
|
|switch|p1a: Zapdos|Zapdos|384\/384
|-ability|p1a: Zapdos|Pressure
|move|p2a: Iraq Lobster|Knock Off|p1a: Zapdos
|-damage|p1a: Zapdos|247\/384
|-enditem|p1a: Zapdos|Leftovers|[from] move: Knock Off|[of] p2a: Iraq Lobster
|
|turn|26
|
|switch|p2a: Sylveon|Sylveon, M|394\/394
|move|p1a: Zapdos|Roost|p1a: Zapdos
|-heal|p1a: Zapdos|384\/384
|
|turn|27
|
|switch|p1a: Metagross|Metagross|314\/364
|move|p2a: Sylveon|Wish|p2a: Sylveon
|
|turn|28
|
|switch|p2a: Zippo|Heatran, M|90\/386
|move|p1a: Metagross|Earthquake|p2a: Zippo
|-supereffective|p2a: Zippo
|-damage|p2a: Zippo|0 fnt
|faint|p2a: Zippo
|
|
|switch|p2a: The Jean Genie|Landorus, M|319\/319
|turn|29
|
|switch|p1a: Chansey|Chansey, F|704\/704
|move|p2a: The Jean Genie|Psychic|p1a: Chansey
|-damage|p1a: Chansey|591\/704
|
|turn|30
|
|move|p2a: The Jean Genie|Knock Off|p1a: Chansey
|-damage|p1a: Chansey|418\/704
|-enditem|p1a: Chansey|Eviolite|[from] move: Knock Off|[of] p2a: The Jean Genie
|-damage|p2a: The Jean Genie|288\/319|[from] item: Life Orb
|move|p1a: Chansey|Toxic|p2a: The Jean Genie
|-status|p2a: The Jean Genie|tox
|
|-damage|p2a: The Jean Genie|269\/319 tox|[from] psn
|turn|31
|
|move|p2a: The Jean Genie|Focus Blast|p1a: Chansey|[miss]
|-miss|p2a: The Jean Genie|p1a: Chansey
|move|p1a: Chansey|Soft-Boiled|p1a: Chansey
|-heal|p1a: Chansey|704\/704
|
|-damage|p2a: The Jean Genie|231\/319 tox|[from] psn
|turn|32
|
|switch|p2a: Sylveon|Sylveon, M|394\/394
|move|p1a: Chansey|Soft-Boiled|p1a: Chansey
|-fail|p1a: Chansey
|
|turn|33
|
|move|p2a: Sylveon|Heal Bell|p2a: Sylveon
|-cureteam|p2a: Sylveon|[from] move: HealBell
|move|p1a: Chansey|Toxic|p2a: Sylveon
|-status|p2a: Sylveon|tox
|
|-damage|p2a: Sylveon|370\/394 tox|[from] psn
|turn|34
|
|switch|p1a: Metagross|Metagross|314\/364
|move|p2a: Sylveon|Heal Bell|p2a: Sylveon
|-cureteam|p2a: Sylveon|[from] move: HealBell
|
|-heal|p2a: Sylveon|394\/394|[from] item: Leftovers
|turn|35
|
|switch|p2a: Drumstick|Mandibuzz, F|423\/423
|move|p1a: Metagross|Meteor Mash|p2a: Drumstick
|-damage|p2a: Drumstick|278\/423
|-damage|p1a: Metagross|254\/364|[from] item: Rocky Helmet|[of] p2a: Drumstick
|
|turn|36
|
|switch|p1a: Zapdos|Zapdos|384\/384
|-ability|p1a: Zapdos|Pressure
|move|p2a: Drumstick|Roost|p2a: Drumstick
|-heal|p2a: Drumstick|423\/423
|
|turn|37
|
|switch|p2a: Gare du Chomp|Garchomp, M|291\/358
|move|p1a: Zapdos|Heat Wave|p2a: Gare du Chomp
|-resisted|p2a: Gare du Chomp
|-damage|p2a: Gare du Chomp|219\/358
|
|turn|38
|
|switch|p2a: The Jean Genie|Landorus, M|231\/319
|switch|p1a: Gliscor|Gliscor, M|354\/354 tox
|
|turn|39
|
|move|p2a: The Jean Genie|Psychic|p1a: Gliscor
|-damage|p1a: Gliscor|154\/354 tox
|move|p1a: Gliscor|Toxic|p2a: The Jean Genie
|-status|p2a: The Jean Genie|tox
|
|-damage|p2a: The Jean Genie|212\/319 tox|[from] psn
|-heal|p1a: Gliscor|198\/354 tox|[from] ability: Poison Heal
|turn|40
|
|switch|p2a: Sylveon|Sylveon, M|394\/394
|move|p1a: Gliscor|Protect|p1a: Gliscor
|-fail|p1a: Gliscor
|
|-heal|p1a: Gliscor|242\/354 tox|[from] ability: Poison Heal
|turn|41
|
|switch|p1a: Metagross|Metagross|254\/364
|move|p2a: Sylveon|Heal Bell|p2a: Sylveon
|-cureteam|p2a: Sylveon|[from] move: HealBell
|
|turn|42
|
|switch|p1a: Zapdos|Zapdos|384\/384
|-ability|p1a: Zapdos|Pressure
|switch|p2a: Drumstick|Mandibuzz, F|423\/423
|
|turn|43
|
|switch|p2a: Sylveon|Sylveon, M|394\/394
|move|p1a: Zapdos|Heat Wave|p2a: Sylveon
|-miss|p1a: Zapdos|p2a: Sylveon
|
|turn|44
|
|switch|p1a: Metagross|Metagross|254\/364
|move|p2a: Sylveon|Wish|p2a: Sylveon
|
|turn|45
|
|switch|p2a: The Jean Genie|Landorus, M|212\/319
|move|p1a: Metagross|Zen Headbutt|p2a: The Jean Genie|[miss]
|-miss|p1a: Metagross|p2a: The Jean Genie
|
|-heal|p2a: The Jean Genie|319\/319|[from] move: Wish|[wisher] Sylveon
|turn|46
|
|switch|p1a: Chansey|Chansey, F|704\/704
|move|p2a: The Jean Genie|Earth Power|p1a: Chansey
|-damage|p1a: Chansey|458\/704
|
|turn|47
|
|move|p2a: The Jean Genie|Focus Blast|p1a: Chansey
|-supereffective|p1a: Chansey
|-damage|p1a: Chansey|52\/704
|move|p1a: Chansey|Soft-Boiled|p1a: Chansey
|-heal|p1a: Chansey|404\/704
|
|turn|48
|
|switch|p1a: Noivern|Noivern, F|311\/311
|move|p2a: The Jean Genie|Focus Blast|p1a: Noivern
|-resisted|p1a: Noivern
|-damage|p1a: Noivern|189\/311
|
|turn|49
|
|switch|p2a: Sylveon|Sylveon, M|394\/394
|move|p1a: Noivern|Draco Meteor|p2a: Sylveon
|-immune|p2a: Sylveon|[msg]
|
|turn|50
|
|switch|p1a: Chansey|Chansey, F|404\/704
|move|p2a: Sylveon|Hyper Voice|p1a: Chansey
|-damage|p1a: Chansey|248\/704
|
|turn|51
|
|switch|p2a: Iraq Lobster|Scizor-Mega, F|343\/343
|move|p1a: Chansey|Soft-Boiled|p1a: Chansey
|-heal|p1a: Chansey|600\/704
|
|turn|52
|
|switch|p2a: Gare du Chomp|Garchomp, M|219\/358
|switch|p1a: Zapdos|Zapdos|384\/384
|-ability|p1a: Zapdos|Pressure
|
|turn|53
|
|switch|p2a: The Jean Genie|Landorus, M|319\/319
|switch|p1a: Gliscor|Gliscor, M|242\/354 tox
|
|-heal|p1a: Gliscor|286\/354 tox|[from] ability: Poison Heal
|turn|54
|
|move|p1a: Gliscor|Protect|p1a: Gliscor
|-singleturn|p1a: Gliscor|Protect
|move|p2a: The Jean Genie|Psychic|p1a: Gliscor
|-activate|p1a: Gliscor|Protect
|
|-heal|p1a: Gliscor|330\/354 tox|[from] ability: Poison Heal
|turn|55
|
|move|p2a: The Jean Genie|Psychic|p1a: Gliscor
|-damage|p1a: Gliscor|130\/354 tox
|move|p1a: Gliscor|Substitute|p1a: Gliscor
|-start|p1a: Gliscor|Substitute
|-damage|p1a: Gliscor|42\/354 tox
|
|-heal|p1a: Gliscor|86\/354 tox|[from] ability: Poison Heal
|turn|56
|
|switch|p2a: Iraq Lobster|Scizor-Mega, F|343\/343
|move|p1a: Gliscor|Protect|p1a: Gliscor
|-fail|p1a: Gliscor
|
|-heal|p1a: Gliscor|130\/354 tox|[from] ability: Poison Heal
|turn|57
|
|switch|p1a: Zapdos|Zapdos|384\/384
|-ability|p1a: Zapdos|Pressure
|move|p2a: Iraq Lobster|Swords Dance|p2a: Iraq Lobster
|-boost|p2a: Iraq Lobster|atk|2
|
|turn|58
|
|switch|p2a: Sylveon|Sylveon, M|394\/394
|move|p1a: Zapdos|Heat Wave|p2a: Sylveon
|-miss|p1a: Zapdos|p2a: Sylveon
|
|turn|59
|
|switch|p1a: Gliscor|Gliscor, M|130\/354 tox
|move|p2a: Sylveon|Wish|p2a: Sylveon
|
|-heal|p1a: Gliscor|174\/354 tox|[from] ability: Poison Heal
|turn|60
|
|move|p1a: Gliscor|Protect|p1a: Gliscor
|-singleturn|p1a: Gliscor|Protect
|move|p2a: Sylveon|Hyper Voice|p1a: Gliscor
|-activate|p1a: Gliscor|Protect
|
|-heal|p1a: Gliscor|218\/354 tox|[from] ability: Poison Heal
|turn|61
|
|switch|p1a: Chansey|Chansey, F|600\/704
|switch|p2a: Iraq Lobster|Scizor-Mega, F|343\/343
|
|turn|62
|
|switch|p2a: The Jean Genie|Landorus, M|319\/319
|switch|p1a: Zapdos|Zapdos|384\/384
|-ability|p1a: Zapdos|Pressure
|
|turn|63
|
|move|p2a: The Jean Genie|Psychic|p1a: Zapdos
|-damage|p1a: Zapdos|193\/384
|move|p1a: Zapdos|Heat Wave|p2a: The Jean Genie
|-damage|p2a: The Jean Genie|164\/319
|-status|p2a: The Jean Genie|brn
|
|-damage|p2a: The Jean Genie|125\/319 brn|[from] brn
|turn|64
|
|switch|p2a: Sylveon|Sylveon, M|394\/394
|move|p1a: Zapdos|Roost|p1a: Zapdos
|-heal|p1a: Zapdos|384\/384
|
|turn|65
|
|switch|p1a: Metagross|Metagross|254\/364
|move|p2a: Sylveon|Heal Bell|p2a: Sylveon
|-cureteam|p2a: Sylveon|[from] move: HealBell
|
|turn|66
|
|move|p2a: Sylveon|Protect|p2a: Sylveon
|-singleturn|p2a: Sylveon|Protect
|move|p1a: Metagross|Meteor Mash|p2a: Sylveon
|-activate|p2a: Sylveon|Protect
|
|turn|67
|
|switch|p1a: Gliscor|Gliscor, M|218\/354 tox
|switch|p2a: Iraq Lobster|Scizor-Mega, F|343\/343
|
|-heal|p1a: Gliscor|262\/354 tox|[from] ability: Poison Heal
|turn|68
|
|switch|p1a: Zapdos|Zapdos|384\/384
|-ability|p1a: Zapdos|Pressure
|switch|p2a: The Jean Genie|Landorus, M|125\/319
|
|turn|69
|
|move|p2a: The Jean Genie|Psychic|p1a: Zapdos
|-damage|p1a: Zapdos|194\/384
|move|p1a: Zapdos|Heat Wave|p2a: The Jean Genie
|-damage|p2a: The Jean Genie|0 fnt
|faint|p2a: The Jean Genie
|
|
|switch|p2a: Gare du Chomp|Garchomp, M|219\/358
|turn|70
|
|switch|p1a: Gliscor|Gliscor, M|262\/354 tox
|move|p2a: Gare du Chomp|Outrage|p1a: Gliscor
|-damage|p1a: Gliscor|127\/354 tox
|
|-heal|p1a: Gliscor|171\/354 tox|[from] ability: Poison Heal
|turn|71
|-message|ohaaiiiiiii forfeited.
|
|win|KnightSansArmour
|raw|Ladder updating...
|leave|ohaaiiiiiii
|raw|KnightSansArmour's rating: 1565 &rarr; <strong>1589<\/strong><br \/>(+24 for winning)
|raw|ohaaiiiiiii's rating: 1633 &rarr; <strong>1609<\/strong><br \/>(-24 for losing)
|player|p2