|join|kflmkzza
|join|KnightSansArmour
|player|p1|kflmkzza|50
|player|p2|KnightSansArmour|2
|gametype|singles
|gen|6
|tier|OU
|rated
|clearpoke
|poke|p1|Pinsir, F
|poke|p1|Heatran, F
|poke|p1|Latios, M
|poke|p1|Landorus-Therian, M
|poke|p1|Ferrothorn, M
|poke|p1|Slowking, M
|poke|p2|Gliscor, M
|poke|p2|Chansey, F
|poke|p2|Noivern, F
|poke|p2|Blastoise, M
|poke|p2|Zapdos
|poke|p2|Metagross
|rule|Sleep Clause Mod: Limit one foe put to sleep
|rule|Species Clause: Limit one of each Pokemon
|rule|OHKO Clause: OHKO moves are banned
|rule|Moody Clause: Moody is banned
|rule|Evasion Moves Clause: Evasion moves are banned
|rule|Endless Battle Clause: Forcing endless battles is banned.
|rule|HP Percentage Mod: HP is reported as percentages
|teampreview
|
|start
|switch|p1a: cosmo|Landorus-Therian, M|320\/320
|switch|p2a: Blastoise|Blastoise, M|362\/362
|-ability|p1a: cosmo|Intimidate|[of] p2a: Blastoise
|-unboost|p2a: Blastoise|atk|1
|turn|1
|
|detailschange|p2a: Blastoise|Blastoise-Mega, M
|message|Blastoise has Mega Evolved into Mega Blastoise!
|move|p1a: cosmo|U-turn|p2a: Blastoise
|-damage|p2a: Blastoise|289\/362
|
|switch|p1a: Ferrothorn|Ferrothorn, M|352\/352
|move|p2a: Blastoise|Water Pulse|p1a: Ferrothorn
|-resisted|p1a: Ferrothorn
|-damage|p1a: Ferrothorn|268\/352
|
|-heal|p1a: Ferrothorn|290\/352|[from] item: Leftovers
|turn|2
|
|move|p2a: Blastoise|Aura Sphere|p1a: Ferrothorn
|-supereffective|p1a: Ferrothorn
|-damage|p1a: Ferrothorn|10\/352
|move|p1a: Ferrothorn|Leech Seed|p2a: Blastoise
|-start|p2a: Blastoise|move: Leech Seed
|
|-heal|p1a: Ferrothorn|32\/352|[from] item: Leftovers
|-damage|p2a: Blastoise|244\/362|[from] Leech Seed|[of] p1a: Ferrothorn
|-heal|p1a: Ferrothorn|77\/352|[silent]
|turn|3
|
|switch|p2a: Zapdos|Zapdos|384\/384
|-ability|p2a: Zapdos|Pressure
|move|p1a: Ferrothorn|Protect|p1a: Ferrothorn
|-fail|p1a: Ferrothorn
|
|-heal|p1a: Ferrothorn|99\/352|[from] item: Leftovers
|turn|4
|
|switch|p1a: cosmo|Landorus-Therian, M|320\/320
|-ability|p1a: cosmo|Intimidate|[of] p2a: Zapdos
|-unboost|p2a: Zapdos|atk|1
|move|p2a: Zapdos|Thunderbolt|p1a: cosmo
|-immune|p1a: cosmo|[msg]
|
|turn|5
|
|switch|p2a: Blastoise|Blastoise-Mega, M|244\/362
|move|p1a: cosmo|Stone Edge|p2a: Blastoise
|-damage|p2a: Blastoise|135\/362
|
|turn|6
|
|switch|p1a: Slowking|Slowking, M|394\/394
|move|p2a: Blastoise|Dark Pulse|p1a: Slowking
|-supereffective|p1a: Slowking
|-damage|p1a: Slowking|168\/394
|
|-heal|p1a: Slowking|192\/394|[from] item: Leftovers
|turn|7
|
|move|p2a: Blastoise|Dark Pulse|p1a: Slowking
|-supereffective|p1a: Slowking
|-damage|p1a: Slowking|0 fnt
|faint|p1a: Slowking
|
|
|switch|p1a: richmond|Pinsir, F|334\/334
|turn|8
|
|switch|p2a: Zapdos|Zapdos|384\/384
|-ability|p2a: Zapdos|Pressure
|detailschange|p1a: richmond|Pinsir-Mega, F
|message|Pinsir has Mega Evolved into Mega Pinsir!
|move|p1a: richmond|Frustration|p2a: Zapdos
|-resisted|p2a: Zapdos
|-damage|p2a: Zapdos|226\/384
|
|-heal|p2a: Zapdos|250\/384|[from] item: Leftovers
|turn|9
|
|switch|p1a: loomer|Latios, M|302\/302
|move|p2a: Zapdos|Thunderbolt|p1a: loomer
|-resisted|p1a: loomer
|-damage|p1a: loomer|223\/302
|-status|p1a: loomer|par
|
|-heal|p2a: Zapdos|274\/384|[from] item: Leftovers
|turn|10
|
|switch|p2a: Chansey|Chansey, F|704\/704
|move|p1a: loomer|Psyshock|p2a: Chansey
|-damage|p2a: Chansey|401\/704
|
|turn|11
|
|switch|p1a: Ferrothorn|Ferrothorn, M|99\/352
|move|p2a: Chansey|Soft-Boiled|p2a: Chansey
|-heal|p2a: Chansey|704\/704
|
|-heal|p1a: Ferrothorn|121\/352|[from] item: Leftovers
|turn|12
|
|switch|p2a: Zapdos|Zapdos|274\/384
|-ability|p2a: Zapdos|Pressure
|move|p1a: Ferrothorn|Leech Seed|p2a: Zapdos
|-start|p2a: Zapdos|move: Leech Seed
|
|-heal|p2a: Zapdos|298\/384|[from] item: Leftovers
|-heal|p1a: Ferrothorn|143\/352|[from] item: Leftovers
|-damage|p2a: Zapdos|250\/384|[from] Leech Seed|[of] p1a: Ferrothorn
|-heal|p1a: Ferrothorn|191\/352|[silent]
|turn|13
|
|move|p1a: Ferrothorn|Protect|p1a: Ferrothorn
|-singleturn|p1a: Ferrothorn|Protect
|move|p2a: Zapdos|Roost|p2a: Zapdos
|-heal|p2a: Zapdos|384\/384
|
|-heal|p1a: Ferrothorn|213\/352|[from] item: Leftovers
|-damage|p2a: Zapdos|336\/384|[from] Leech Seed|[of] p1a: Ferrothorn
|-heal|p1a: Ferrothorn|261\/352|[silent]
|turn|14
|
|switch|p1a: panucci|Heatran, F|386\/386
|-item|p1a: panucci|Air Balloon
|move|p2a: Zapdos|Heat Wave|p1a: panucci
|-start|p1a: panucci|ability: Flash Fire
|
|-heal|p2a: Zapdos|360\/384|[from] item: Leftovers
|-damage|p2a: Zapdos|312\/384|[from] Leech Seed|[of] p1a: panucci
|turn|15
|
|move|p2a: Zapdos|Thunderbolt|p1a: panucci
|-damage|p1a: panucci|221\/386
|-enditem|p1a: panucci|Air Balloon
|move|p1a: panucci|Lava Plume|p2a: Zapdos
|-damage|p2a: Zapdos|69\/384
|-status|p2a: Zapdos|brn
|
|-heal|p2a: Zapdos|93\/384 brn|[from] item: Leftovers
|-damage|p2a: Zapdos|45\/384 brn|[from] Leech Seed|[of] p1a: panucci
|-heal|p1a: panucci|269\/386|[silent]
|-damage|p2a: Zapdos|0 fnt|[from] brn
|faint|p2a: Zapdos
|
|switch|p2a: Blastoise|Blastoise-Mega, M|135\/362
|turn|16
|
|switch|p1a: Ferrothorn|Ferrothorn, M|261\/352
|move|p2a: Blastoise|Aura Sphere|p1a: Ferrothorn
|-supereffective|p1a: Ferrothorn
|-damage|p1a: Ferrothorn|0 fnt
|faint|p1a: Ferrothorn
|
|
|switch|p1a: cosmo|Landorus-Therian, M|320\/320
|-ability|p1a: cosmo|Intimidate|[of] p2a: Blastoise
|-unboost|p2a: Blastoise|atk|1
|turn|17
|
|move|p1a: cosmo|Earthquake|p2a: Blastoise
|-damage|p2a: Blastoise|0 fnt
|faint|p2a: Blastoise
|
|
|switch|p2a: Noivern|Noivern, F|311\/311
|turn|18
|
|switch|p1a: panucci|Heatran, F|269\/386
|switch|p2a: Gliscor|Gliscor, M|354\/354
|
|-status|p2a: Gliscor|tox|[from] item: Toxic Orb
|turn|19
|
|switch|p1a: loomer|Latios, M|223\/302 par
|move|p2a: Gliscor|Earthquake|p1a: loomer
|-immune|p1a: loomer|[msg]
|
|turn|20
|
|switch|p2a: Chansey|Chansey, F|704\/704
|move|p1a: loomer|Ice Beam|p2a: Chansey
|-damage|p2a: Chansey|596\/704
|
|turn|21
|
|switch|p1a: richmond|Pinsir-Mega, F|334\/334
|move|p2a: Chansey|Seismic Toss|p1a: richmond
|-damage|p1a: richmond|234\/334
|
|turn|22
|
|switch|p2a: Gliscor|Gliscor, M|354\/354 tox
|move|p1a: richmond|Frustration|p2a: Gliscor
|-damage|p2a: Gliscor|177\/354 tox
|
|-heal|p2a: Gliscor|221\/354 tox|[from] ability: Poison Heal
|turn|23
|
|switch|p1a: loomer|Latios, M|223\/302 par
|move|p2a: Gliscor|Toxic|p1a: loomer
|-fail|p1a: loomer
|
|-heal|p2a: Gliscor|265\/354 tox|[from] ability: Poison Heal
|turn|24
|
|move|p2a: Gliscor|Protect|p2a: Gliscor
|-singleturn|p2a: Gliscor|Protect
|move|p1a: loomer|Ice Beam|p2a: Gliscor
|-activate|p2a: Gliscor|Protect
|
|-heal|p2a: Gliscor|309\/354 tox|[from] ability: Poison Heal
|turn|25
|
|switch|p2a: Chansey|Chansey, F|596\/704
|move|p1a: loomer|Ice Beam|p2a: Chansey
|-damage|p2a: Chansey|487\/704
|
|turn|26
|
|switch|p1a: panucci|Heatran, F|269\/386
|move|p2a: Chansey|Seismic Toss|p1a: panucci
|-damage|p1a: panucci|169\/386
|
|turn|27
|
|move|p1a: panucci|Stealth Rock|p2a: Chansey
|-sidestart|p2: KnightSansArmour|move: Stealth Rock
|move|p2a: Chansey|Seismic Toss|p1a: panucci
|-damage|p1a: panucci|69\/386
|
|turn|28
|
|move|p1a: panucci|Lava Plume|p2a: Chansey
|-crit|p2a: Chansey
|-damage|p2a: Chansey|339\/704
|move|p2a: Chansey|Seismic Toss|p1a: panucci
|-damage|p1a: panucci|0 fnt
|faint|p1a: panucci
|
|
|switch|p1a: richmond|Pinsir-Mega, F|234\/334
|turn|29
|
|switch|p2a: Gliscor|Gliscor, M|309\/354 tox
|-damage|p2a: Gliscor|265\/354 tox|[from] Stealth Rock
|move|p1a: richmond|Frustration|p2a: Gliscor
|-damage|p2a: Gliscor|66\/354 tox
|
|-heal|p2a: Gliscor|110\/354 tox|[from] ability: Poison Heal
|turn|30
|
|move|p2a: Gliscor|Protect|p2a: Gliscor
|-singleturn|p2a: Gliscor|Protect
|move|p1a: richmond|Frustration|p2a: Gliscor
|-activate|p2a: Gliscor|Protect
|
|-heal|p2a: Gliscor|154\/354 tox|[from] ability: Poison Heal
|turn|31
|
|switch|p2a: Metagross|Metagross|364\/364
|-damage|p2a: Metagross|342\/364|[from] Stealth Rock
|move|p1a: richmond|Frustration|p2a: Metagross
|-resisted|p2a: Metagross
|-damage|p2a: Metagross|219\/364
|
|turn|32
|
|move|p1a: richmond|Earthquake|p2a: Metagross
|-supereffective|p2a: Metagross
|-damage|p2a: Metagross|0 fnt
|faint|p2a: Metagross
|
|
|switch|p2a: Noivern|Noivern, F|311\/311
|-damage|p2a: Noivern|234\/311|[from] Stealth Rock
|turn|33
|
|switch|p1a: cosmo|Landorus-Therian, M|320\/320
|-ability|p1a: cosmo|Intimidate|[of] p2a: Noivern
|-unboost|p2a: Noivern|atk|1
|move|p2a: Noivern|Draco Meteor|p1a: cosmo
|-damage|p1a: cosmo|4\/320
|-unboost|p2a: Noivern|spa|2
|
|turn|34
|
|move|p1a: cosmo|Stone Edge|p2a: Noivern
|-supereffective|p2a: Noivern
|-damage|p2a: Noivern|0 fnt
|faint|p2a: Noivern
|
|
|switch|p2a: Gliscor|Gliscor, M|154\/354 tox
|-damage|p2a: Gliscor|110\/354 tox|[from] Stealth Rock
|turn|35
|
|move|p2a: Gliscor|Protect|p2a: Gliscor
|-singleturn|p2a: Gliscor|Protect
|move|p1a: cosmo|Stone Edge|p2a: Gliscor
|-activate|p2a: Gliscor|Protect
|
|-heal|p2a: Gliscor|154\/354 tox|[from] ability: Poison Heal
|turn|36
|
|switch|p1a: richmond|Pinsir-Mega, F|234\/334
|move|p2a: Gliscor|Toxic|p1a: richmond
|-status|p1a: richmond|tox
|
|-damage|p1a: richmond|214\/334 tox|[from] psn
|-heal|p2a: Gliscor|198\/354 tox|[from] ability: Poison Heal
|turn|37
|
|switch|p1a: loomer|Latios, M|223\/302 par
|move|p2a: Gliscor|Protect|p2a: Gliscor
|-fail|p2a: Gliscor
|
|-heal|p2a: Gliscor|242\/354 tox|[from] ability: Poison Heal
|turn|38
|
|move|p2a: Gliscor|Protect|p2a: Gliscor
|-singleturn|p2a: Gliscor|Protect
|move|p1a: loomer|Ice Beam|p2a: Gliscor
|-activate|p2a: Gliscor|Protect
|
|-heal|p2a: Gliscor|286\/354 tox|[from] ability: Poison Heal
|turn|39
|
|switch|p2a: Chansey|Chansey, F|339\/704
|-damage|p2a: Chansey|251\/704|[from] Stealth Rock
|switch|p1a: richmond|Pinsir-Mega, F|214\/334 tox
|
|-damage|p1a: richmond|194\/334 tox|[from] psn
|turn|40
|
|move|p1a: richmond|Frustration|p2a: Chansey
|-damage|p2a: Chansey|0 fnt
|faint|p2a: Chansey
|
|-damage|p1a: richmond|154\/334 tox|[from] psn
|chat|KnightSansArmour|gg
|
|switch|p2a: Gliscor|Gliscor, M|286\/354 tox
|-damage|p2a: Gliscor|242\/354 tox|[from] Stealth Rock
|turn|41
|
|move|p2a: Gliscor|Protect|p2a: Gliscor
|-singleturn|p2a: Gliscor|Protect
|move|p1a: richmond|Frustration|p2a: Gliscor
|-activate|p2a: Gliscor|Protect
|
|-damage|p1a: richmond|94\/334 tox|[from] psn
|-heal|p2a: Gliscor|286\/354 tox|[from] ability: Poison Heal
|turn|42
|
|move|p1a: richmond|Frustration|p2a: Gliscor
|-damage|p2a: Gliscor|78\/354 tox
|move|p2a: Gliscor|Substitute|p2a: Gliscor
|-fail|p2a: Gliscor|move: Substitute|[weak]
|
|-damage|p1a: richmond|14\/334 tox|[from] psn
|-heal|p2a: Gliscor|122\/354 tox|[from] ability: Poison Heal
|turn|43
|
|move|p2a: Gliscor|Protect|p2a: Gliscor
|-singleturn|p2a: Gliscor|Protect
|move|p1a: richmond|Frustration|p2a: Gliscor
|-activate|p2a: Gliscor|Protect
|
|-damage|p1a: richmond|0 fnt|[from] psn
|-heal|p2a: Gliscor|166\/354 tox|[from] ability: Poison Heal
|faint|p1a: richmond
|
|switch|p1a: loomer|Latios, M|223\/302 par
|turn|44
|
|move|p2a: Gliscor|Substitute|p2a: Gliscor
|-start|p2a: Gliscor|Substitute
|-damage|p2a: Gliscor|78\/354 tox
|move|p1a: loomer|Ice Beam|p2a: Gliscor
|-supereffective|p2a: Gliscor
|-end|p2a: Gliscor|Substitute
|
|-heal|p2a: Gliscor|122\/354 tox|[from] ability: Poison Heal
|turn|45
|
|move|p2a: Gliscor|Protect|p2a: Gliscor
|-singleturn|p2a: Gliscor|Protect
|move|p1a: loomer|Ice Beam|p2a: Gliscor
|-activate|p2a: Gliscor|Protect
|
|-heal|p2a: Gliscor|166\/354 tox|[from] ability: Poison Heal
|turn|46
|
|move|p2a: Gliscor|Substitute|p2a: Gliscor
|-start|p2a: Gliscor|Substitute
|-damage|p2a: Gliscor|78\/354 tox
|cant|p1a: loomer|par
|
|-heal|p2a: Gliscor|122\/354 tox|[from] ability: Poison Heal
|turn|47
|chat|kflmkzza|could u not
|
|move|p2a: Gliscor|Protect|p2a: Gliscor
|-singleturn|p2a: Gliscor|Protect
|move|p1a: loomer|Ice Beam|p2a: Gliscor
|-activate|p2a: Gliscor|Protect
|
|-heal|p2a: Gliscor|166\/354 tox|[from] ability: Poison Heal
|turn|48
|
|move|p2a: Gliscor|Earthquake|p1a: loomer
|-immune|p1a: loomer|[msg]
|move|p1a: loomer|Ice Beam|p2a: Gliscor
|-supereffective|p2a: Gliscor
|-end|p2a: Gliscor|Substitute
|
|-heal|p2a: Gliscor|210\/354 tox|[from] ability: Poison Heal
|turn|49
|
|move|p2a: Gliscor|Substitute|p2a: Gliscor
|-start|p2a: Gliscor|Substitute
|-damage|p2a: Gliscor|122\/354 tox
|move|p1a: loomer|Ice Beam|p2a: Gliscor
|-supereffective|p2a: Gliscor
|-end|p2a: Gliscor|Substitute
|
|-heal|p2a: Gliscor|166\/354 tox|[from] ability: Poison Heal
|turn|50
|
|move|p2a: Gliscor|Protect|p2a: Gliscor
|-singleturn|p2a: Gliscor|Protect
|cant|p1a: loomer|par
|
|-heal|p2a: Gliscor|210\/354 tox|[from] ability: Poison Heal
|turn|51
|c|âKnightSansArmour|!data ice beam
|c|~|\/data-move Ice Beam

|
|move|p2a: Gliscor|Substitute|p2a: Gliscor
|-start|p2a: Gliscor|Substitute
|-damage|p2a: Gliscor|122\/354 tox
|move|p1a: loomer|Ice Beam|p2a: Gliscor
|-supereffective|p2a: Gliscor
|-end|p2a: Gliscor|Substitute
|
|-heal|p2a: Gliscor|166\/354 tox|[from] ability: Poison Heal
|turn|52
|
|switch|p1a: cosmo|Landorus-Therian, M|4\/320
|-ability|p1a: cosmo|Intimidate|[of] p2a: Gliscor
|-unboost|p2a: Gliscor|atk|1
|move|p2a: Gliscor|Protect|p2a: Gliscor
|-fail|p2a: Gliscor
|
|-heal|p2a: Gliscor|210\/354 tox|[from] ability: Poison Heal
|turn|53
|
|move|p2a: Gliscor|Protect|p2a: Gliscor
|-singleturn|p2a: Gliscor|Protect
|move|p1a: cosmo|Knock Off|p2a: Gliscor
|-activate|p2a: Gliscor|Protect
|
|-heal|p2a: Gliscor|254\/354 tox|[from] ability: Poison Heal
|turn|54
|
|move|p1a: cosmo|Knock Off|p2a: Gliscor
|-damage|p2a: Gliscor|171\/354 tox
|-enditem|p2a: Gliscor|Toxic Orb|[from] move: Knock Off|[of] p1a: cosmo
|move|p2a: Gliscor|Toxic|p1a: cosmo|[miss]
|-miss|p2a: Gliscor|p1a: cosmo
|
|-heal|p2a: Gliscor|215\/354 tox|[from] ability: Poison Heal
|turn|55
|
|switch|p1a: loomer|Latios, M|223\/302 par
|move|p2a: Gliscor|Toxic|p1a: loomer
|-fail|p1a: loomer
|
|-heal|p2a: Gliscor|259\/354 tox|[from] ability: Poison Heal
|turn|56
|
|move|p2a: Gliscor|Substitute|p2a: Gliscor
|-start|p2a: Gliscor|Substitute
|-damage|p2a: Gliscor|171\/354 tox
|move|p1a: loomer|Thunderbolt|p2a: Gliscor
|-immune|p2a: Gliscor|[msg]
|
|-heal|p2a: Gliscor|215\/354 tox|[from] ability: Poison Heal
|turn|57
|chat|kflmkzza|man i've got 100ish pp between this 2
|chat|kflmkzza|r u really gonna make use it all
|
|move|p2a: Gliscor|Earthquake|p1a: loomer
|-immune|p1a: loomer|[msg]
|move|p1a: loomer|Thunderbolt|p2a: Gliscor
|-immune|p2a: Gliscor|[msg]
|
|-heal|p2a: Gliscor|259\/354 tox|[from] ability: Poison Heal
|turn|58
|
|move|p2a: Gliscor|Earthquake|p1a: loomer
|-immune|p1a: loomer|[msg]
|move|p1a: loomer|Thunderbolt|p2a: Gliscor
|-immune|p2a: Gliscor|[msg]
|
|-heal|p2a: Gliscor|303\/354 tox|[from] ability: Poison Heal
|turn|59
|
|move|p2a: Gliscor|Earthquake|p1a: loomer
|-immune|p1a: loomer|[msg]
|move|p1a: loomer|Thunderbolt|p2a: Gliscor
|-immune|p2a: Gliscor|[msg]
|
|-heal|p2a: Gliscor|347\/354 tox|[from] ability: Poison Heal
|turn|60
|chat|KnightSansArmour|what item does Latios have?
|
|move|p2a: Gliscor|Earthquake|p1a: loomer
|-immune|p1a: loomer|[msg]
|cant|p1a: loomer|par
|
|-heal|p2a: Gliscor|354\/354 tox|[from] ability: Poison Heal
|turn|61
|chat|kflmkzza|specs
|
|move|p2a: Gliscor|Earthquake|p1a: loomer
|-immune|p1a: loomer|[msg]
|move|p1a: loomer|Thunderbolt|p2a: Gliscor
|-immune|p2a: Gliscor|[msg]
|
|turn|62
|chat|KnightSansArmour|then yeah, I'm gonna make you use it all
|
|move|p2a: Gliscor|Earthquake|p1a: loomer
|-immune|p1a: loomer|[msg]
|move|p1a: loomer|Thunderbolt|p2a: Gliscor
|-immune|p2a: Gliscor|[msg]
|
|turn|63
|chat|kflmkzza|man
|chat|kflmkzza|u r are a true virgin
|
|move|p2a: Gliscor|Earthquake|p1a: loomer
|-immune|p1a: loomer|[msg]
|move|p1a: loomer|Thunderbolt|p2a: Gliscor
|-immune|p2a: Gliscor|[msg]
|
|turn|64
|
|move|p2a: Gliscor|Earthquake|p1a: loomer
|-immune|p1a: loomer|[msg]
|move|p1a: loomer|Thunderbolt|p2a: Gliscor
|-immune|p2a: Gliscor|[msg]
|
|turn|65
|chat|kflmkzza|does eq start with 32 pp
|
|move|p2a: Gliscor|Earthquake|p1a: loomer
|-immune|p1a: loomer|[msg]
|move|p1a: loomer|Thunderbolt|p2a: Gliscor
|-immune|p2a: Gliscor|[msg]
|
|turn|66
|
|move|p2a: Gliscor|Earthquake|p1a: loomer
|-immune|p1a: loomer|[msg]
|move|p1a: loomer|Thunderbolt|p2a: Gliscor
|-immune|p2a: Gliscor|[msg]
|
|turn|67
|c|âkflmkzza|!data earthquake
|c|~|\/data-move Earthquake

|chat|kflmkzza|ok 16
|
|move|p2a: Gliscor|Earthquake|p1a: loomer
|-immune|p1a: loomer|[msg]
|move|p1a: loomer|Thunderbolt|p2a: Gliscor
|-immune|p2a: Gliscor|[msg]
|
|turn|68
|
|move|p2a: Gliscor|Earthquake|p1a: loomer
|-immune|p1a: loomer|[msg]
|move|p1a: loomer|Thunderbolt|p2a: Gliscor
|-immune|p2a: Gliscor|[msg]
|
|turn|69
|
|move|p2a: Gliscor|Earthquake|p1a: loomer
|-immune|p1a: loomer|[msg]
|move|p1a: loomer|Thunderbolt|p2a: Gliscor
|-immune|p2a: Gliscor|[msg]
|
|turn|70
|c|âkflmkzza|!data toxic
|c|~|\/data-move Toxic

|c|âkflmkzza|!data protect
|c|~|\/data-move Protect

|c|âkflmkzza|!data substitute
|c|~|\/data-move Substitute

|chat|kflmkzza|man
|
|move|p2a: Gliscor|Earthquake|p1a: loomer
|-immune|p1a: loomer|[msg]
|move|p1a: loomer|Thunderbolt|p2a: Gliscor
|-immune|p2a: Gliscor|[msg]
|
|turn|71
|chat|kflmkzza|ur rly gonna do this
|
|move|p2a: Gliscor|Substitute|p2a: Gliscor
|-fail|p2a: Gliscor|move: Substitute
|cant|p1a: loomer|par
|
|turn|72
|
|switch|p1a: cosmo|Landorus-Therian, M|4\/320
|-activate|p2a: Gliscor|Substitute|ability: Intimidate|[of] p1a: cosmo
|move|p2a: Gliscor|Toxic|p1a: cosmo
|-status|p1a: cosmo|tox
|
|-damage|p1a: cosmo|0 fnt|[from] psn
|faint|p1a: cosmo
|chat|KnightSansArmour|yeah
|chat|kflmkzza|and ur gonna win
|chat|KnightSansArmour|gg sir
|chat|kflmkzza|uNbELiEvEaBle
|chat|kflmkzza|fkn shitter
|-message|kflmkzza forfeited.
|
|win|KnightSansArmour
|raw|Ladder updating...
|leave|kflmkzza
|player|p1
|raw|kflmkzza's rating: 1677 &rarr; <strong>1651<\/strong><br \/>(-26 for losing)
|raw|KnightSansArmour's rating: 1576 &rarr; <strong>1602<\/strong><br \/>(+26 for winning)