|join|KnightSansArmour
|join|GoodVibes808
|player|p1|KnightSansArmour|170
|player|p2|GoodVibes808|16
|gametype|singles
|gen|6
|tier|OU
|rated
|clearpoke
|poke|p1|Gliscor, M
|poke|p1|Chansey, F
|poke|p1|Noivern, M
|poke|p1|Blastoise, M
|poke|p1|Heatran, M
|poke|p1|Zapdos
|poke|p2|Quagsire, M
|poke|p2|Sylveon, F
|poke|p2|Latios, M, shiny
|poke|p2|Pinsir, M
|poke|p2|Aegislash, M, shiny
|poke|p2|Landorus-Therian, M
|rule|Sleep Clause Mod: Limit one foe put to sleep
|rule|Species Clause: Limit one of each Pokemon
|rule|OHKO Clause: OHKO moves are banned
|rule|Moody Clause: Moody is banned
|rule|Evasion Moves Clause: Evasion moves are banned
|rule|Endless Battle Clause: Forcing endless battles is banned.
|rule|HP Percentage Mod: HP is reported as percentages
|teampreview
|
|start
|switch|p1a: Heatran|Heatran, M|386\/386
|switch|p2a: Tsuchikage|Landorus-Therian, M|381\/381
|-ability|p2a: Tsuchikage|Intimidate|[of] p1a: Heatran
|-unboost|p1a: Heatran|atk|1
|turn|1
|
|switch|p1a: Blastoise|Blastoise, M|362\/362
|move|p2a: Tsuchikage|Stealth Rock|p1a: Blastoise
|-sidestart|p1: KnightSansArmour|move: Stealth Rock
|
|turn|2
|
|switch|p2a: Eon|Latios, M, shiny|302\/302
|-formechange|p1a: Blastoise|Blastoise-Mega
|message|Blastoise has Mega Evolved into Mega Blastoise!
|move|p1a: Blastoise|Rapid Spin|p2a: Eon
|-damage|p2a: Eon|284\/302
|-sideend|p1: KnightSansArmour|Stealth Rock|[from] move: Rapid Spin|[of] p1a: Blastoise
|
|turn|3
|
|switch|p1a: Chansey|Chansey, F|704\/704
|move|p2a: Eon|Psyshock|p1a: Chansey
|-damage|p1a: Chansey|451\/704
|-damage|p2a: Eon|254\/302|[from] item: Life Orb
|
|turn|4
|
|move|p2a: Eon|Psyshock|p1a: Chansey
|-damage|p1a: Chansey|217\/704
|-damage|p2a: Eon|224\/302|[from] item: Life Orb
|move|p1a: Chansey|Soft-Boiled|p1a: Chansey
|-heal|p1a: Chansey|569\/704
|
|turn|5
|
|move|p2a: Eon|Psyshock|p1a: Chansey
|-damage|p1a: Chansey|314\/704
|-damage|p2a: Eon|194\/302|[from] item: Life Orb
|move|p1a: Chansey|Toxic|p2a: Eon|[miss]
|-miss|p1a: Chansey|p2a: Eon
|
|turn|6
|
|move|p2a: Eon|Psyshock|p1a: Chansey
|-damage|p1a: Chansey|75\/704
|-damage|p2a: Eon|164\/302|[from] item: Life Orb
|move|p1a: Chansey|Soft-Boiled|p1a: Chansey
|-heal|p1a: Chansey|427\/704
|
|turn|7
|
|switch|p2a: Atlas|Pinsir, M|272\/272
|move|p1a: Chansey|Soft-Boiled|p1a: Chansey
|-heal|p1a: Chansey|704\/704
|
|turn|8
|
|move|p2a: Atlas|Swords Dance|p2a: Atlas
|-boost|p2a: Atlas|atk|2
|move|p1a: Chansey|Toxic|p2a: Atlas
|-status|p2a: Atlas|tox
|
|-damage|p2a: Atlas|255\/272 tox|[from] psn
|turn|9
|
|switch|p1a: Heatran|Heatran, M|386\/386
|move|p2a: Atlas|Swords Dance|p2a: Atlas
|-boost|p2a: Atlas|atk|2
|
|-damage|p2a: Atlas|221\/272 tox|[from] psn
|turn|10
|
|move|p2a: Atlas|Earthquake|p1a: Heatran
|-supereffective|p1a: Heatran
|-damage|p1a: Heatran|0 fnt
|faint|p1a: Heatran
|-boost|p2a: Atlas|atk|1|[from] ability: Moxie
|
|-damage|p2a: Atlas|170\/272 tox|[from] psn
|
|switch|p1a: Gliscor|Gliscor, M|354\/354
|turn|11
|
|-formechange|p2a: Atlas|Pinsir-Mega
|message|Pinsir has Mega Evolved into Mega Pinsir!
|move|p1a: Gliscor|Protect|p1a: Gliscor
|-singleturn|p1a: Gliscor|Protect
|move|p2a: Atlas|Return|p1a: Gliscor
|-activate|p1a: Gliscor|Protect
|
|-damage|p2a: Atlas|102\/272 tox|[from] psn
|-status|p1a: Gliscor|tox|[from] item: Toxic Orb
|turn|12
|
|switch|p1a: Zapdos|Zapdos|384\/384
|-ability|p1a: Zapdos|Pressure
|move|p2a: Atlas|Return|p1a: Zapdos
|-resisted|p1a: Zapdos
|-damage|p1a: Zapdos|0 fnt
|faint|p1a: Zapdos
|
|-damage|p2a: Atlas|17\/272 tox|[from] psn
|
|switch|p1a: Gliscor|Gliscor, M|354\/354 tox
|turn|13
|
|switch|p2a: Titania|Sylveon, F|394\/394
|move|p1a: Gliscor|Protect|p1a: Gliscor
|-fail|p1a: Gliscor
|
|turn|14
|
|switch|p1a: Chansey|Chansey, F|704\/704
|move|p2a: Titania|Heal Bell|p2a: Titania
|-cureteam|p2a: Titania|[from] move: HealBell
|
|turn|15
|
|move|p2a: Titania|Wish|p2a: Titania
|move|p1a: Chansey|Toxic|p2a: Titania
|-status|p2a: Titania|tox
|
|-damage|p2a: Titania|370\/394 tox|[from] psn
|turn|16
|
|move|p2a: Titania|Hyper Voice|p1a: Chansey
|-damage|p1a: Chansey|601\/704
|move|p1a: Chansey|Seismic Toss|p2a: Titania
|-damage|p2a: Titania|270\/394 tox
|
|-heal|p2a: Titania|394\/394 tox|[from] move: Wish|[wisher] Titania
|-damage|p2a: Titania|346\/394 tox|[from] psn
|turn|17
|
|move|p2a: Titania|Heal Bell|p2a: Titania
|-cureteam|p2a: Titania|[from] move: HealBell
|move|p1a: Chansey|Seismic Toss|p2a: Titania
|-damage|p2a: Titania|246\/394
|
|-heal|p2a: Titania|270\/394|[from] item: Leftovers
|turn|18
|
|move|p2a: Titania|Wish|p2a: Titania
|move|p1a: Chansey|Toxic|p2a: Titania
|-status|p2a: Titania|tox
|
|-heal|p2a: Titania|294\/394 tox|[from] item: Leftovers
|-damage|p2a: Titania|270\/394 tox|[from] psn
|turn|19
|
|move|p2a: Titania|Heal Bell|p2a: Titania
|-cureteam|p2a: Titania|[from] move: HealBell
|move|p1a: Chansey|Seismic Toss|p2a: Titania
|-damage|p2a: Titania|170\/394
|
|-heal|p2a: Titania|367\/394|[from] move: Wish|[wisher] Titania
|-heal|p2a: Titania|391\/394|[from] item: Leftovers
|turn|20
|
|move|p2a: Titania|Hyper Voice|p1a: Chansey
|-damage|p1a: Chansey|505\/704
|move|p1a: Chansey|Toxic|p2a: Titania
|-status|p2a: Titania|tox
|
|-heal|p2a: Titania|394\/394 tox|[from] item: Leftovers
|-damage|p2a: Titania|370\/394 tox|[from] psn
|turn|21
|
|move|p2a: Titania|Wish|p2a: Titania
|move|p1a: Chansey|Seismic Toss|p2a: Titania
|-damage|p2a: Titania|270\/394 tox
|
|-heal|p2a: Titania|294\/394 tox|[from] item: Leftovers
|-damage|p2a: Titania|246\/394 tox|[from] psn
|turn|22
|
|move|p2a: Titania|Heal Bell|p2a: Titania
|-cureteam|p2a: Titania|[from] move: HealBell
|move|p1a: Chansey|Seismic Toss|p2a: Titania
|-damage|p2a: Titania|146\/394
|
|-heal|p2a: Titania|343\/394|[from] move: Wish|[wisher] Titania
|-heal|p2a: Titania|367\/394|[from] item: Leftovers
|turn|23
|
|move|p2a: Titania|Hyper Voice|p1a: Chansey
|-damage|p1a: Chansey|414\/704
|move|p1a: Chansey|Toxic|p2a: Titania
|-status|p2a: Titania|tox
|
|-heal|p2a: Titania|391\/394 tox|[from] item: Leftovers
|-damage|p2a: Titania|367\/394 tox|[from] psn
|turn|24
|
|move|p2a: Titania|Heal Bell|p2a: Titania
|-cureteam|p2a: Titania|[from] move: HealBell
|move|p1a: Chansey|Soft-Boiled|p1a: Chansey
|-heal|p1a: Chansey|704\/704
|
|-heal|p2a: Titania|391\/394|[from] item: Leftovers
|turn|25
|
|switch|p2a: Excalibur|Aegislash, M, shiny|324\/324
|move|p1a: Chansey|Toxic|p2a: Excalibur
|-fail|p2a: Excalibur
|
|turn|26
|
|switch|p1a: Gliscor|Gliscor, M|354\/354 tox
|-formechange|p2a: Excalibur|Aegislash-Blade
|move|p2a: Excalibur|Flash Cannon|p1a: Gliscor
|-damage|p1a: Gliscor|170\/354 tox
|
|-heal|p1a: Gliscor|214\/354 tox|[from] ability: Poison Heal
|turn|27
|
|-formechange|p2a: Excalibur|Aegislash
|move|p2a: Excalibur|King's Shield|p2a: Excalibur
|-singleturn|p2a: Excalibur|Protect
|move|p1a: Gliscor|Earthquake|p2a: Excalibur
|-activate|p2a: Excalibur|Protect
|
|-heal|p1a: Gliscor|258\/354 tox|[from] ability: Poison Heal
|turn|28
|
|move|p1a: Gliscor|Earthquake|p2a: Excalibur
|-supereffective|p2a: Excalibur
|-damage|p2a: Excalibur|172\/324
|-formechange|p2a: Excalibur|Aegislash-Blade
|move|p2a: Excalibur|Flash Cannon|p1a: Gliscor
|-damage|p1a: Gliscor|78\/354 tox
|
|-heal|p2a: Excalibur|192\/324|[from] item: Leftovers
|-heal|p1a: Gliscor|122\/354 tox|[from] ability: Poison Heal
|turn|29
|
|switch|p1a: Chansey|Chansey, F|704\/704
|-formechange|p2a: Excalibur|Aegislash
|move|p2a: Excalibur|King's Shield|p2a: Excalibur
|-fail|p2a: Excalibur
|
|-heal|p2a: Excalibur|212\/324|[from] item: Leftovers
|turn|30
|
|switch|p1a: Blastoise|Blastoise, M|362\/362
|-formechange|p1a: Blastoise|Blastoise-Mega
|-formechange|p2a: Excalibur|Aegislash-Blade
|move|p2a: Excalibur|Flash Cannon|p1a: Blastoise
|-resisted|p1a: Blastoise
|-damage|p1a: Blastoise|308\/362
|-unboost|p1a: Blastoise|spd|1
|
|-heal|p2a: Excalibur|232\/324|[from] item: Leftovers
|turn|31
|
|-formechange|p2a: Excalibur|Aegislash
|move|p2a: Excalibur|King's Shield|p2a: Excalibur
|-singleturn|p2a: Excalibur|Protect
|move|p1a: Blastoise|Dark Pulse|p2a: Excalibur
|-activate|p2a: Excalibur|Protect
|
|-heal|p2a: Excalibur|252\/324|[from] item: Leftovers
|turn|32
|
|move|p1a: Blastoise|Water Pulse|p2a: Excalibur
|-crit|p2a: Excalibur
|-damage|p2a: Excalibur|93\/324
|-formechange|p2a: Excalibur|Aegislash-Blade
|move|p2a: Excalibur|Shadow Ball|p1a: Blastoise
|-damage|p1a: Blastoise|122\/362
|
|-heal|p2a: Excalibur|113\/324|[from] item: Leftovers
|turn|33
|
|-formechange|p2a: Excalibur|Aegislash
|move|p2a: Excalibur|King's Shield|p2a: Excalibur
|-singleturn|p2a: Excalibur|Protect
|move|p1a: Blastoise|Dark Pulse|p2a: Excalibur
|-activate|p2a: Excalibur|Protect
|
|-heal|p2a: Excalibur|133\/324|[from] item: Leftovers
|turn|34
|
|switch|p2a: Titania|Sylveon, F|391\/394
|move|p1a: Blastoise|Dark Pulse|p2a: Titania
|-resisted|p2a: Titania
|-damage|p2a: Titania|323\/394
|
|-heal|p2a: Titania|347\/394|[from] item: Leftovers
|turn|35
|
|switch|p1a: Chansey|Chansey, F|704\/704
|move|p2a: Titania|Hyper Voice|p1a: Chansey
|-damage|p1a: Chansey|614\/704
|
|-heal|p2a: Titania|371\/394|[from] item: Leftovers
|turn|36
|
|switch|p2a: Excalibur|Aegislash, M, shiny|133\/324
|move|p1a: Chansey|Toxic|p2a: Excalibur
|-fail|p2a: Excalibur
|
|-heal|p2a: Excalibur|153\/324|[from] item: Leftovers
|turn|37
|
|switch|p1a: Noivern|Noivern, M|311\/311
|-formechange|p2a: Excalibur|Aegislash-Blade
|move|p2a: Excalibur|Shadow Ball|p1a: Noivern
|-damage|p1a: Noivern|148\/311
|-unboost|p1a: Noivern|spd|1
|
|-heal|p2a: Excalibur|173\/324|[from] item: Leftovers
|turn|38
|
|-formechange|p2a: Excalibur|Aegislash
|move|p2a: Excalibur|King's Shield|p2a: Excalibur
|-singleturn|p2a: Excalibur|Protect
|move|p1a: Noivern|Flamethrower|p2a: Excalibur
|-activate|p2a: Excalibur|Protect
|
|-heal|p2a: Excalibur|193\/324|[from] item: Leftovers
|turn|39
|
|switch|p2a: Titania|Sylveon, F|371\/394
|move|p1a: Noivern|Flamethrower|p2a: Titania
|-damage|p2a: Titania|268\/394
|
|-heal|p2a: Titania|292\/394|[from] item: Leftovers
|turn|40
|
|switch|p1a: Chansey|Chansey, F|614\/704
|move|p2a: Titania|Hyper Voice|p1a: Chansey
|-damage|p1a: Chansey|512\/704
|
|-heal|p2a: Titania|316\/394|[from] item: Leftovers
|turn|41
|
|switch|p2a: Excalibur|Aegislash, M, shiny|193\/324
|move|p1a: Chansey|Toxic|p2a: Excalibur
|-fail|p2a: Excalibur
|
|-heal|p2a: Excalibur|213\/324|[from] item: Leftovers
|turn|42
|
|switch|p1a: Blastoise|Blastoise, M|122\/362
|-formechange|p1a: Blastoise|Blastoise-Mega
|-formechange|p2a: Excalibur|Aegislash-Blade
|move|p2a: Excalibur|Flash Cannon|p1a: Blastoise
|-resisted|p1a: Blastoise
|-damage|p1a: Blastoise|66\/362
|
|-heal|p2a: Excalibur|233\/324|[from] item: Leftovers
|turn|43
|
|-formechange|p2a: Excalibur|Aegislash
|move|p2a: Excalibur|King's Shield|p2a: Excalibur
|-singleturn|p2a: Excalibur|Protect
|move|p1a: Blastoise|Dark Pulse|p2a: Excalibur
|-activate|p2a: Excalibur|Protect
|
|-heal|p2a: Excalibur|253\/324|[from] item: Leftovers
|turn|44
|
|move|p1a: Blastoise|Dark Pulse|p2a: Excalibur
|-supereffective|p2a: Excalibur
|-damage|p2a: Excalibur|91\/324
|-formechange|p2a: Excalibur|Aegislash-Blade
|move|p2a: Excalibur|Sacred Sword|p1a: Blastoise
|-damage|p1a: Blastoise|0 fnt
|faint|p1a: Blastoise
|
|-heal|p2a: Excalibur|111\/324|[from] item: Leftovers
|
|switch|p1a: Gliscor|Gliscor, M|122\/354 tox
|turn|45
|
|move|p1a: Gliscor|Protect|p1a: Gliscor
|-singleturn|p1a: Gliscor|Protect
|-formechange|p2a: Excalibur|Aegislash
|move|p2a: Excalibur|King's Shield|p2a: Excalibur
|-fail|p2a: Excalibur
|
|-heal|p2a: Excalibur|131\/324|[from] item: Leftovers
|-heal|p1a: Gliscor|166\/354 tox|[from] ability: Poison Heal
|turn|46
|
|switch|p2a: Quagmire|Quagsire, M|393\/393
|move|p1a: Gliscor|Earthquake|p2a: Quagmire
|-damage|p2a: Quagmire|300\/393
|
|-heal|p2a: Quagmire|324\/393|[from] item: Leftovers
|-heal|p1a: Gliscor|210\/354 tox|[from] ability: Poison Heal
|turn|47
|
|move|p1a: Gliscor|Protect|p1a: Gliscor
|-singleturn|p1a: Gliscor|Protect
|move|p2a: Quagmire|Scald|p1a: Gliscor
|-activate|p1a: Gliscor|Protect
|
|-heal|p2a: Quagmire|348\/393|[from] item: Leftovers
|-heal|p1a: Gliscor|254\/354 tox|[from] ability: Poison Heal
|turn|48
|
|switch|p1a: Chansey|Chansey, F|512\/704
|move|p2a: Quagmire|Scald|p1a: Chansey
|-damage|p1a: Chansey|469\/704
|
|-heal|p2a: Quagmire|372\/393|[from] item: Leftovers
|turn|49
|
|switch|p1a: Gliscor|Gliscor, M|254\/354 tox
|move|p2a: Quagmire|Scald|p1a: Gliscor
|-supereffective|p1a: Gliscor
|-damage|p1a: Gliscor|84\/354 tox
|
|-heal|p2a: Quagmire|393\/393|[from] item: Leftovers
|-heal|p1a: Gliscor|128\/354 tox|[from] ability: Poison Heal
|turn|50
|
|switch|p2a: Eon|Latios, M, shiny|164\/302
|move|p1a: Gliscor|Protect|p1a: Gliscor
|-fail|p1a: Gliscor
|
|-heal|p1a: Gliscor|172\/354 tox|[from] ability: Poison Heal
|turn|51
|
|move|p1a: Gliscor|Protect|p1a: Gliscor
|-singleturn|p1a: Gliscor|Protect
|move|p2a: Eon|Psyshock|p1a: Gliscor
|-activate|p1a: Gliscor|Protect
|
|-heal|p1a: Gliscor|216\/354 tox|[from] ability: Poison Heal
|turn|52
|
|switch|p1a: Chansey|Chansey, F|469\/704
|move|p2a: Eon|Surf|p1a: Chansey
|-damage|p1a: Chansey|383\/704
|-damage|p2a: Eon|134\/302|[from] item: Life Orb
|
|turn|53
|
|move|p2a: Eon|Psyshock|p1a: Chansey
|-damage|p1a: Chansey|149\/704
|-damage|p2a: Eon|104\/302|[from] item: Life Orb
|move|p1a: Chansey|Soft-Boiled|p1a: Chansey
|-heal|p1a: Chansey|501\/704
|
|turn|54
|
|switch|p2a: Excalibur|Aegislash, M, shiny|131\/324
|move|p1a: Chansey|Soft-Boiled|p1a: Chansey
|-heal|p1a: Chansey|704\/704
|
|-heal|p2a: Excalibur|151\/324|[from] item: Leftovers
|turn|55
|
|-formechange|p2a: Excalibur|Aegislash-Blade
|move|p2a: Excalibur|Flash Cannon|p1a: Chansey
|-damage|p1a: Chansey|619\/704
|move|p1a: Chansey|Seismic Toss|p2a: Excalibur
|-immune|p2a: Excalibur|[msg]
|
|-heal|p2a: Excalibur|171\/324|[from] item: Leftovers
|turn|56
|
|switch|p1a: Gliscor|Gliscor, M|216\/354 tox
|move|p2a: Excalibur|Flash Cannon|p1a: Gliscor
|-damage|p1a: Gliscor|42\/354 tox
|
|-heal|p2a: Excalibur|191\/324|[from] item: Leftovers
|-heal|p1a: Gliscor|86\/354 tox|[from] ability: Poison Heal
|turn|57
|
|-formechange|p2a: Excalibur|Aegislash
|move|p2a: Excalibur|King's Shield|p2a: Excalibur
|-singleturn|p2a: Excalibur|Protect
|move|p1a: Gliscor|Earthquake|p2a: Excalibur
|-activate|p2a: Excalibur|Protect
|
|-heal|p2a: Excalibur|211\/324|[from] item: Leftovers
|-heal|p1a: Gliscor|130\/354 tox|[from] ability: Poison Heal
|turn|58
|
|move|p1a: Gliscor|Earthquake|p2a: Excalibur
|-supereffective|p2a: Excalibur
|-damage|p2a: Excalibur|65\/324
|-formechange|p2a: Excalibur|Aegislash-Blade
|move|p2a: Excalibur|Flash Cannon|p1a: Gliscor
|-damage|p1a: Gliscor|0 fnt
|faint|p1a: Gliscor
|
|-heal|p2a: Excalibur|85\/324|[from] item: Leftovers
|
|switch|p1a: Noivern|Noivern, M|148\/311
|turn|59
|
|-formechange|p2a: Excalibur|Aegislash
|move|p2a: Excalibur|King's Shield|p2a: Excalibur
|-singleturn|p2a: Excalibur|Protect
|move|p1a: Noivern|Flamethrower|p2a: Excalibur
|-activate|p2a: Excalibur|Protect
|
|-heal|p2a: Excalibur|105\/324|[from] item: Leftovers
|turn|60
|
|switch|p2a: Titania|Sylveon, F|316\/394
|move|p1a: Noivern|Flamethrower|p2a: Titania
|-damage|p2a: Titania|209\/394
|
|-heal|p2a: Titania|233\/394|[from] item: Leftovers
|turn|61
|
|switch|p1a: Chansey|Chansey, F|619\/704
|move|p2a: Titania|Hyper Voice|p1a: Chansey
|-damage|p1a: Chansey|525\/704
|
|-heal|p2a: Titania|257\/394|[from] item: Leftovers
|turn|62
|
|switch|p2a: Tsuchikage|Landorus-Therian, M|381\/381
|-ability|p2a: Tsuchikage|Intimidate|[of] p1a: Chansey
|-unboost|p1a: Chansey|atk|1
|move|p1a: Chansey|Toxic|p2a: Tsuchikage
|-status|p2a: Tsuchikage|tox
|
|-damage|p2a: Tsuchikage|358\/381 tox|[from] psn
|turn|63
|
|switch|p1a: Noivern|Noivern, M|148\/311
|move|p2a: Tsuchikage|Stealth Rock|p1a: Noivern
|-sidestart|p1: KnightSansArmour|move: Stealth Rock
|
|-heal|p2a: Tsuchikage|381\/381 tox|[from] item: Leftovers
|-damage|p2a: Tsuchikage|335\/381 tox|[from] psn
|turn|64
|
|switch|p2a: Titania|Sylveon, F|257\/394
|move|p1a: Noivern|Draco Meteor|p2a: Titania
|-immune|p2a: Titania|[msg]
|
|-heal|p2a: Titania|281\/394|[from] item: Leftovers
|turn|65
|
|switch|p1a: Chansey|Chansey, F|525\/704
|-damage|p1a: Chansey|437\/704|[from] Stealth Rock
|move|p2a: Titania|Wish|p2a: Titania
|
|-heal|p2a: Titania|305\/394|[from] item: Leftovers
|turn|66
|-message|KnightSansArmour forfeited.
|
|win|GoodVibes808
|raw|Ladder updating...
|leave|KnightSansArmour
|player|p1
|raw|KnightSansArmour's rating: 1563 &rarr; <strong>1543<\/strong><br \/>(-20 for losing)
|raw|GoodVibes808's rating: 1565 &rarr; <strong>1584<\/strong><br \/>(+19 for winning)
|chat|GoodVibes808|gg