|join|Soren27
|join|KnightSansArmour
|player|p1|Soren27|2
|player|p2|KnightSansArmour|208
|gametype|singles
|gen|6
|tier|OU
|rated
|clearpoke
|poke|p1|Gliscor, F, shiny
|poke|p1|Latios, M
|poke|p1|Roserade, M, shiny
|poke|p1|Magnezone
|poke|p1|Jellicent, M
|poke|p1|Medicham, F, shiny
|poke|p2|Gliscor, M
|poke|p2|Chansey, F
|poke|p2|Noivern, F
|poke|p2|Blastoise, M
|poke|p2|Zapdos
|poke|p2|Metagross
|rule|Swagger Clause: Swagger is banned
|rule|Baton Pass Clause: Limit one PokÃ©mon knowing Baton Pass
|rule|Sleep Clause Mod: Limit one foe put to sleep
|rule|Species Clause: Limit one of each PokÃ©mon
|rule|OHKO Clause: OHKO moves are banned
|rule|Moody Clause: Moody is banned
|rule|Evasion Moves Clause: Evasion moves are banned
|rule|Endless Battle Clause: Forcing endless battles is banned
|rule|HP Percentage Mod: HP is shown in percentages
|teampreview
|
|start
|switch|p1a: I'M BATMAN|Roserade, M, shiny|324\/324
|switch|p2a: Noivern|Noivern, F|311\/311
|turn|1
|
|move|p2a: Noivern|Hurricane|p1a: I'M BATMAN
|-supereffective|p1a: I'M BATMAN
|-damage|p1a: I'M BATMAN|0 fnt
|faint|p1a: I'M BATMAN
|
|
|switch|p1a: One-Eye Joe|Magnezone|324\/324
|turn|2
|
|switch|p2a: Chansey|Chansey, F|704\/704
|move|p1a: One-Eye Joe|Hidden Power|p2a: Chansey
|-damage|p2a: Chansey|610\/704
|
|turn|3
|
|switch|p1a: Squishy|Jellicent, M|404\/404
|move|p2a: Chansey|Seismic Toss|p1a: Squishy
|-immune|p1a: Squishy|[msg]
|
|turn|4
|
|move|p1a: Squishy|Taunt|p2a: Chansey
|-start|p2a: Chansey|move: Taunt
|cant|p2a: Chansey|move: Taunt|Toxic
|
|turn|5
|
|switch|p2a: Blastoise|Blastoise, M|362\/362
|move|p1a: Squishy|Will-O-Wisp|p2a: Blastoise
|-status|p2a: Blastoise|brn
|
|-damage|p2a: Blastoise|317\/362 brn|[from] brn
|turn|6
|
|detailschange|p2a: Blastoise|Blastoise-Mega, M
|message|Blastoise has Mega Evolved into Mega Blastoise!
|move|p2a: Blastoise|Dark Pulse|p1a: Squishy
|-supereffective|p1a: Squishy
|-damage|p1a: Squishy|108\/404
|cant|p1a: Squishy|flinch
|
|-heal|p1a: Squishy|133\/404|[from] item: Leftovers
|-damage|p2a: Blastoise|272\/362 brn|[from] brn
|turn|7
|
|switch|p1a: One-Eye Joe|Magnezone|324\/324
|move|p2a: Blastoise|Dark Pulse|p1a: One-Eye Joe
|-crit|p1a: One-Eye Joe
|-damage|p1a: One-Eye Joe|41\/324
|
|-damage|p2a: Blastoise|227\/362 brn|[from] brn
|turn|8
|
|switch|p2a: Chansey|Chansey, F|610\/704
|move|p1a: One-Eye Joe|Volt Switch|p2a: Chansey
|-damage|p2a: Chansey|424\/704
|
|switch|p1a: Squishy|Jellicent, M|133\/404
|
|-heal|p1a: Squishy|158\/404|[from] item: Leftovers
|turn|9
|
|move|p1a: Squishy|Taunt|p2a: Chansey
|-start|p2a: Chansey|move: Taunt
|cant|p2a: Chansey|move: Taunt|Toxic
|
|-heal|p1a: Squishy|183\/404|[from] item: Leftovers
|turn|10
|
|switch|p2a: Zapdos|Zapdos|384\/384
|-ability|p2a: Zapdos|Pressure
|move|p1a: Squishy|Recover|p1a: Squishy
|-heal|p1a: Squishy|385\/404
|
|-heal|p1a: Squishy|404\/404|[from] item: Leftovers
|turn|11
|
|switch|p1a: xSPECSe|Latios, M|299\/299
|move|p2a: Zapdos|Thunderbolt|p1a: xSPECSe
|-resisted|p1a: xSPECSe
|-damage|p1a: xSPECSe|217\/299
|-status|p1a: xSPECSe|par
|
|turn|12
|
|switch|p2a: Chansey|Chansey, F|424\/704
|cant|p1a: xSPECSe|par
|
|turn|13
|
|switch|p1a: The Count|Gliscor, F, shiny|354\/354
|move|p2a: Chansey|Soft-Boiled|p2a: Chansey
|-heal|p2a: Chansey|704\/704
|
|-status|p1a: The Count|tox|[from] item: Toxic Orb
|turn|14
|
|move|p1a: The Count|Stealth Rock|p2a: Chansey
|-sidestart|p2: KnightSansArmour|move: Stealth Rock
|move|p2a: Chansey|Aromatherapy|p2a: Chansey
|-cureteam|p2a: Chansey|[from] move: Aromatherapy
|
|turn|15
|
|switch|p2a: Blastoise|Blastoise-Mega, M|227\/362
|-damage|p2a: Blastoise|182\/362|[from] Stealth Rock
|move|p1a: The Count|Toxic|p2a: Blastoise|[miss]
|-miss|p1a: The Count|p2a: Blastoise
|
|turn|16
|
|switch|p1a: Squishy|Jellicent, M|404\/404
|move|p2a: Blastoise|Dark Pulse|p1a: Squishy
|-supereffective|p1a: Squishy
|-damage|p1a: Squishy|78\/404
|
|-heal|p1a: Squishy|103\/404|[from] item: Leftovers
|turn|17
|
|move|p2a: Blastoise|Dark Pulse|p1a: Squishy
|-crit|p1a: Squishy
|-supereffective|p1a: Squishy
|-damage|p1a: Squishy|0 fnt
|faint|p1a: Squishy
|
|
|switch|p1a: Duck Face|Medicham, F, shiny|261\/261
|turn|18
|
|detailschange|p1a: Duck Face|Medicham-Mega, F, shiny
|message|Medicham has Mega Evolved into Mega Medicham!
|move|p1a: Duck Face|High Jump Kick|p2a: Blastoise
|-damage|p2a: Blastoise|0 fnt
|faint|p2a: Blastoise
|
|
|switch|p2a: Noivern|Noivern, F|311\/311
|-damage|p2a: Noivern|234\/311|[from] Stealth Rock
|turn|19
|
|switch|p1a: One-Eye Joe|Magnezone|41\/324
|move|p2a: Noivern|Hurricane|p1a: One-Eye Joe
|-resisted|p1a: One-Eye Joe
|-damage|p1a: One-Eye Joe|0 fnt
|faint|p1a: One-Eye Joe
|
|
|switch|p1a: xSPECSe|Latios, M|217\/299 par
|turn|20
|
|switch|p2a: Chansey|Chansey, F|704\/704
|-damage|p2a: Chansey|616\/704|[from] Stealth Rock
|move|p1a: xSPECSe|Draco Meteor|p2a: Chansey
|-damage|p2a: Chansey|412\/704
|-unboost|p1a: xSPECSe|spa|2
|-damage|p1a: xSPECSe|188\/299 par|[from] item: Life Orb
|
|turn|21
|
|switch|p2a: Noivern|Noivern, F|234\/311
|-damage|p2a: Noivern|157\/311|[from] Stealth Rock
|switch|p1a: Duck Face|Medicham-Mega, F, shiny|261\/261
|
|turn|22
|
|move|p1a: Duck Face|Fake Out|p2a: Noivern
|-damage|p2a: Noivern|58\/311
|cant|p2a: Noivern|flinch
|
|turn|23
|
|move|p1a: Duck Face|Bullet Punch|p2a: Noivern
|-damage|p2a: Noivern|0 fnt
|faint|p2a: Noivern
|
|
|switch|p2a: Metagross|Metagross|364\/364
|-damage|p2a: Metagross|342\/364|[from] Stealth Rock
|turn|24
|
|switch|p1a: The Count|Gliscor, F, shiny|354\/354 tox
|move|p2a: Metagross|Meteor Mash|p1a: The Count
|-damage|p1a: The Count|240\/354 tox
|
|-heal|p1a: The Count|284\/354 tox|[from] ability: Poison Heal
|turn|25
|
|switch|p2a: Gliscor|Gliscor, M|354\/354
|-damage|p2a: Gliscor|310\/354|[from] Stealth Rock
|move|p1a: The Count|Toxic|p2a: Gliscor
|-status|p2a: Gliscor|tox
|
|-heal|p2a: Gliscor|354\/354 tox|[from] ability: Poison Heal
|-heal|p1a: The Count|328\/354 tox|[from] ability: Poison Heal
|turn|26
|
|switch|p1a: xSPECSe|Latios, M|188\/299 par
|move|p2a: Gliscor|Substitute|p2a: Gliscor
|-start|p2a: Gliscor|Substitute
|-damage|p2a: Gliscor|266\/354 tox
|
|-heal|p2a: Gliscor|310\/354 tox|[from] ability: Poison Heal
|turn|27
|
|move|p2a: Gliscor|Protect|p2a: Gliscor
|-singleturn|p2a: Gliscor|Protect
|move|p1a: xSPECSe|Roost|p1a: xSPECSe
|-heal|p1a: xSPECSe|299\/299 par
|
|-heal|p2a: Gliscor|354\/354 tox|[from] ability: Poison Heal
|turn|28
|
|switch|p2a: Chansey|Chansey, F|412\/704
|-damage|p2a: Chansey|324\/704|[from] Stealth Rock
|move|p1a: xSPECSe|Psyshock|p2a: Chansey
|-damage|p2a: Chansey|71\/704
|-damage|p1a: xSPECSe|270\/299 par|[from] item: Life Orb
|
|turn|29
|
|switch|p1a: Duck Face|Medicham-Mega, F, shiny|261\/261
|move|p2a: Chansey|Soft-Boiled|p2a: Chansey
|-heal|p2a: Chansey|423\/704
|
|turn|30
|
|switch|p2a: Zapdos|Zapdos|384\/384
|-damage|p2a: Zapdos|288\/384|[from] Stealth Rock
|-ability|p2a: Zapdos|Pressure
|move|p1a: Duck Face|High Jump Kick|p2a: Zapdos
|-crit|p2a: Zapdos
|-resisted|p2a: Zapdos
|-damage|p2a: Zapdos|0 fnt
|faint|p2a: Zapdos
|
|
|switch|p2a: Gliscor|Gliscor, M|354\/354 tox
|-damage|p2a: Gliscor|310\/354 tox|[from] Stealth Rock
|turn|31
|
|switch|p1a: xSPECSe|Latios, M|270\/299 par
|move|p2a: Gliscor|Toxic|p1a: xSPECSe
|-fail|p1a: xSPECSe
|
|-heal|p2a: Gliscor|354\/354 tox|[from] ability: Poison Heal
|turn|32
|
|switch|p2a: Metagross|Metagross|342\/364
|-damage|p2a: Metagross|320\/364|[from] Stealth Rock
|move|p1a: xSPECSe|Psyshock|p2a: Metagross
|-resisted|p2a: Metagross
|-damage|p2a: Metagross|281\/364
|-damage|p1a: xSPECSe|241\/299 par|[from] item: Life Orb
|
|turn|33
|
|switch|p1a: The Count|Gliscor, F, shiny|328\/354 tox
|move|p2a: Metagross|Meteor Mash|p1a: The Count
|-damage|p1a: The Count|208\/354 tox
|
|-heal|p1a: The Count|252\/354 tox|[from] ability: Poison Heal
|turn|34
|
|switch|p2a: Gliscor|Gliscor, M|354\/354 tox
|-damage|p2a: Gliscor|310\/354 tox|[from] Stealth Rock
|move|p1a: The Count|Earthquake|p2a: Gliscor
|-immune|p2a: Gliscor|[msg]
|
|-heal|p2a: Gliscor|354\/354 tox|[from] ability: Poison Heal
|-heal|p1a: The Count|296\/354 tox|[from] ability: Poison Heal
|turn|35
|
|move|p2a: Gliscor|Substitute|p2a: Gliscor
|-start|p2a: Gliscor|Substitute
|-damage|p2a: Gliscor|266\/354 tox
|move|p1a: The Count|Roost|p1a: The Count
|-heal|p1a: The Count|354\/354 tox
|
|-heal|p2a: Gliscor|310\/354 tox|[from] ability: Poison Heal
|turn|36
|
|switch|p1a: xSPECSe|Latios, M|241\/299 par
|move|p2a: Gliscor|Protect|p2a: Gliscor
|-fail|p2a: Gliscor
|
|-heal|p2a: Gliscor|354\/354 tox|[from] ability: Poison Heal
|turn|37
|
|switch|p2a: Chansey|Chansey, F|423\/704
|-damage|p2a: Chansey|335\/704|[from] Stealth Rock
|move|p1a: xSPECSe|Surf|p2a: Chansey
|-damage|p2a: Chansey|240\/704
|-damage|p1a: xSPECSe|212\/299 par|[from] item: Life Orb
|
|turn|38
|
|move|p2a: Chansey|Soft-Boiled|p2a: Chansey
|-heal|p2a: Chansey|592\/704
|move|p1a: xSPECSe|Psyshock|p2a: Chansey
|-damage|p2a: Chansey|357\/704
|-damage|p1a: xSPECSe|183\/299 par|[from] item: Life Orb
|
|turn|39
|
|move|p2a: Chansey|Soft-Boiled|p2a: Chansey
|-heal|p2a: Chansey|704\/704
|move|p1a: xSPECSe|Roost|p1a: xSPECSe
|-heal|p1a: xSPECSe|299\/299 par
|
|turn|40
|
|switch|p1a: The Count|Gliscor, F, shiny|354\/354 tox
|move|p2a: Chansey|Seismic Toss|p1a: The Count
|-damage|p1a: The Count|254\/354 tox
|
|-heal|p1a: The Count|298\/354 tox|[from] ability: Poison Heal
|turn|41
|
|switch|p2a: Gliscor|Gliscor, M|354\/354 tox
|-damage|p2a: Gliscor|310\/354 tox|[from] Stealth Rock
|move|p1a: The Count|Toxic|p2a: Gliscor
|-fail|p2a: Gliscor|tox
|
|-heal|p2a: Gliscor|354\/354 tox|[from] ability: Poison Heal
|-heal|p1a: The Count|342\/354 tox|[from] ability: Poison Heal
|turn|42
|
|switch|p2a: Chansey|Chansey, F|704\/704
|-damage|p2a: Chansey|616\/704|[from] Stealth Rock
|switch|p1a: xSPECSe|Latios, M|299\/299 par
|
|turn|43
|
|switch|p1a: The Count|Gliscor, F, shiny|342\/354 tox
|move|p2a: Chansey|Seismic Toss|p1a: The Count
|-damage|p1a: The Count|242\/354 tox
|
|-heal|p1a: The Count|286\/354 tox|[from] ability: Poison Heal
|turn|44
|
|switch|p2a: Gliscor|Gliscor, M|354\/354 tox
|-damage|p2a: Gliscor|310\/354 tox|[from] Stealth Rock
|move|p1a: The Count|Toxic|p2a: Gliscor
|-fail|p2a: Gliscor|tox
|
|-heal|p2a: Gliscor|354\/354 tox|[from] ability: Poison Heal
|-heal|p1a: The Count|330\/354 tox|[from] ability: Poison Heal
|turn|45
|
|switch|p2a: Chansey|Chansey, F|616\/704
|-damage|p2a: Chansey|528\/704|[from] Stealth Rock
|switch|p1a: xSPECSe|Latios, M|299\/299 par
|
|turn|46
|
|switch|p2a: Gliscor|Gliscor, M|354\/354 tox
|-damage|p2a: Gliscor|310\/354 tox|[from] Stealth Rock
|switch|p1a: The Count|Gliscor, F, shiny|330\/354 tox
|
|-heal|p2a: Gliscor|354\/354 tox|[from] ability: Poison Heal
|-heal|p1a: The Count|354\/354 tox|[from] ability: Poison Heal
|turn|47
|
|switch|p2a: Chansey|Chansey, F|528\/704
|-damage|p2a: Chansey|440\/704|[from] Stealth Rock
|switch|p1a: xSPECSe|Latios, M|299\/299 par
|
|turn|48
|
|switch|p1a: The Count|Gliscor, F, shiny|354\/354 tox
|move|p2a: Chansey|Soft-Boiled|p2a: Chansey
|-heal|p2a: Chansey|704\/704
|
|turn|49
|
|switch|p1a: xSPECSe|Latios, M|299\/299 par
|switch|p2a: Metagross|Metagross|281\/364
|-damage|p2a: Metagross|259\/364|[from] Stealth Rock
|
|turn|50
|
|switch|p1a: The Count|Gliscor, F, shiny|354\/354 tox
|move|p2a: Metagross|Meteor Mash|p1a: The Count
|-damage|p1a: The Count|236\/354 tox
|
|-heal|p1a: The Count|280\/354 tox|[from] ability: Poison Heal
|turn|51
|
|move|p1a: The Count|Earthquake|p2a: Metagross
|-supereffective|p2a: Metagross
|-damage|p2a: Metagross|67\/364
|move|p2a: Metagross|Meteor Mash|p1a: The Count
|-damage|p1a: The Count|165\/354 tox
|-boost|p2a: Metagross|atk|1
|
|-heal|p1a: The Count|209\/354 tox|[from] ability: Poison Heal
|turn|52
|
|switch|p2a: Gliscor|Gliscor, M|354\/354 tox
|-damage|p2a: Gliscor|310\/354 tox|[from] Stealth Rock
|move|p1a: The Count|Roost|p1a: The Count
|-heal|p1a: The Count|354\/354 tox
|
|-heal|p2a: Gliscor|354\/354 tox|[from] ability: Poison Heal
|turn|53
|
|switch|p2a: Chansey|Chansey, F|704\/704
|-damage|p2a: Chansey|616\/704|[from] Stealth Rock
|switch|p1a: xSPECSe|Latios, M|299\/299 par
|
|turn|54
|
|switch|p2a: Gliscor|Gliscor, M|354\/354 tox
|-damage|p2a: Gliscor|310\/354 tox|[from] Stealth Rock
|switch|p1a: The Count|Gliscor, F, shiny|354\/354 tox
|
|-heal|p2a: Gliscor|354\/354 tox|[from] ability: Poison Heal
|turn|55
|
|switch|p2a: Chansey|Chansey, F|616\/704
|-damage|p2a: Chansey|528\/704|[from] Stealth Rock
|switch|p1a: xSPECSe|Latios, M|299\/299 par
|
|turn|56
|
|switch|p1a: The Count|Gliscor, F, shiny|354\/354 tox
|move|p2a: Chansey|Seismic Toss|p1a: The Count
|-damage|p1a: The Count|254\/354 tox
|
|-heal|p1a: The Count|298\/354 tox|[from] ability: Poison Heal
|turn|57
|
|move|p1a: The Count|Toxic|p2a: Chansey|[miss]
|-miss|p1a: The Count|p2a: Chansey
|move|p2a: Chansey|Seismic Toss|p1a: The Count
|-damage|p1a: The Count|198\/354 tox
|
|-heal|p1a: The Count|242\/354 tox|[from] ability: Poison Heal
|turn|58
|
|move|p1a: The Count|Toxic|p2a: Chansey
|-status|p2a: Chansey|tox
|move|p2a: Chansey|Seismic Toss|p1a: The Count
|-damage|p1a: The Count|142\/354 tox
|
|-heal|p1a: The Count|186\/354 tox|[from] ability: Poison Heal
|-damage|p2a: Chansey|484\/704 tox|[from] psn
|turn|59
|
|switch|p2a: Gliscor|Gliscor, M|354\/354 tox
|-damage|p2a: Gliscor|310\/354 tox|[from] Stealth Rock
|move|p1a: The Count|Roost|p1a: The Count
|-heal|p1a: The Count|354\/354 tox
|
|-heal|p2a: Gliscor|354\/354 tox|[from] ability: Poison Heal
|turn|60
|
|switch|p2a: Chansey|Chansey, F|484\/704
|-damage|p2a: Chansey|396\/704|[from] Stealth Rock
|move|p1a: The Count|Stealth Rock|p2a: Chansey
|-fail|p2a: Chansey
|
|turn|61
|
|move|p1a: The Count|Toxic|p2a: Chansey
|-status|p2a: Chansey|tox
|move|p2a: Chansey|Seismic Toss|p1a: The Count
|-damage|p1a: The Count|254\/354 tox
|
|-heal|p1a: The Count|298\/354 tox|[from] ability: Poison Heal
|-damage|p2a: Chansey|352\/704 tox|[from] psn
|turn|62
|
|move|p1a: The Count|Earthquake|p2a: Chansey
|-damage|p2a: Chansey|202\/704 tox
|move|p2a: Chansey|Soft-Boiled|p2a: Chansey
|-heal|p2a: Chansey|554\/704 tox
|
|-heal|p1a: The Count|342\/354 tox|[from] ability: Poison Heal
|-damage|p2a: Chansey|466\/704 tox|[from] psn
|turn|63
|
|switch|p1a: xSPECSe|Latios, M|299\/299 par
|switch|p2a: Gliscor|Gliscor, M|354\/354 tox
|-damage|p2a: Gliscor|310\/354 tox|[from] Stealth Rock
|
|-heal|p2a: Gliscor|354\/354 tox|[from] ability: Poison Heal
|turn|64
|
|switch|p2a: Chansey|Chansey, F|466\/704
|-damage|p2a: Chansey|378\/704|[from] Stealth Rock
|move|p1a: xSPECSe|Psyshock|p2a: Chansey
|-damage|p2a: Chansey|143\/704
|-damage|p1a: xSPECSe|270\/299 par|[from] item: Life Orb
|
|turn|65
|
|switch|p1a: Duck Face|Medicham-Mega, F, shiny|261\/261
|move|p2a: Chansey|Soft-Boiled|p2a: Chansey
|-heal|p2a: Chansey|495\/704
|
|turn|66
|
|switch|p2a: Gliscor|Gliscor, M|354\/354 tox
|-damage|p2a: Gliscor|310\/354 tox|[from] Stealth Rock
|move|p1a: Duck Face|High Jump Kick|p2a: Gliscor
|-crit|p2a: Gliscor
|-resisted|p2a: Gliscor
|-damage|p2a: Gliscor|133\/354 tox
|
|-heal|p2a: Gliscor|177\/354 tox|[from] ability: Poison Heal
|turn|67
|
|switch|p1a: xSPECSe|Latios, M|270\/299 par
|move|p2a: Gliscor|Protect|p2a: Gliscor
|-fail|p2a: Gliscor
|
|-heal|p2a: Gliscor|221\/354 tox|[from] ability: Poison Heal
|turn|68
|
|switch|p1a: Duck Face|Medicham-Mega, F, shiny|261\/261
|move|p2a: Gliscor|Protect|p2a: Gliscor
|-fail|p2a: Gliscor
|
|-heal|p2a: Gliscor|265\/354 tox|[from] ability: Poison Heal
|turn|69
|
|switch|p1a: xSPECSe|Latios, M|270\/299 par
|move|p2a: Gliscor|Toxic|p1a: xSPECSe
|-fail|p1a: xSPECSe
|
|-heal|p2a: Gliscor|309\/354 tox|[from] ability: Poison Heal
|turn|70
|chat|KnightSansArmour|Latios being paralysed screwed me
|
|move|p2a: Gliscor|Substitute|p2a: Gliscor
|-start|p2a: Gliscor|Substitute
|-damage|p2a: Gliscor|221\/354 tox
|move|p1a: xSPECSe|Psyshock|p2a: Gliscor
|-end|p2a: Gliscor|Substitute
|-damage|p1a: xSPECSe|241\/299 par|[from] item: Life Orb
|
|-heal|p2a: Gliscor|265\/354 tox|[from] ability: Poison Heal
|turn|71
|chat|Soren27|hahaha I know
|chat|Soren27|I was really pissed about it at first
|chat|Soren27|but it worked out
|
|switch|p2a: Chansey|Chansey, F|495\/704
|-damage|p2a: Chansey|407\/704|[from] Stealth Rock
|move|p1a: xSPECSe|Psyshock|p2a: Chansey
|-damage|p2a: Chansey|161\/704
|-damage|p1a: xSPECSe|212\/299 par|[from] item: Life Orb
|
|turn|72
|chat|KnightSansArmour|I knew as soon as it happened I was screwed :P
|
|move|p2a: Chansey|Soft-Boiled|p2a: Chansey
|-heal|p2a: Chansey|513\/704
|move|p1a: xSPECSe|Roost|p1a: xSPECSe
|-heal|p1a: xSPECSe|299\/299 par
|
|turn|73
|
|switch|p1a: The Count|Gliscor, F, shiny|342\/354 tox
|move|p2a: Chansey|Seismic Toss|p1a: The Count
|-damage|p1a: The Count|242\/354 tox
|
|-heal|p1a: The Count|286\/354 tox|[from] ability: Poison Heal
|turn|74
|
|switch|p1a: xSPECSe|Latios, M|299\/299 par
|move|p2a: Chansey|Seismic Toss|p1a: xSPECSe
|-damage|p1a: xSPECSe|199\/299 par
|
|turn|75
|
|move|p2a: Chansey|Seismic Toss|p1a: xSPECSe
|-damage|p1a: xSPECSe|99\/299 par
|cant|p1a: xSPECSe|par
|
|turn|76
|
|switch|p1a: The Count|Gliscor, F, shiny|286\/354 tox
|move|p2a: Chansey|Seismic Toss|p1a: The Count
|-damage|p1a: The Count|186\/354 tox
|
|-heal|p1a: The Count|230\/354 tox|[from] ability: Poison Heal
|turn|77
|c|âSoren27|!data Seismic Toss
|c|~|\/data-move Seismic Toss

|
|move|p1a: The Count|Roost|p1a: The Count
|-heal|p1a: The Count|354\/354 tox
|move|p2a: Chansey|Seismic Toss|p1a: The Count
|-damage|p1a: The Count|254\/354 tox
|
|-heal|p1a: The Count|298\/354 tox|[from] ability: Poison Heal
|turn|78
|
|switch|p2a: Gliscor|Gliscor, M|265\/354 tox
|-damage|p2a: Gliscor|221\/354 tox|[from] Stealth Rock
|move|p1a: The Count|Toxic|p2a: Gliscor
|-fail|p2a: Gliscor|tox
|
|-heal|p2a: Gliscor|265\/354 tox|[from] ability: Poison Heal
|-heal|p1a: The Count|342\/354 tox|[from] ability: Poison Heal
|turn|79
|
|switch|p1a: xSPECSe|Latios, M|99\/299 par
|move|p2a: Gliscor|Earthquake|p1a: xSPECSe
|-immune|p1a: xSPECSe|[msg]
|
|-heal|p2a: Gliscor|309\/354 tox|[from] ability: Poison Heal
|turn|80
|
|switch|p2a: Chansey|Chansey, F|513\/704
|-damage|p2a: Chansey|425\/704|[from] Stealth Rock
|move|p1a: xSPECSe|Roost|p1a: xSPECSe
|-heal|p1a: xSPECSe|249\/299 par
|
|turn|81
|
|move|p2a: Chansey|Seismic Toss|p1a: xSPECSe
|-damage|p1a: xSPECSe|149\/299 par
|cant|p1a: xSPECSe|par
|
|turn|82
|
|move|p2a: Chansey|Seismic Toss|p1a: xSPECSe
|-damage|p1a: xSPECSe|49\/299 par
|move|p1a: xSPECSe|Roost|p1a: xSPECSe
|-heal|p1a: xSPECSe|199\/299 par
|
|turn|83
|
|move|p2a: Chansey|Seismic Toss|p1a: xSPECSe
|-damage|p1a: xSPECSe|99\/299 par
|cant|p1a: xSPECSe|par
|
|turn|84
|
|switch|p1a: The Count|Gliscor, F, shiny|342\/354 tox
|move|p2a: Chansey|Seismic Toss|p1a: The Count
|-damage|p1a: The Count|242\/354 tox
|
|-heal|p1a: The Count|286\/354 tox|[from] ability: Poison Heal
|turn|85
|
|move|p1a: The Count|Toxic|p2a: Chansey
|-status|p2a: Chansey|tox
|move|p2a: Chansey|Toxic|p1a: The Count
|-fail|p1a: The Count|tox
|
|-heal|p1a: The Count|330\/354 tox|[from] ability: Poison Heal
|-damage|p2a: Chansey|381\/704 tox|[from] psn
|turn|86
|
|switch|p2a: Gliscor|Gliscor, M|309\/354 tox
|-damage|p2a: Gliscor|265\/354 tox|[from] Stealth Rock
|move|p1a: The Count|Earthquake|p2a: Gliscor
|-immune|p2a: Gliscor|[msg]
|
|-heal|p2a: Gliscor|309\/354 tox|[from] ability: Poison Heal
|-heal|p1a: The Count|354\/354 tox|[from] ability: Poison Heal
|turn|87
|
|switch|p2a: Chansey|Chansey, F|381\/704
|-damage|p2a: Chansey|293\/704|[from] Stealth Rock
|switch|p1a: xSPECSe|Latios, M|99\/299 par
|
|turn|88
|
|switch|p1a: The Count|Gliscor, F, shiny|354\/354 tox
|move|p2a: Chansey|Seismic Toss|p1a: The Count
|-damage|p1a: The Count|254\/354 tox
|
|-heal|p1a: The Count|298\/354 tox|[from] ability: Poison Heal
|turn|89
|
|move|p1a: The Count|Earthquake|p2a: Chansey
|-crit|p2a: Chansey
|-damage|p2a: Chansey|85\/704
|move|p2a: Chansey|Soft-Boiled|p2a: Chansey
|-heal|p2a: Chansey|437\/704
|
|-heal|p1a: The Count|342\/354 tox|[from] ability: Poison Heal
|turn|90
|
|switch|p2a: Metagross|Metagross|67\/364
|-damage|p2a: Metagross|45\/364|[from] Stealth Rock
|move|p1a: The Count|Toxic|p2a: Metagross|[miss]
|-miss|p1a: The Count|p2a: Metagross
|
|-heal|p1a: The Count|354\/354 tox|[from] ability: Poison Heal
|turn|91
|
|switch|p2a: Gliscor|Gliscor, M|309\/354 tox
|-damage|p2a: Gliscor|265\/354 tox|[from] Stealth Rock
|move|p1a: The Count|Earthquake|p2a: Gliscor
|-immune|p2a: Gliscor|[msg]
|
|-heal|p2a: Gliscor|309\/354 tox|[from] ability: Poison Heal
|turn|92
|
|switch|p2a: Chansey|Chansey, F|437\/704
|-damage|p2a: Chansey|349\/704|[from] Stealth Rock
|switch|p1a: xSPECSe|Latios, M|99\/299 par
|
|turn|93
|
|switch|p1a: The Count|Gliscor, F, shiny|354\/354 tox
|move|p2a: Chansey|Seismic Toss|p1a: The Count
|-damage|p1a: The Count|254\/354 tox
|
|-heal|p1a: The Count|298\/354 tox|[from] ability: Poison Heal
|turn|94
|
|move|p1a: The Count|Toxic|p2a: Chansey
|-status|p2a: Chansey|tox
|move|p2a: Chansey|Soft-Boiled|p2a: Chansey
|-heal|p2a: Chansey|701\/704 tox
|
|-heal|p1a: The Count|342\/354 tox|[from] ability: Poison Heal
|-damage|p2a: Chansey|657\/704 tox|[from] psn
|turn|95
|
|switch|p2a: Gliscor|Gliscor, M|309\/354 tox
|-damage|p2a: Gliscor|265\/354 tox|[from] Stealth Rock
|move|p1a: The Count|Earthquake|p2a: Gliscor
|-immune|p2a: Gliscor|[msg]
|
|-heal|p2a: Gliscor|309\/354 tox|[from] ability: Poison Heal
|-heal|p1a: The Count|354\/354 tox|[from] ability: Poison Heal
|turn|96
|
|switch|p2a: Chansey|Chansey, F|657\/704
|-damage|p2a: Chansey|569\/704|[from] Stealth Rock
|move|p1a: The Count|Stealth Rock|p2a: Chansey
|-fail|p2a: Chansey
|
|turn|97
|
|switch|p2a: Gliscor|Gliscor, M|309\/354 tox
|-damage|p2a: Gliscor|265\/354 tox|[from] Stealth Rock
|move|p1a: The Count|Earthquake|p2a: Gliscor
|-immune|p2a: Gliscor|[msg]
|
|-heal|p2a: Gliscor|309\/354 tox|[from] ability: Poison Heal
|turn|98
|
|switch|p2a: Chansey|Chansey, F|569\/704
|-damage|p2a: Chansey|481\/704|[from] Stealth Rock
|switch|p1a: Duck Face|Medicham-Mega, F, shiny|261\/261
|
|turn|99
|
|switch|p2a: Gliscor|Gliscor, M|309\/354 tox
|-damage|p2a: Gliscor|265\/354 tox|[from] Stealth Rock
|move|p1a: Duck Face|High Jump Kick|p2a: Gliscor|[miss]
|-miss|p1a: Duck Face|p2a: Gliscor
|-damage|p1a: Duck Face|131\/261|[from] highjumpkick
|
|-heal|p2a: Gliscor|309\/354 tox|[from] ability: Poison Heal
|turn|100
|chat|Soren27|FUCK
|
|switch|p1a: xSPECSe|Latios, M|99\/299 par
|move|p2a: Gliscor|Toxic|p1a: xSPECSe
|-fail|p1a: xSPECSe
|
|-heal|p2a: Gliscor|353\/354 tox|[from] ability: Poison Heal
|turn|101
|
|switch|p2a: Chansey|Chansey, F|481\/704
|-damage|p2a: Chansey|393\/704|[from] Stealth Rock
|move|p1a: xSPECSe|Roost|p1a: xSPECSe
|-heal|p1a: xSPECSe|249\/299 par
|
|turn|102
|
|move|p2a: Chansey|Seismic Toss|p1a: xSPECSe
|-damage|p1a: xSPECSe|149\/299 par
|move|p1a: xSPECSe|Psyshock|p2a: Chansey
|-damage|p2a: Chansey|130\/704
|-damage|p1a: xSPECSe|120\/299 par|[from] item: Life Orb
|
|turn|103
|
|move|p2a: Chansey|Soft-Boiled|p2a: Chansey
|-heal|p2a: Chansey|482\/704
|cant|p1a: xSPECSe|par
|
|turn|104
|
|move|p2a: Chansey|Seismic Toss|p1a: xSPECSe
|-damage|p1a: xSPECSe|20\/299 par
|cant|p1a: xSPECSe|par
|
|turn|105
|
|switch|p1a: The Count|Gliscor, F, shiny|354\/354 tox
|move|p2a: Chansey|Seismic Toss|p1a: The Count
|-damage|p1a: The Count|254\/354 tox
|
|-heal|p1a: The Count|298\/354 tox|[from] ability: Poison Heal
|turn|106
|
|switch|p2a: Gliscor|Gliscor, M|353\/354 tox
|-damage|p2a: Gliscor|309\/354 tox|[from] Stealth Rock
|move|p1a: The Count|Roost|p1a: The Count
|-heal|p1a: The Count|354\/354 tox
|
|-heal|p2a: Gliscor|353\/354 tox|[from] ability: Poison Heal
|turn|107
|
|switch|p2a: Chansey|Chansey, F|482\/704
|-damage|p2a: Chansey|394\/704|[from] Stealth Rock
|move|p1a: The Count|Toxic|p2a: Chansey
|-status|p2a: Chansey|tox
|
|-damage|p2a: Chansey|350\/704 tox|[from] psn
|turn|108
|chat|KnightSansArmour|52 more to go :P
|
|switch|p2a: Gliscor|Gliscor, M|353\/354 tox
|-damage|p2a: Gliscor|309\/354 tox|[from] Stealth Rock
|move|p1a: The Count|Earthquake|p2a: Gliscor
|-immune|p2a: Gliscor|[msg]
|
|-heal|p2a: Gliscor|353\/354 tox|[from] ability: Poison Heal
|turn|109
|
|switch|p2a: Chansey|Chansey, F|350\/704
|-damage|p2a: Chansey|262\/704|[from] Stealth Rock
|move|p1a: The Count|Earthquake|p2a: Chansey
|-damage|p2a: Chansey|126\/704
|
|turn|110
|
|switch|p2a: Gliscor|Gliscor, M|353\/354 tox
|-damage|p2a: Gliscor|309\/354 tox|[from] Stealth Rock
|move|p1a: The Count|Earthquake|p2a: Gliscor
|-immune|p2a: Gliscor|[msg]
|
|-heal|p2a: Gliscor|353\/354 tox|[from] ability: Poison Heal
|turn|111
|
|move|p2a: Gliscor|Substitute|p2a: Gliscor
|-start|p2a: Gliscor|Substitute
|-damage|p2a: Gliscor|265\/354 tox
|move|p1a: The Count|Stealth Rock|p2a: Gliscor
|-fail|p2a: Gliscor
|
|-heal|p2a: Gliscor|309\/354 tox|[from] ability: Poison Heal
|turn|112
|
|move|p2a: Gliscor|Protect|p2a: Gliscor
|-singleturn|p2a: Gliscor|Protect
|move|p1a: The Count|Stealth Rock|p2a: Gliscor
|-fail|p2a: Gliscor
|
|-heal|p2a: Gliscor|353\/354 tox|[from] ability: Poison Heal
|turn|113
|
|move|p2a: Gliscor|Earthquake|p1a: The Count
|-immune|p1a: The Count|[msg]
|move|p1a: The Count|Stealth Rock|p2a: Gliscor
|-fail|p2a: Gliscor
|
|-heal|p2a: Gliscor|354\/354 tox|[from] ability: Poison Heal
|turn|114
|
|move|p2a: Gliscor|Toxic|p1a: The Count
|-fail|p1a: The Count|tox
|move|p1a: The Count|Stealth Rock|p2a: Gliscor
|-fail|p2a: Gliscor
|
|turn|115
|
|switch|p1a: xSPECSe|Latios, M|20\/299 par
|move|p2a: Gliscor|Toxic|p1a: xSPECSe
|-fail|p1a: xSPECSe
|
|turn|116
|
|switch|p2a: Metagross|Metagross|45\/364
|-damage|p2a: Metagross|23\/364|[from] Stealth Rock
|switch|p1a: The Count|Gliscor, F, shiny|354\/354 tox
|
|turn|117
|
|switch|p2a: Gliscor|Gliscor, M|354\/354 tox
|-damage|p2a: Gliscor|310\/354 tox|[from] Stealth Rock
|move|p1a: The Count|Stealth Rock|p2a: Gliscor
|-fail|p2a: Gliscor
|
|-heal|p2a: Gliscor|354\/354 tox|[from] ability: Poison Heal
|turn|118
|
|switch|p2a: Chansey|Chansey, F|126\/704
|-damage|p2a: Chansey|38\/704|[from] Stealth Rock
|move|p1a: The Count|Earthquake|p2a: Chansey
|-damage|p2a: Chansey|0 fnt
|faint|p2a: Chansey
|
|chat|Soren27|FINALLY
|
|switch|p2a: Gliscor|Gliscor, M|354\/354 tox
|-damage|p2a: Gliscor|310\/354 tox|[from] Stealth Rock
|turn|119
|chat|KnightSansArmour|gg, you got this
|chat|Soren27|Thanks man
|chat|Soren27|GG
|
|switch|p2a: Metagross|Metagross|23\/364
|-damage|p2a: Metagross|1\/364|[from] Stealth Rock
|switch|p1a: xSPECSe|Latios, M|20\/299 par
|
|turn|120
|chat|Soren27|Thanks for playing it out
|
|switch|p1a: The Count|Gliscor, F, shiny|354\/354 tox
|move|p2a: Metagross|Zen Headbutt|p1a: The Count|[miss]
|-miss|p2a: Metagross|p1a: The Count
|
|turn|121
|chat|Soren27|Tell me you don't have Pursuit...
|chat|Soren27|Okay good haha
|chat|KnightSansArmour|No problem man
|chat|KnightSansArmour|Oh man, that would have been good
|chat|Soren27|Hahahaha
|
|move|p1a: The Count|Earthquake|p2a: Metagross
|-crit|p2a: Metagross
|-supereffective|p2a: Metagross
|-damage|p2a: Metagross|0 fnt
|faint|p2a: Metagross
|
|
|switch|p2a: Gliscor|Gliscor, M|310\/354 tox
|-damage|p2a: Gliscor|266\/354 tox|[from] Stealth Rock
|turn|122
|chat|KnightSansArmour|Yeah, you pp stall me out with switching, I'm just going to forfeit to save us time, but good one man
|chat|KnightSansArmour|Well played
|-message|KnightSansArmour forfeited.
|
|win|Soren27
|raw|Ladder updating...
|leave|KnightSansArmour
|player|p2
|raw|Soren27's rating: 1636 &rarr; <strong>1655<\/strong><br \/>(+19 for winning)
|raw|KnightSansArmour's rating: 1621 &rarr; <strong>1602<\/strong><br \/>(-19 for losing)