|join|pMattp
|join|KnightSansArmour
|player|p1|pMattp|21
|player|p2|KnightSansArmour|208
|gametype|singles
|gen|6
|tier|OU
|clearpoke
|poke|p1|Milotic, F
|poke|p1|Scizor, F
|poke|p1|Sableye, F
|poke|p1|Gliscor, F
|poke|p1|Tyranitar, F
|poke|p1|Garchomp, M, shiny
|poke|p2|Chansey, F
|poke|p2|Gliscor, M
|poke|p2|Blastoise, F
|poke|p2|Noivern, F
|poke|p2|Metagross
|poke|p2|Zapdos
|rule|Swagger Clause: Swagger is banned
|rule|Baton Pass Clause: Limit one PokÃ©mon knowing Baton Pass
|rule|Sleep Clause Mod: Limit one foe put to sleep
|rule|Species Clause: Limit one of each PokÃ©mon
|rule|OHKO Clause: OHKO moves are banned
|rule|Moody Clause: Moody is banned
|rule|Evasion Moves Clause: Evasion moves are banned
|rule|Endless Battle Clause: Forcing endless battles is banned
|rule|HP Percentage Mod: HP is shown in percentages
|teampreview
|
|start
|switch|p1a: Hipscor|Gliscor, F|354\/354
|switch|p2a: Blastoise|Blastoise, F|362\/362
|turn|1
|
|detailschange|p2a: Blastoise|Blastoise-Mega, F
|message|Blastoise has Mega Evolved into Mega Blastoise!
|move|p1a: Hipscor|Toxic|p2a: Blastoise
|-status|p2a: Blastoise|tox
|move|p2a: Blastoise|Water Pulse|p1a: Hipscor
|-supereffective|p1a: Hipscor
|-damage|p1a: Hipscor|0 fnt
|faint|p1a: Hipscor
|
|-damage|p2a: Blastoise|340\/362 tox|[from] psn
|
|switch|p1a: Tickleme|Milotic, F|393\/393
|turn|2
|
|switch|p2a: Zapdos|Zapdos|384\/384
|-ability|p2a: Zapdos|Pressure
|move|p1a: Tickleme|Scald|p2a: Zapdos
|-damage|p2a: Zapdos|272\/384
|
|-heal|p2a: Zapdos|296\/384|[from] item: Leftovers
|turn|3
|
|switch|p2a: Chansey|Chansey, F|704\/704
|move|p1a: Tickleme|Scald|p2a: Chansey
|-damage|p2a: Chansey|640\/704
|
|turn|4
|
|move|p1a: Tickleme|Toxic|p2a: Chansey
|-status|p2a: Chansey|tox
|move|p2a: Chansey|Toxic|p1a: Tickleme
|-status|p1a: Tickleme|tox
|
|-damage|p1a: Tickleme|369\/393 tox|[from] psn
|-damage|p2a: Chansey|596\/704 tox|[from] psn
|turn|5
|
|move|p1a: Tickleme|Scald|p2a: Chansey
|-damage|p2a: Chansey|532\/704 tox
|move|p2a: Chansey|Aromatherapy|p2a: Chansey
|-cureteam|p2a: Chansey|[from] move: Aromatherapy
|
|-damage|p1a: Tickleme|321\/393 tox|[from] psn
|turn|6
|
|move|p1a: Tickleme|Ice Beam|p2a: Chansey
|-damage|p2a: Chansey|485\/704
|-status|p2a: Chansey|frz
|cant|p2a: Chansey|frz
|
|-damage|p1a: Tickleme|249\/393 tox|[from] psn
|turn|7
|
|switch|p2a: Metagross|Metagross|364\/364
|move|p1a: Tickleme|Scald|p2a: Metagross
|-damage|p2a: Metagross|301\/364
|
|-damage|p1a: Tickleme|153\/393 tox|[from] psn
|turn|8
|
|switch|p1a: Chomper|Garchomp, M, shiny|357\/357
|move|p2a: Metagross|Earthquake|p1a: Chomper
|-damage|p1a: Chomper|213\/357
|
|turn|9
|
|switch|p2a: Gliscor|Gliscor, M|354\/354
|detailschange|p1a: Chomper|Garchomp-Mega, M, shiny
|message|Garchomp has Mega Evolved into Mega Garchomp!
|move|p1a: Chomper|Fire Blast|p2a: Gliscor
|-damage|p2a: Gliscor|184\/354
|
|-status|p2a: Gliscor|tox|[from] item: Toxic Orb
|turn|10
|
|move|p2a: Gliscor|Protect|p2a: Gliscor
|-singleturn|p2a: Gliscor|Protect
|move|p1a: Chomper|Stone Edge|p2a: Gliscor
|-activate|p2a: Gliscor|Protect
|
|-heal|p2a: Gliscor|228\/354 tox|[from] ability: Poison Heal
|turn|11
|
|move|p1a: Chomper|Draco Meteor|p2a: Gliscor
|-damage|p2a: Gliscor|0 fnt
|-unboost|p1a: Chomper|spa|2
|faint|p2a: Gliscor
|
|
|switch|p2a: Blastoise|Blastoise-Mega, F|340\/362
|turn|12
|
|switch|p1a: Iblessya|Sableye, F|304\/304
|move|p2a: Blastoise|Aura Sphere|p1a: Iblessya
|-immune|p1a: Iblessya|[msg]
|
|turn|13
|
|move|p2a: Blastoise|Water Pulse|p1a: Iblessya
|-damage|p1a: Iblessya|63\/304
|move|p1a: Iblessya|Knock Off|p2a: Blastoise
|-damage|p2a: Blastoise|285\/362
|
|-heal|p1a: Iblessya|82\/304|[from] item: Leftovers
|turn|14
|
|switch|p1a: Flamebait|Scizor, F|281\/281
|move|p2a: Blastoise|Dark Pulse|p1a: Flamebait
|-damage|p1a: Flamebait|115\/281
|
|turn|15
|
|switch|p2a: Zapdos|Zapdos|296\/384
|-ability|p2a: Zapdos|Pressure
|move|p1a: Flamebait|Roost|p1a: Flamebait
|-heal|p1a: Flamebait|256\/281
|
|-heal|p2a: Zapdos|320\/384|[from] item: Leftovers
|turn|16
|
|switch|p1a: Tererniter|Tyranitar, F|403\/403
|-weather|Sandstorm
|move|p2a: Zapdos|Heat Wave|p1a: Tererniter
|-resisted|p1a: Tererniter
|-damage|p1a: Tererniter|361\/403
|
|-weather|Sandstorm|[upkeep]
|-damage|p2a: Zapdos|296\/384|[from] sandstorm
|-heal|p2a: Zapdos|320\/384|[from] item: Leftovers
|turn|17
|
|switch|p2a: Blastoise|Blastoise-Mega, F|285\/362
|move|p1a: Tererniter|Stealth Rock|p2a: Blastoise
|-sidestart|p2: KnightSansArmour|move: Stealth Rock
|
|-weather|Sandstorm|[upkeep]
|-damage|p2a: Blastoise|263\/362|[from] sandstorm
|turn|18
|
|switch|p1a: Iblessya|Sableye, F|82\/304
|move|p2a: Blastoise|Rapid Spin|p1a: Iblessya
|-immune|p1a: Iblessya|[msg]
|
|-weather|Sandstorm|[upkeep]
|-damage|p2a: Blastoise|241\/362|[from] sandstorm
|-damage|p1a: Iblessya|63\/304|[from] sandstorm
|-heal|p1a: Iblessya|82\/304|[from] item: Leftovers
|turn|19
|
|move|p1a: Iblessya|Recover|p1a: Iblessya
|-heal|p1a: Iblessya|234\/304
|move|p2a: Blastoise|Dark Pulse|p1a: Iblessya
|-damage|p1a: Iblessya|12\/304
|
|-weather|Sandstorm|[upkeep]
|-damage|p2a: Blastoise|219\/362|[from] sandstorm
|-damage|p1a: Iblessya|0 fnt|[from] sandstorm
|faint|p1a: Iblessya
|
|switch|p1a: Chomper|Garchomp-Mega, M, shiny|213\/357
|turn|20
|
|move|p1a: Chomper|Earthquake|p2a: Blastoise
|-damage|p2a: Blastoise|8\/362
|move|p2a: Blastoise|Water Pulse|p1a: Chomper
|-damage|p1a: Chomper|0 fnt
|faint|p1a: Chomper
|
|-weather|Sandstorm|[upkeep]
|-damage|p2a: Blastoise|0 fnt|[from] sandstorm
|faint|p2a: Blastoise
|
|switch|p2a: Metagross|Metagross|301\/364
|switch|p1a: Tererniter|Tyranitar, F|361\/403
|-damage|p2a: Metagross|279\/364|[from] Stealth Rock
|turn|21
|
|move|p2a: Metagross|Meteor Mash|p1a: Tererniter|[miss]
|-miss|p2a: Metagross|p1a: Tererniter
|move|p1a: Tererniter|Crunch|p2a: Metagross
|-supereffective|p2a: Metagross
|-damage|p2a: Metagross|97\/364
|
|-weather|Sandstorm|[upkeep]
|turn|22
|
|move|p2a: Metagross|Meteor Mash|p1a: Tererniter
|-supereffective|p1a: Tererniter
|-damage|p1a: Tererniter|121\/403
|move|p1a: Tererniter|Crunch|p2a: Metagross
|-supereffective|p2a: Metagross
|-damage|p2a: Metagross|0 fnt
|faint|p2a: Metagross
|
|-weather|Sandstorm|[upkeep]
|
|switch|p2a: Chansey|Chansey, F|485\/704
|-damage|p2a: Chansey|397\/704|[from] Stealth Rock
|turn|23
|
|move|p2a: Chansey|Soft-Boiled|p2a: Chansey
|-heal|p2a: Chansey|704\/704
|move|p1a: Tererniter|Dragon Tail|p2a: Chansey
|-damage|p2a: Chansey|618\/704
|drag|p2a: Noivern|Noivern, F|311\/311
|-damage|p2a: Noivern|234\/311|[from] Stealth Rock
|
|-weather|none
|turn|24
|
|move|p2a: Noivern|Draco Meteor|p1a: Tererniter
|-crit|p1a: Tererniter
|-damage|p1a: Tererniter|0 fnt
|-unboost|p2a: Noivern|spa|2
|faint|p1a: Tererniter
|
|
|switch|p1a: Tickleme|Milotic, F|153\/393 tox
|turn|25
|
|move|p2a: Noivern|Draco Meteor|p1a: Tickleme
|-damage|p1a: Tickleme|29\/393 tox
|-unboost|p2a: Noivern|spa|2
|move|p1a: Tickleme|Ice Beam|p2a: Noivern
|-crit|p2a: Noivern
|-supereffective|p2a: Noivern
|-damage|p2a: Noivern|0 fnt
|faint|p2a: Noivern
|
|-damage|p1a: Tickleme|5\/393 tox|[from] psn
|
|switch|p2a: Zapdos|Zapdos|320\/384
|-damage|p2a: Zapdos|224\/384|[from] Stealth Rock
|-ability|p2a: Zapdos|Pressure
|turn|26
|
|move|p2a: Zapdos|Roost|p2a: Zapdos
|-heal|p2a: Zapdos|384\/384
|move|p1a: Tickleme|Ice Beam|p2a: Zapdos
|-damage|p2a: Zapdos|304\/384
|
|-heal|p2a: Zapdos|328\/384|[from] item: Leftovers
|-damage|p1a: Tickleme|0 fnt|[from] psn
|faint|p1a: Tickleme
|
|switch|p1a: Flamebait|Scizor, F|256\/281
|turn|27
|c|âKnightSansArmour|gg man... unless Heat Wave misses :P
|
|move|p2a: Zapdos|Heat Wave|p1a: Flamebait
|-crit|p1a: Flamebait
|-supereffective|p1a: Flamebait
|-damage|p1a: Flamebait|0 fnt
|faint|p1a: Flamebait
|
|win|KnightSansArmour
|c|âpMattp|GG
|leave|KnightSansArmour
|player|p2