|join|Truthster
|join|knightsansarmour
|player|p1|Truthster|56
|player|p2|knightsansarmour|208
|gametype|singles
|gen|6
|tier|OU
|rated
|clearpoke
|poke|p1|Dragonite, F
|poke|p1|Venusaur, M
|poke|p1|Zapdos
|poke|p1|Breloom, F
|poke|p1|Cloyster, F
|poke|p1|Talonflame, F
|poke|p2|Chansey, F
|poke|p2|Gliscor, M
|poke|p2|Blastoise, F
|poke|p2|Jirachi
|poke|p2|Zapdos
|poke|p2|Noivern, M
|rule|Swagger Clause: Swagger is banned
|rule|Baton Pass Clause: Limit one PokÃ©mon knowing Baton Pass
|rule|Sleep Clause Mod: Limit one foe put to sleep
|rule|Species Clause: Limit one of each PokÃ©mon
|rule|OHKO Clause: OHKO moves are banned
|rule|Moody Clause: Moody is banned
|rule|Evasion Moves Clause: Evasion moves are banned
|rule|Endless Battle Clause: Forcing endless battles is banned
|rule|HP Percentage Mod: HP is shown in percentages
|teampreview
|
|start
|switch|p1a: Breloom|Breloom, F|262\/262
|switch|p2a: Gliscor|Gliscor, M|354\/354
|turn|1
|
|move|p2a: Gliscor|Protect|p2a: Gliscor
|-singleturn|p2a: Gliscor|Protect
|move|p1a: Breloom|Swords Dance|p1a: Breloom
|-boost|p1a: Breloom|atk|2
|
|-status|p2a: Gliscor|tox|[from] item: Toxic Orb
|turn|2
|
|move|p1a: Breloom|Bullet Seed|p2a: Gliscor
|-crit|p2a: Gliscor
|-damage|p2a: Gliscor|219\/354 tox
|-damage|p2a: Gliscor|135\/354 tox
|-damage|p2a: Gliscor|53\/354 tox
|-damage|p2a: Gliscor|0 fnt
|-hitcount|p2a: Gliscor|4
|faint|p2a: Gliscor
|
|
|switch|p2a: Noivern|Noivern, M|311\/311
|turn|3
|
|switch|p1a: Zapdos|Zapdos|322\/322
|-ability|p1a: Zapdos|Pressure
|move|p2a: Noivern|Hurricane|p1a: Zapdos
|-resisted|p1a: Zapdos
|-damage|p1a: Zapdos|193\/322
|-start|p1a: Zapdos|confusion
|
|-heal|p1a: Zapdos|213\/322|[from] item: Leftovers
|turn|4
|c|âknightsansarmour|Really? :(
|
|switch|p2a: Chansey|Chansey, F|704\/704
|-activate|p1a: Zapdos|confusion
|move|p1a: Zapdos|Discharge|p2a: Chansey
|-damage|p2a: Chansey|614\/704
|
|-heal|p1a: Zapdos|233\/322|[from] item: Leftovers
|turn|5
|
|switch|p1a: Venusaur|Venusaur, M|301\/301
|move|p2a: Chansey|Toxic|p1a: Venusaur
|-fail|p1a: Venusaur
|
|turn|6
|
|switch|p1a: Breloom|Breloom, F|262\/262
|switch|p2a: Jirachi|Jirachi|345\/345
|
|turn|7
|
|move|p2a: Jirachi|Stealth Rock|p1a: Breloom
|-sidestart|p1: Truthster|move: Stealth Rock
|move|p1a: Breloom|Spore|p2a: Jirachi
|-status|p2a: Jirachi|slp
|
|turn|8
|
|switch|p2a: Zapdos|Zapdos|384\/384
|-ability|p2a: Zapdos|Pressure
|switch|p1a: Zapdos|Zapdos|233\/322
|-damage|p1a: Zapdos|153\/322|[from] Stealth Rock
|-ability|p1a: Zapdos|Pressure
|
|-heal|p1a: Zapdos|173\/322|[from] item: Leftovers
|turn|9
|
|move|p1a: Zapdos|Defog|p2a: Zapdos
|-unboost|p2a: Zapdos|evasion|1
|-sideend|p1: Truthster|Stealth Rock|[from] move: Defog|[of] p1a: Zapdos
|move|p2a: Zapdos|Thunderbolt|p1a: Zapdos
|-damage|p1a: Zapdos|0 fnt
|faint|p1a: Zapdos
|
|
|switch|p1a: Dragonite|Dragonite, F|324\/324
|turn|10
|
|move|p1a: Dragonite|Dragon Dance|p1a: Dragonite
|-boost|p1a: Dragonite|atk|1
|-boost|p1a: Dragonite|spe|1
|move|p2a: Zapdos|Thunderbolt|p1a: Dragonite
|-damage|p1a: Dragonite|235\/324
|-status|p1a: Dragonite|par
|-enditem|p1a: Dragonite|Lum Berry|[eat]
|-curestatus|p1a: Dragonite|par
|
|turn|11
|
|move|p1a: Dragonite|Dragon Claw|p2a: Zapdos
|-damage|p2a: Zapdos|119\/384
|move|p2a: Zapdos|Thunderbolt|p1a: Dragonite
|-damage|p1a: Dragonite|69\/324
|
|-heal|p2a: Zapdos|143\/384|[from] item: Leftovers
|turn|12
|
|move|p1a: Dragonite|Dragon Claw|p2a: Zapdos
|-damage|p2a: Zapdos|0 fnt
|faint|p2a: Zapdos
|
|
|switch|p2a: Chansey|Chansey, F|614\/704
|turn|13
|
|move|p1a: Dragonite|Dragon Claw|p2a: Chansey
|-damage|p2a: Chansey|290\/704
|move|p2a: Chansey|Seismic Toss|p1a: Dragonite
|-damage|p1a: Dragonite|0 fnt
|faint|p1a: Dragonite
|
|
|switch|p1a: Breloom|Breloom, F|262\/262
|turn|14
|
|switch|p2a: Noivern|Noivern, M|311\/311
|move|p1a: Breloom|Bullet Seed|p2a: Noivern
|-resisted|p2a: Noivern
|-damage|p2a: Noivern|291\/311
|-crit|p2a: Noivern
|-resisted|p2a: Noivern
|-damage|p2a: Noivern|260\/311
|-resisted|p2a: Noivern
|-damage|p2a: Noivern|239\/311
|-hitcount|p2a: Noivern|3
|
|turn|15
|
|switch|p1a: Venusaur|Venusaur, M|301\/301
|move|p2a: Noivern|Hurricane|p1a: Venusaur
|-supereffective|p1a: Venusaur
|-damage|p1a: Venusaur|0 fnt
|faint|p1a: Venusaur
|
|
|switch|p1a: Talonflame|Talonflame, F|297\/297
|turn|16
|
|move|p1a: Talonflame|Swords Dance|p1a: Talonflame
|-boost|p1a: Talonflame|atk|2
|move|p2a: Noivern|Hurricane|p1a: Talonflame|[miss]
|-miss|p2a: Noivern|p1a: Talonflame
|
|turn|17
|
|move|p1a: Talonflame|Brave Bird|p2a: Noivern
|-damage|p2a: Noivern|0 fnt
|-damage|p1a: Talonflame|218\/297|[from] recoil|[of] p2a: Noivern
|faint|p2a: Noivern
|
|-heal|p1a: Talonflame|236\/297|[from] item: Leftovers
|
|switch|p2a: Blastoise|Blastoise, F|362\/362
|turn|18
|
|detailschange|p2a: Blastoise|Blastoise-Mega, F
|-mega|p2a: Blastoise|Blastoise|Blastoisinite
|move|p1a: Talonflame|Brave Bird|p2a: Blastoise
|-damage|p2a: Blastoise|118\/362
|-damage|p1a: Talonflame|155\/297|[from] recoil|[of] p2a: Blastoise
|move|p2a: Blastoise|Water Pulse|p1a: Talonflame
|-supereffective|p1a: Talonflame
|-damage|p1a: Talonflame|0 fnt
|faint|p1a: Talonflame
|
|
|switch|p1a: Breloom|Breloom, F|262\/262
|turn|19
|
|move|p1a: Breloom|Bullet Seed|p2a: Blastoise
|-supereffective|p2a: Blastoise
|-damage|p2a: Blastoise|0 fnt
|-hitcount|p2a: Blastoise|1
|faint|p2a: Blastoise
|
|
|switch|p2a: Chansey|Chansey, F|290\/704
|turn|20
|
|move|p1a: Breloom|Swords Dance|p1a: Breloom
|-boost|p1a: Breloom|atk|2
|move|p2a: Chansey|Aromatherapy|p2a: Chansey
|-cureteam|p2a: Chansey|[from] move: Aromatherapy
|
|turn|21
|
|move|p1a: Breloom|Bullet Seed|p2a: Chansey
|-damage|p2a: Chansey|127\/704
|-damage|p2a: Chansey|0 fnt
|-hitcount|p2a: Chansey|2
|faint|p2a: Chansey
|
|
|switch|p2a: Jirachi|Jirachi|345\/345
|turn|22
|
|move|p2a: Jirachi|Zen Headbutt|p1a: Breloom
|-supereffective|p1a: Breloom
|-enditem|p1a: Breloom|Focus Sash
|-damage|p1a: Breloom|1\/262
|move|p1a: Breloom|Spore|p2a: Jirachi
|-status|p2a: Jirachi|slp
|
|turn|23
|
|move|p1a: Breloom|Mach Punch|p2a: Jirachi
|-damage|p2a: Jirachi|113\/345 slp
|cant|p2a: Jirachi|slp
|
|-heal|p2a: Jirachi|134\/345 slp|[from] item: Leftovers
|turn|24
|c|âTruthster|gg
|
|move|p1a: Breloom|Mach Punch|p2a: Jirachi
|-damage|p2a: Jirachi|0 fnt
|faint|p2a: Jirachi
|
|win|Truthster
|raw|Ladder updating...
|raw|Truthster's rating: 1150 &rarr; <strong>1179<\/strong><br \/>(+29 for winning)
|raw|knightsansarmour's rating: 1198 &rarr; <strong>1169<\/strong><br \/>(-29 for losing)
|c|âknightsansarmour|gg
|leave|knightsansarmour
|player|p2