|join|KnightSansArmour
|join|Zanryu
|player|p1|KnightSansArmour|2
|player|p2|Zanryu|163
|gametype|singles
|gen|6
|tier|OU
|rated
|clearpoke
|poke|p1|Gliscor, M
|poke|p1|Chansey, F
|poke|p1|Noivern, M
|poke|p1|Blastoise, M
|poke|p1|Cloyster, F
|poke|p1|Forretress, M
|poke|p2|Hitmontop, M, shiny
|poke|p2|Whimsicott, M
|poke|p2|Slowbro, M
|poke|p2|Bisharp, M
|poke|p2|Gengar, M
|poke|p2|Charizard, M
|rule|Sleep Clause Mod: Limit one foe put to sleep
|rule|Species Clause: Limit one of each Pokemon
|rule|OHKO Clause: OHKO moves are banned
|rule|Moody Clause: Moody is banned
|rule|Evasion Moves Clause: Evasion moves are banned
|rule|Endless Battle Clause: Forcing endless battles is banned.
|rule|HP Percentage Mod: HP is reported as percentages
|teampreview
|
|start
|switch|p1a: Forretress|Forretress, M|354\/354
|switch|p2a: Slowbro|Slowbro, M|394\/394
|turn|1
|
|switch|p2a: Whimsicott|Whimsicott, M|323\/323
|move|p1a: Forretress|Stealth Rock|p2a: Whimsicott
|-sidestart|p2: Zanryu|move: Stealth Rock
|
|turn|2
|
|move|p2a: Whimsicott|Encore|p1a: Forretress
|-start|p1a: Forretress|Encore
|move|p1a: Forretress|Stealth Rock|p2a: Whimsicott
|-fail|p2a: Whimsicott
|
|turn|3
|
|switch|p1a: Cloyster|Cloyster, F|242\/242
|move|p2a: Whimsicott|Leech Seed|p1a: Cloyster
|-start|p1a: Cloyster|move: Leech Seed
|
|-damage|p1a: Cloyster|212\/242|[from] Leech Seed|[of] p2a: Whimsicott
|turn|4
|
|switch|p2a: Slowbro|Slowbro, M|394\/394
|-damage|p2a: Slowbro|345\/394|[from] Stealth Rock
|move|p1a: Cloyster|Icicle Spear|p2a: Slowbro
|-resisted|p2a: Slowbro
|-damage|p2a: Slowbro|330\/394
|-resisted|p2a: Slowbro
|-damage|p2a: Slowbro|317\/394
|-resisted|p2a: Slowbro
|-damage|p2a: Slowbro|304\/394
|-resisted|p2a: Slowbro
|-damage|p2a: Slowbro|290\/394
|-resisted|p2a: Slowbro
|-damage|p2a: Slowbro|275\/394
|-hitcount|p2a: Slowbro|5
|
|-heal|p2a: Slowbro|299\/394|[from] item: Leftovers
|-damage|p1a: Cloyster|182\/242|[from] Leech Seed|[of] p2a: Slowbro
|-heal|p2a: Slowbro|329\/394|[silent]
|turn|5
|
|switch|p1a: Forretress|Forretress, M|354\/354
|move|p2a: Slowbro|Scald|p1a: Forretress
|-damage|p1a: Forretress|210\/354
|
|-heal|p1a: Forretress|232\/354|[from] item: Leftovers
|-heal|p2a: Slowbro|353\/394|[from] item: Leftovers
|turn|6
|
|move|p1a: Forretress|Toxic Spikes|p2a: Slowbro
|-sidestart|p2: Zanryu|move: Toxic Spikes
|move|p2a: Slowbro|Scald|p1a: Forretress
|-damage|p1a: Forretress|87\/354
|
|-heal|p1a: Forretress|109\/354|[from] item: Leftovers
|-heal|p2a: Slowbro|377\/394|[from] item: Leftovers
|turn|7
|
|move|p1a: Forretress|Toxic Spikes|p2a: Slowbro
|-sidestart|p2: Zanryu|move: Toxic Spikes
|move|p2a: Slowbro|Scald|p1a: Forretress
|-damage|p1a: Forretress|0 fnt
|faint|p1a: Forretress
|
|-heal|p2a: Slowbro|394\/394|[from] item: Leftovers
|
|switch|p1a: Blastoise|Blastoise, M|362\/362
|turn|8
|
|-formechange|p1a: Blastoise|Blastoise-Mega
|message|Blastoise has Mega Evolved into Mega Blastoise!
|move|p1a: Blastoise|Dark Pulse|p2a: Slowbro
|-supereffective|p2a: Slowbro
|-damage|p2a: Slowbro|22\/394
|move|p2a: Slowbro|Toxic|p1a: Blastoise
|-status|p1a: Blastoise|tox
|
|-heal|p2a: Slowbro|46\/394|[from] item: Leftovers
|-damage|p1a: Blastoise|340\/362 tox|[from] psn
|turn|9
|
|switch|p2a: Hitmontop|Hitmontop, M, shiny|304\/304
|-damage|p2a: Hitmontop|285\/304|[from] Stealth Rock
|-status|p2a: Hitmontop|tox
|-ability|p2a: Hitmontop|Intimidate|[of] p1a: Blastoise
|-unboost|p1a: Blastoise|atk|1
|move|p1a: Blastoise|Water Pulse|p2a: Hitmontop
|-damage|p2a: Hitmontop|107\/304 tox
|
|-heal|p2a: Hitmontop|126\/304 tox|[from] item: Leftovers
|-damage|p1a: Blastoise|296\/362 tox|[from] psn
|-damage|p2a: Hitmontop|107\/304 tox|[from] psn
|turn|10
|
|switch|p1a: Cloyster|Cloyster, F|182\/242
|move|p2a: Hitmontop|Rapid Spin|p1a: Cloyster
|-damage|p1a: Cloyster|168\/242
|-sideend|p2: Zanryu|Toxic Spikes|[from] move: Rapid Spin|[of] p2a: Hitmontop
|-sideend|p2: Zanryu|Stealth Rock|[from] move: Rapid Spin|[of] p2a: Hitmontop
|
|-heal|p2a: Hitmontop|126\/304 tox|[from] item: Leftovers
|-damage|p2a: Hitmontop|88\/304 tox|[from] psn
|turn|11
|
|move|p1a: Cloyster|Shell Smash|p1a: Cloyster
|-boost|p1a: Cloyster|atk|2
|-boost|p1a: Cloyster|spa|2
|-boost|p1a: Cloyster|spe|2
|-unboost|p1a: Cloyster|def|1
|-unboost|p1a: Cloyster|spd|1
|move|p2a: Hitmontop|Close Combat|p1a: Cloyster
|-supereffective|p1a: Cloyster
|-damage|p1a: Cloyster|0 fnt
|-unboost|p2a: Hitmontop|def|1
|-unboost|p2a: Hitmontop|spd|1
|faint|p1a: Cloyster
|
|-heal|p2a: Hitmontop|107\/304 tox|[from] item: Leftovers
|-damage|p2a: Hitmontop|50\/304 tox|[from] psn
|
|switch|p1a: Noivern|Noivern, M|311\/311
|turn|12
|
|move|p2a: Hitmontop|Sucker Punch|p1a: Noivern
|-damage|p1a: Noivern|209\/311
|move|p1a: Noivern|Boomburst|p2a: Hitmontop
|-damage|p2a: Hitmontop|0 fnt
|faint|p2a: Hitmontop
|
|
|switch|p2a: Bisharp|Bisharp, M|334\/334
|-item|p2a: Bisharp|Air Balloon
|turn|13
|
|switch|p1a: Gliscor|Gliscor, M|354\/354
|move|p2a: Bisharp|Sucker Punch|p1a: Gliscor
|-fail|p1a: Gliscor
|
|-status|p1a: Gliscor|tox|[from] item: Toxic Orb
|turn|14
|
|switch|p1a: Chansey|Chansey, F|704\/704
|move|p2a: Bisharp|Swords Dance|p2a: Bisharp
|-boost|p2a: Bisharp|atk|2
|
|turn|15
|
|move|p2a: Bisharp|Knock Off|p1a: Chansey
|-damage|p1a: Chansey|214\/704
|-enditem|p1a: Chansey|Eviolite|[from] move: Knock Off|[of] p2a: Bisharp
|move|p1a: Chansey|Seismic Toss|p2a: Bisharp
|-damage|p2a: Bisharp|234\/334
|-enditem|p2a: Bisharp|Air Balloon
|
|turn|16
|
|switch|p1a: Gliscor|Gliscor, M|354\/354 tox
|move|p2a: Bisharp|Iron Head|p1a: Gliscor
|-damage|p1a: Gliscor|152\/354 tox
|
|-heal|p1a: Gliscor|196\/354 tox|[from] ability: Poison Heal
|turn|17
|
|switch|p2a: Charizard|Charizard, M|299\/299
|move|p1a: Gliscor|Protect|p1a: Gliscor
|-fail|p1a: Gliscor
|
|-heal|p1a: Gliscor|240\/354 tox|[from] ability: Poison Heal
|turn|18
|
|-formechange|p2a: Charizard|Charizard-Mega-Y
|message|Charizard has Mega Evolved into Mega Charizard!
|-weather|SunnyDay
|move|p1a: Gliscor|Protect|p1a: Gliscor
|-singleturn|p1a: Gliscor|Protect
|move|p2a: Charizard|Flamethrower|p1a: Gliscor
|-activate|p1a: Gliscor|Protect
|
|-weather|SunnyDay|[upkeep]
|-heal|p1a: Gliscor|284\/354 tox|[from] ability: Poison Heal
|turn|19
|
|switch|p1a: Chansey|Chansey, F|214\/704
|move|p2a: Charizard|Flamethrower|p1a: Chansey
|-crit|p1a: Chansey
|-damage|p1a: Chansey|0 fnt
|faint|p1a: Chansey
|
|-weather|SunnyDay|[upkeep]
|
|switch|p1a: Noivern|Noivern, M|209\/311
|turn|20
|
|switch|p2a: Whimsicott|Whimsicott, M|323\/323
|move|p1a: Noivern|Draco Meteor|p2a: Whimsicott
|-immune|p2a: Whimsicott|[msg]
|
|-weather|SunnyDay|[upkeep]
|turn|21
|
|switch|p1a: Gliscor|Gliscor, M|284\/354 tox
|move|p2a: Whimsicott|Encore|p1a: Gliscor
|-fail|p1a: Gliscor
|
|-weather|SunnyDay|[upkeep]
|-heal|p1a: Gliscor|328\/354 tox|[from] ability: Poison Heal
|turn|22
|
|move|p2a: Whimsicott|Substitute|p2a: Whimsicott
|-start|p2a: Whimsicott|Substitute
|-damage|p2a: Whimsicott|243\/323
|move|p1a: Gliscor|Substitute|p1a: Gliscor
|-start|p1a: Gliscor|Substitute
|-damage|p1a: Gliscor|240\/354 tox
|
|-weather|none
|-heal|p2a: Whimsicott|263\/323|[from] item: Leftovers
|-heal|p1a: Gliscor|284\/354 tox|[from] ability: Poison Heal
|turn|23
|
|move|p2a: Whimsicott|Encore|p1a: Gliscor
|-start|p1a: Gliscor|Encore
|move|p1a: Gliscor|Substitute|p1a: Gliscor
|-fail|p1a: Gliscor|move: Substitute
|
|-heal|p2a: Whimsicott|283\/323|[from] item: Leftovers
|-heal|p1a: Gliscor|328\/354 tox|[from] ability: Poison Heal
|turn|24
|
|switch|p2a: Charizard|Charizard, M|299\/299
|-formechange|p2a: Charizard|Charizard-Mega-Y
|-weather|SunnyDay
|switch|p1a: Noivern|Noivern, M|209\/311
|
|-weather|SunnyDay|[upkeep]
|turn|25
|
|move|p1a: Noivern|Draco Meteor|p2a: Charizard
|-damage|p2a: Charizard|52\/299
|-unboost|p1a: Noivern|spa|2
|move|p2a: Charizard|Air Slash|p1a: Noivern
|-damage|p1a: Noivern|22\/311
|
|-weather|SunnyDay|[upkeep]
|turn|26
|
|switch|p2a: Bisharp|Bisharp, M|234\/334
|move|p1a: Noivern|Draco Meteor|p2a: Bisharp
|-resisted|p2a: Bisharp
|-damage|p2a: Bisharp|142\/334
|-unboost|p1a: Noivern|spa|2
|
|-weather|SunnyDay|[upkeep]
|turn|27
|
|switch|p1a: Gliscor|Gliscor, M|328\/354 tox
|move|p2a: Bisharp|Iron Head|p1a: Gliscor
|-damage|p1a: Gliscor|228\/354 tox
|
|-weather|SunnyDay|[upkeep]
|-heal|p1a: Gliscor|272\/354 tox|[from] ability: Poison Heal
|turn|28
|
|move|p1a: Gliscor|Earthquake|p2a: Bisharp
|-supereffective|p2a: Bisharp
|-damage|p2a: Bisharp|0 fnt
|faint|p2a: Bisharp
|
|-weather|none
|-heal|p1a: Gliscor|316\/354 tox|[from] ability: Poison Heal
|
|switch|p2a: Charizard|Charizard, M|52\/299
|-formechange|p2a: Charizard|Charizard-Mega-Y
|-weather|SunnyDay
|turn|29
|
|move|p1a: Gliscor|Protect|p1a: Gliscor
|-singleturn|p1a: Gliscor|Protect
|move|p2a: Charizard|Flamethrower|p1a: Gliscor
|-activate|p1a: Gliscor|Protect
|
|-weather|SunnyDay|[upkeep]
|-heal|p1a: Gliscor|354\/354 tox|[from] ability: Poison Heal
|turn|30
|
|move|p2a: Charizard|Flamethrower|p1a: Gliscor
|-damage|p1a: Gliscor|11\/354 tox
|move|p1a: Gliscor|Toxic|p2a: Charizard
|-status|p2a: Charizard|tox
|
|-weather|SunnyDay|[upkeep]
|-damage|p2a: Charizard|34\/299 tox|[from] psn
|-heal|p1a: Gliscor|55\/354 tox|[from] ability: Poison Heal
|turn|31
|
|switch|p2a: Whimsicott|Whimsicott, M|283\/323
|move|p1a: Gliscor|Protect|p1a: Gliscor
|-fail|p1a: Gliscor
|
|-weather|SunnyDay|[upkeep]
|-heal|p2a: Whimsicott|303\/323|[from] item: Leftovers
|-heal|p1a: Gliscor|99\/354 tox|[from] ability: Poison Heal
|turn|32
|
|move|p2a: Whimsicott|Substitute|p2a: Whimsicott
|-start|p2a: Whimsicott|Substitute
|-damage|p2a: Whimsicott|223\/323
|move|p1a: Gliscor|Toxic|p2a: Whimsicott
|
|-weather|SunnyDay|[upkeep]
|-heal|p2a: Whimsicott|243\/323|[from] item: Leftovers
|-heal|p1a: Gliscor|143\/354 tox|[from] ability: Poison Heal
|turn|33
|
|move|p1a: Gliscor|Protect|p1a: Gliscor
|-singleturn|p1a: Gliscor|Protect
|move|p2a: Whimsicott|Moonblast|p1a: Gliscor
|-activate|p1a: Gliscor|Protect
|
|-weather|none
|-heal|p2a: Whimsicott|263\/323|[from] item: Leftovers
|-heal|p1a: Gliscor|187\/354 tox|[from] ability: Poison Heal
|turn|34
|chat|Zanryu|You're reminding me why I love me some Toxic Stall Gliscor
|chat|Zanryu|It's great stuff
|chat|KnightSansArmour|I am racking my brain for an answer to that Whimsicott right now
|chat|Zanryu|You have none
|chat|Zanryu|You stay in, I encore your Protect
|
|move|p2a: Whimsicott|Encore|p1a: Gliscor
|-start|p1a: Gliscor|Encore
|move|p1a: Gliscor|Protect|p1a: Gliscor
|-fail|p1a: Gliscor
|
|-heal|p2a: Whimsicott|283\/323|[from] item: Leftovers
|-heal|p1a: Gliscor|231\/354 tox|[from] ability: Poison Heal
|turn|35
|chat|Zanryu|You switch out, I seed your Blastoise and sub stall like a Gliscor, or MOon Blast your NOivern
|
|switch|p1a: Blastoise|Blastoise, M|296\/362 tox
|-formechange|p1a: Blastoise|Blastoise-Mega
|move|p2a: Whimsicott|Moonblast|p1a: Blastoise
|-damage|p1a: Blastoise|217\/362 tox
|
|-heal|p2a: Whimsicott|303\/323|[from] item: Leftovers
|-damage|p1a: Blastoise|195\/362 tox|[from] psn
|turn|36
|
|move|p2a: Whimsicott|Leech Seed|p1a: Blastoise
|-start|p1a: Blastoise|move: Leech Seed
|move|p1a: Blastoise|Water Pulse|p2a: Whimsicott
|-resisted|p2a: Whimsicott
|-end|p2a: Whimsicott|Substitute
|
|-heal|p2a: Whimsicott|323\/323|[from] item: Leftovers
|-damage|p1a: Blastoise|150\/362 tox|[from] Leech Seed|[of] p2a: Whimsicott
|-damage|p1a: Blastoise|106\/362 tox|[from] psn
|turn|37
|
|switch|p1a: Noivern|Noivern, M|22\/311
|move|p2a: Whimsicott|Substitute|p2a: Whimsicott
|-start|p2a: Whimsicott|Substitute
|-damage|p2a: Whimsicott|243\/323
|
|-heal|p2a: Whimsicott|263\/323|[from] item: Leftovers
|turn|38
|
|move|p1a: Noivern|Flamethrower|p2a: Whimsicott
|-supereffective|p2a: Whimsicott
|-damage|p2a: Whimsicott|0 fnt
|faint|p2a: Whimsicott
|
|chat|Zanryu|Oh shiat
|chat|KnightSansArmour|BOOM answer
|chat|Zanryu|dat NOivern
|chat|Zanryu|I forgot he gets Infiltrator
|chat|Zanryu|YOu sneaky bugger!
|
|switch|p2a: Slowbro|Slowbro, M|177\/394
|turn|39
|chat|Zanryu|Deliciously done!
|
|move|p1a: Noivern|Flamethrower|p2a: Slowbro
|-resisted|p2a: Slowbro
|-damage|p2a: Slowbro|102\/394
|move|p2a: Slowbro|Psychic|p1a: Noivern
|-damage|p1a: Noivern|0 fnt
|faint|p1a: Noivern
|
|-heal|p2a: Slowbro|126\/394|[from] item: Leftovers
|
|switch|p1a: Gliscor|Gliscor, M|231\/354 tox
|turn|40
|
|move|p1a: Gliscor|Protect|p1a: Gliscor
|-singleturn|p1a: Gliscor|Protect
|move|p2a: Slowbro|Scald|p1a: Gliscor
|-activate|p1a: Gliscor|Protect
|
|-heal|p2a: Slowbro|150\/394|[from] item: Leftovers
|-heal|p1a: Gliscor|275\/354 tox|[from] ability: Poison Heal
|turn|41
|
|switch|p2a: Gengar|Gengar, M|262\/262
|move|p1a: Gliscor|Substitute|p1a: Gliscor
|-start|p1a: Gliscor|Substitute
|-damage|p1a: Gliscor|187\/354 tox
|
|-heal|p1a: Gliscor|231\/354 tox|[from] ability: Poison Heal
|turn|42
|
|move|p1a: Gliscor|Protect|p1a: Gliscor
|-singleturn|p1a: Gliscor|Protect
|move|p2a: Gengar|Substitute|p2a: Gengar
|-start|p2a: Gengar|Substitute
|-damage|p2a: Gengar|197\/262
|
|-heal|p2a: Gengar|213\/262|[from] item: Black Sludge
|-heal|p1a: Gliscor|275\/354 tox|[from] ability: Poison Heal
|turn|43
|chat|KnightSansArmour|This is a bigger problem
|
|switch|p1a: Blastoise|Blastoise, M|106\/362 tox
|-formechange|p1a: Blastoise|Blastoise-Mega
|move|p2a: Gengar|Shadow Ball|p1a: Blastoise
|-damage|p1a: Blastoise|0 fnt
|faint|p1a: Blastoise
|
|-heal|p2a: Gengar|229\/262|[from] item: Black Sludge
|chat|Zanryu|Sub, Protect, Toxic, Earthquake, yeah?
|chat|KnightSansArmour|gg
|chat|Zanryu|gg
|chat|KnightSansArmour|yeah
|
|switch|p1a: Gliscor|Gliscor, M|275\/354 tox
|turn|44
|
|move|p2a: Gengar|Shadow Ball|p1a: Gliscor
|-damage|p1a: Gliscor|97\/354 tox
|move|p1a: Gliscor|Earthquake|p2a: Gengar
|-immune|p2a: Gengar|[msg]
|
|-heal|p2a: Gengar|245\/262|[from] item: Black Sludge
|-heal|p1a: Gliscor|141\/354 tox|[from] ability: Poison Heal
|turn|45
|chat|Zanryu|gg
|
|move|p2a: Gengar|Shadow Ball|p1a: Gliscor
|-damage|p1a: Gliscor|0 fnt
|faint|p1a: Gliscor
|
|win|Zanryu
|raw|Ladder updating...
|raw|KnightSansArmour's rating: 1530 &rarr; <strong>1506<\/strong><br \/>(-24 for losing)
|raw|Zanryu's rating: 1469 &rarr; <strong>1493<\/strong><br \/>(+24 for winning)