|join|Tom Durrrrr
|join|dial ebola
|player|p1|Tom Durrrrr|126
|player|p2|dial ebola|247
|gametype|singles
|gen|6
|tier|OU
|rated
|clearpoke
|poke|p1|Gothitelle, M
|poke|p1|Rotom-Wash
|poke|p1|Skarmory, M
|poke|p1|Tentacruel, M
|poke|p1|Diancie
|poke|p1|Tyranitar, M
|poke|p2|Greninja, F
|poke|p2|Dragonite, M
|poke|p2|Excadrill, M
|poke|p2|Bisharp, M
|poke|p2|Diggersby, M
|poke|p2|Lopunny, M
|rule|Swagger Clause: Swagger is banned
|rule|Baton Pass Clause: Limit one PokÃ©mon knowing Baton Pass
|rule|Sleep Clause Mod: Limit one foe put to sleep
|rule|Species Clause: Limit one of each PokÃ©mon
|rule|OHKO Clause: OHKO moves are banned
|rule|Moody Clause: Moody is banned
|rule|Evasion Moves Clause: Evasion moves are banned
|rule|Endless Battle Clause: Forcing endless battles is banned
|rule|HP Percentage Mod: HP is shown in percentages
|teampreview
|
|start
|switch|p1a: Rotom-Wash|Rotom-Wash|304\/304
|switch|p2a: Diggersby|Diggersby, M|311\/311
|turn|1
|
|move|p2a: Diggersby|Return|p1a: Rotom-Wash
|-damage|p1a: Rotom-Wash|96\/304
|-damage|p2a: Diggersby|280\/311|[from] item: Life Orb
|move|p1a: Rotom-Wash|Will-O-Wisp|p2a: Diggersby
|-status|p2a: Diggersby|brn
|
|-heal|p1a: Rotom-Wash|115\/304|[from] item: Leftovers
|-damage|p2a: Diggersby|242\/311 brn|[from] brn
|turn|2
|
|switch|p2a: Dragonite|Dragonite, M|323\/323
|switch|p1a: Skarmory|Skarmory, M|334\/334
|
|turn|3
|
|move|p2a: Dragonite|Fire Punch|p1a: Skarmory
|-supereffective|p1a: Skarmory
|-damage|p1a: Skarmory|166\/334
|move|p1a: Skarmory|Stealth Rock|p2a: Dragonite
|-sidestart|p2: dial ebola|move: Stealth Rock
|
|-heal|p1a: Skarmory|186\/334|[from] item: Leftovers
|turn|4
|
|switch|p2a: Greninja|Greninja, F|285\/285
|-damage|p2a: Greninja|250\/285|[from] Stealth Rock
|move|p1a: Skarmory|Roost|p1a: Skarmory
|-heal|p1a: Skarmory|334\/334
|
|turn|5
|
|switch|p1a: Tentacruel|Tentacruel, M|364\/364
|move|p2a: Greninja|Spikes|p1a: Tentacruel
|-start|p2a: Greninja|typechange|Ground|[from] Protean
|-sidestart|p1: Tom Durrrrr|Spikes
|
|turn|6
|
|move|p2a: Greninja|Hydro Pump|p1a: Tentacruel
|-start|p2a: Greninja|typechange|Water|[from] Protean
|-crit|p1a: Tentacruel
|-resisted|p1a: Tentacruel
|-damage|p1a: Tentacruel|224\/364
|-damage|p2a: Greninja|222\/285|[from] item: Life Orb
|move|p1a: Tentacruel|Rapid Spin|p2a: Greninja
|-damage|p2a: Greninja|208\/285
|-sideend|p1: Tom Durrrrr|Spikes|[from] move: Rapid Spin|[of] p1a: Tentacruel
|
|-heal|p1a: Tentacruel|246\/364|[from] item: Black Sludge
|turn|7
|
|move|p2a: Greninja|Hydro Pump|p1a: Tentacruel
|-resisted|p1a: Tentacruel
|-damage|p1a: Tentacruel|155\/364
|-damage|p2a: Greninja|180\/285|[from] item: Life Orb
|move|p1a: Tentacruel|Scald|p2a: Greninja
|-crit|p2a: Greninja
|-resisted|p2a: Greninja
|-damage|p2a: Greninja|108\/285
|
|-heal|p1a: Tentacruel|177\/364|[from] item: Black Sludge
|turn|8
|
|move|p2a: Greninja|Spikes|p1a: Tentacruel
|-start|p2a: Greninja|typechange|Ground|[from] Protean
|-sidestart|p1: Tom Durrrrr|Spikes
|move|p1a: Tentacruel|Scald|p2a: Greninja
|-supereffective|p2a: Greninja
|-damage|p2a: Greninja|0 fnt
|faint|p2a: Greninja
|
|-heal|p1a: Tentacruel|199\/364|[from] item: Black Sludge
|
|switch|p2a: Excadrill|Excadrill, M|362\/362
|-damage|p2a: Excadrill|351\/362|[from] Stealth Rock
|-ability|p2a: Excadrill|Mold Breaker
|turn|9
|
|switch|p1a: Skarmory|Skarmory, M|334\/334
|move|p2a: Excadrill|Stealth Rock|p1a: Skarmory
|-sidestart|p1: Tom Durrrrr|move: Stealth Rock
|
|turn|10
|
|switch|p2a: Bisharp|Bisharp, M|271\/271
|-damage|p2a: Bisharp|255\/271|[from] Stealth Rock
|move|p1a: Skarmory|Brave Bird|p2a: Bisharp
|-resisted|p2a: Bisharp
|-damage|p2a: Bisharp|193\/271
|-damage|p1a: Skarmory|314\/334|[from] recoil|[of] p2a: Bisharp
|
|-heal|p1a: Skarmory|334\/334|[from] item: Leftovers
|turn|11
|
|move|p2a: Bisharp|Swords Dance|p2a: Bisharp
|-boost|p2a: Bisharp|atk|2
|move|p1a: Skarmory|Whirlwind|p2a: Bisharp
|drag|p2a: Excadrill|Excadrill, M|351\/362
|-damage|p2a: Excadrill|340\/362|[from] Stealth Rock
|-ability|p2a: Excadrill|Mold Breaker
|
|turn|12
|
|switch|p2a: Bisharp|Bisharp, M|193\/271
|-damage|p2a: Bisharp|177\/271|[from] Stealth Rock
|move|p1a: Skarmory|Brave Bird|p2a: Bisharp
|-resisted|p2a: Bisharp
|-damage|p2a: Bisharp|117\/271
|-damage|p1a: Skarmory|314\/334|[from] recoil|[of] p2a: Bisharp
|
|-heal|p1a: Skarmory|334\/334|[from] item: Leftovers
|turn|13
|
|move|p2a: Bisharp|Knock Off|p1a: Skarmory
|-damage|p1a: Skarmory|208\/334
|-enditem|p1a: Skarmory|Leftovers|[from] move: Knock Off|[of] p2a: Bisharp
|-damage|p2a: Bisharp|90\/271|[from] item: Life Orb
|move|p1a: Skarmory|Whirlwind|p2a: Bisharp
|drag|p2a: Excadrill|Excadrill, M|340\/362
|-damage|p2a: Excadrill|329\/362|[from] Stealth Rock
|-ability|p2a: Excadrill|Mold Breaker
|
|turn|14
|
|move|p2a: Excadrill|Rapid Spin|p1a: Skarmory
|-resisted|p1a: Skarmory
|-damage|p1a: Skarmory|202\/334
|-sideend|p2: dial ebola|Stealth Rock|[from] move: Rapid Spin|[of] p2a: Excadrill
|move|p1a: Skarmory|Roost|p1a: Skarmory
|-heal|p1a: Skarmory|334\/334
|
|turn|15
|
|switch|p2a: Dragonite|Dragonite, M|323\/323
|move|p1a: Skarmory|Stealth Rock|p2a: Dragonite
|-sidestart|p2: dial ebola|move: Stealth Rock
|
|turn|16
|
|move|p2a: Dragonite|Fire Punch|p1a: Skarmory
|-supereffective|p1a: Skarmory
|-damage|p1a: Skarmory|158\/334
|move|p1a: Skarmory|Whirlwind|p2a: Dragonite
|drag|p2a: Excadrill|Excadrill, M|329\/362
|-damage|p2a: Excadrill|318\/362|[from] Stealth Rock
|-ability|p2a: Excadrill|Mold Breaker
|
|turn|17
|
|move|p2a: Excadrill|Rapid Spin|p1a: Skarmory
|-resisted|p1a: Skarmory
|-damage|p1a: Skarmory|150\/334
|-sideend|p2: dial ebola|Stealth Rock|[from] move: Rapid Spin|[of] p2a: Excadrill
|move|p1a: Skarmory|Roost|p1a: Skarmory
|-heal|p1a: Skarmory|317\/334
|
|turn|18
|
|switch|p2a: Dragonite|Dragonite, M|323\/323
|move|p1a: Skarmory|Whirlwind|p2a: Dragonite
|drag|p2a: Lopunny|Lopunny, M|272\/272
|
|turn|19
|
|detailschange|p2a: Lopunny|Lopunny-Mega, M
|message|Lopunny has Mega Evolved into Mega Lopunny!
|move|p2a: Lopunny|High Jump Kick|p1a: Skarmory
|-damage|p1a: Skarmory|185\/334
|move|p1a: Skarmory|Stealth Rock|p2a: Lopunny
|-sidestart|p2: dial ebola|move: Stealth Rock
|
|turn|20
|
|move|p2a: Lopunny|Healing Wish|p2a: Lopunny
|faint|p2a: Lopunny
|move|p1a: Skarmory|Roost|p1a: Skarmory
|-heal|p1a: Skarmory|334\/334
|
|
|switch|p2a: Diggersby|Diggersby, M|242\/311 brn
|-heal|p2a: Diggersby|311\/311|[from] move: Healing Wish
|-damage|p2a: Diggersby|292\/311|[from] Stealth Rock
|turn|21
|
|move|p2a: Diggersby|Swords Dance|p2a: Diggersby
|-boost|p2a: Diggersby|atk|2
|move|p1a: Skarmory|Whirlwind|p2a: Diggersby
|drag|p2a: Dragonite|Dragonite, M|323\/323
|-damage|p2a: Dragonite|243\/323|[from] Stealth Rock
|
|turn|22
|
|move|p2a: Dragonite|Fire Punch|p1a: Skarmory
|-supereffective|p1a: Skarmory
|-damage|p1a: Skarmory|170\/334
|move|p1a: Skarmory|Whirlwind|p2a: Dragonite
|drag|p2a: Diggersby|Diggersby, M|292\/311
|-damage|p2a: Diggersby|273\/311|[from] Stealth Rock
|
|turn|23
|
|move|p2a: Diggersby|Swords Dance|p2a: Diggersby
|-boost|p2a: Diggersby|atk|2
|move|p1a: Skarmory|Roost|p1a: Skarmory
|-heal|p1a: Skarmory|334\/334
|
|turn|24
|
|move|p2a: Diggersby|Return|p1a: Skarmory
|-resisted|p1a: Skarmory
|-damage|p1a: Skarmory|164\/334
|-damage|p2a: Diggersby|242\/311|[from] item: Life Orb
|move|p1a: Skarmory|Whirlwind|p2a: Diggersby
|drag|p2a: Dragonite|Dragonite, M|243\/323
|-damage|p2a: Dragonite|163\/323|[from] Stealth Rock
|
|turn|25
|
|switch|p1a: Tyranitar|Tyranitar, M|404\/404
|-damage|p1a: Tyranitar|354\/404|[from] Stealth Rock
|-damage|p1a: Tyranitar|304\/404|[from] Spikes
|-weather|Sandstorm
|move|p2a: Dragonite|Fire Punch|p1a: Tyranitar
|-resisted|p1a: Tyranitar
|-damage|p1a: Tyranitar|241\/404
|
|-weather|Sandstorm|[upkeep]
|-damage|p2a: Dragonite|143\/323|[from] sandstorm
|turn|26
|
|move|p1a: Tyranitar|Pursuit|p2a: Dragonite|[from]Pursuit
|-damage|p2a: Dragonite|0 fnt
|faint|p2a: Dragonite
|
|-weather|Sandstorm|[upkeep]
|
|switch|p2a: Diggersby|Diggersby, M|242\/311
|-damage|p2a: Diggersby|223\/311|[from] Stealth Rock
|turn|27
|
|move|p2a: Diggersby|Swords Dance|p2a: Diggersby
|-boost|p2a: Diggersby|atk|2
|move|p1a: Tyranitar|Ice Punch|p2a: Diggersby
|-supereffective|p2a: Diggersby
|-damage|p2a: Diggersby|15\/311
|
|-weather|Sandstorm|[upkeep]
|turn|28
|
|move|p2a: Diggersby|Earthquake|p1a: Tyranitar
|-supereffective|p1a: Tyranitar
|-damage|p1a: Tyranitar|0 fnt
|-damage|p2a: Diggersby|0 fnt|[from] item: Life Orb
|faint|p1a: Tyranitar
|faint|p2a: Diggersby
|
|-weather|Sandstorm|[upkeep]
|-message|dial ebola lost due to inactivity.
|
|win|Tom Durrrrr
|raw|Ladder updating...
|raw|Ladder (probably) updated, but score could not be retrieved (timeout).
|raw|Ladder (probably) updated, but score could not be retrieved (Error: socket hang up).
|leave|Tom Durrrrr
|player|p1