|join|zed lepplin
|join|dial ebola
|player|p1|zed lepplin|238
|player|p2|dial ebola|247
|gametype|singles
|gen|6
|tier|OU
|rated
|clearpoke
|poke|p1|Bisharp, F
|poke|p1|Sharpedo, F
|poke|p1|Keldeo-Resolute
|poke|p1|Landorus-Therian, M
|poke|p1|Rotom-Wash
|poke|p1|Latios, M
|poke|p2|Talonflame, F
|poke|p2|Greninja, M
|poke|p2|Breloom, F
|poke|p2|Scizor, F
|poke|p2|Landorus, M
|poke|p2|Crawdaunt, F
|rule|Swagger Clause: Swagger is banned
|rule|Baton Pass Clause: Limit one PokÃ©mon knowing Baton Pass
|rule|Sleep Clause Mod: Limit one foe put to sleep
|rule|Species Clause: Limit one of each PokÃ©mon
|rule|OHKO Clause: OHKO moves are banned
|rule|Moody Clause: Moody is banned
|rule|Evasion Moves Clause: Evasion moves are banned
|rule|Endless Battle Clause: Forcing endless battles is banned
|rule|HP Percentage Mod: HP is shown in percentages
|teampreview
|
|start
|switch|p1a: Latios|Latios, M|301\/301
|switch|p2a: Landorus|Landorus, M|319\/319
|turn|1
|
|switch|p2a: Scizor|Scizor, F|344\/344
|move|p1a: Latios|Draco Meteor|p2a: Scizor
|-resisted|p2a: Scizor
|-damage|p2a: Scizor|219\/344
|-unboost|p1a: Latios|spa|2
|-damage|p1a: Latios|271\/301|[from] item: Life Orb
|
|turn|2
|
|switch|p1a: Rotom-Wash|Rotom-Wash|304\/304
|detailschange|p2a: Scizor|Scizor-Mega, F
|-mega|p2a: Scizor|Scizor|Scizorite
|move|p2a: Scizor|U-turn|p1a: Rotom-Wash
|-damage|p1a: Rotom-Wash|223\/304
|
|switch|p2a: Breloom|Breloom, F|262\/262
|
|-heal|p1a: Rotom-Wash|242\/304|[from] item: Leftovers
|turn|3
|
|move|p2a: Breloom|Bullet Seed|p1a: Rotom-Wash
|-supereffective|p1a: Rotom-Wash
|-damage|p1a: Rotom-Wash|144\/304
|-supereffective|p1a: Rotom-Wash
|-damage|p1a: Rotom-Wash|52\/304
|-supereffective|p1a: Rotom-Wash
|-damage|p1a: Rotom-Wash|0 fnt
|-hitcount|p1a: Rotom-Wash|3
|faint|p1a: Rotom-Wash
|
|
|switch|p1a: Latios|Latios, M|271\/301
|turn|4
|
|switch|p2a: Scizor|Scizor-Mega, F|219\/344
|move|p1a: Latios|Draco Meteor|p2a: Scizor
|-resisted|p2a: Scizor
|-damage|p2a: Scizor|118\/344
|-unboost|p1a: Latios|spa|2
|-damage|p1a: Latios|241\/301|[from] item: Life Orb
|
|turn|5
|
|move|p1a: Latios|Hidden Power|p2a: Scizor
|-supereffective|p2a: Scizor
|-damage|p2a: Scizor|0 fnt
|-damage|p1a: Latios|211\/301|[from] item: Life Orb
|faint|p2a: Scizor
|
|
|switch|p2a: Greninja|Greninja, M|285\/285
|turn|6
|
|switch|p1a: Keldeo-Resolute|Keldeo-Resolute|324\/324
|move|p2a: Greninja|Gunk Shot|p1a: Keldeo-Resolute
|-start|p2a: Greninja|typechange|Poison|[from] Protean
|-damage|p1a: Keldeo-Resolute|128\/324
|-damage|p2a: Greninja|257\/285|[from] item: Life Orb
|
|-heal|p1a: Keldeo-Resolute|148\/324|[from] item: Leftovers
|turn|7
|
|switch|p1a: Bisharp|Bisharp, F|271\/271
|move|p2a: Greninja|Gunk Shot|p1a: Bisharp
|-immune|p1a: Bisharp|[msg]
|
|turn|8
|
|move|p2a: Greninja|Spikes|p1a: Bisharp
|-start|p2a: Greninja|typechange|Ground|[from] Protean
|-sidestart|p1: zed lepplin|Spikes
|move|p1a: Bisharp|Iron Head|p2a: Greninja
|-damage|p2a: Greninja|0 fnt
|-damage|p1a: Bisharp|244\/271|[from] item: Life Orb
|faint|p2a: Greninja
|
|
|switch|p2a: Breloom|Breloom, F|262\/262
|turn|9
|
|move|p2a: Breloom|Mach Punch|p1a: Bisharp
|-supereffective|p1a: Bisharp
|-damage|p1a: Bisharp|0 fnt
|faint|p1a: Bisharp
|
|
|switch|p1a: Latios|Latios, M|211\/301
|turn|10
|
|switch|p2a: Landorus|Landorus, M|319\/319
|move|p1a: Latios|Draco Meteor|p2a: Landorus|[miss]
|-miss|p1a: Latios|p2a: Landorus
|
|turn|11
|c|âzed lepplin|retarded
|
|move|p1a: Latios|Draco Meteor|p2a: Landorus
|-damage|p2a: Landorus|0 fnt
|-unboost|p1a: Latios|spa|2
|-damage|p1a: Latios|181\/301|[from] item: Life Orb
|faint|p2a: Landorus
|
|
|switch|p2a: Crawdaunt|Crawdaunt, F|267\/267
|turn|12
|
|switch|p1a: Keldeo-Resolute|Keldeo-Resolute|148\/324
|-damage|p1a: Keldeo-Resolute|108\/324|[from] Spikes
|move|p2a: Crawdaunt|Swords Dance|p2a: Crawdaunt
|-boost|p2a: Crawdaunt|atk|2
|
|-heal|p1a: Keldeo-Resolute|128\/324|[from] item: Leftovers
|turn|13
|
|switch|p2a: Talonflame|Talonflame, F|298\/298
|move|p1a: Keldeo-Resolute|Secret Sword|p2a: Talonflame
|-resisted|p2a: Talonflame
|-damage|p2a: Talonflame|194\/298
|
|-heal|p1a: Keldeo-Resolute|148\/324|[from] item: Leftovers
|turn|14
|
|switch|p1a: Landorus-Therian|Landorus-Therian, M|381\/381
|-ability|p1a: Landorus-Therian|Intimidate|[of] p2a: Talonflame
|-unboost|p2a: Talonflame|atk|1
|move|p2a: Talonflame|Natural Gift|p1a: Landorus-Therian
|-damage|p1a: Landorus-Therian|329\/381
|
|-heal|p1a: Landorus-Therian|352\/381|[from] item: Leftovers
|turn|15
|
|move|p2a: Talonflame|Swords Dance|p2a: Talonflame
|-boost|p2a: Talonflame|atk|2
|move|p1a: Landorus-Therian|Stealth Rock|p2a: Talonflame
|-sidestart|p2: dial ebola|move: Stealth Rock
|
|-heal|p1a: Landorus-Therian|375\/381|[from] item: Leftovers
|turn|16
|
|move|p2a: Talonflame|Acrobatics|p1a: Landorus-Therian
|-damage|p1a: Landorus-Therian|203\/381
|move|p1a: Landorus-Therian|Stone Edge|p2a: Talonflame
|-supereffective|p2a: Talonflame
|-damage|p2a: Talonflame|0 fnt
|faint|p2a: Talonflame
|
|-heal|p1a: Landorus-Therian|226\/381|[from] item: Leftovers
|
|switch|p2a: Breloom|Breloom, F|262\/262
|-damage|p2a: Breloom|246\/262|[from] Stealth Rock
|turn|17
|
|move|p2a: Breloom|Spore|p1a: Landorus-Therian
|-status|p1a: Landorus-Therian|slp
|cant|p1a: Landorus-Therian|slp
|
|-heal|p1a: Landorus-Therian|249\/381 slp|[from] item: Leftovers
|turn|18
|
|move|p2a: Breloom|Bullet Seed|p1a: Landorus-Therian
|-damage|p1a: Landorus-Therian|197\/381 slp
|-damage|p1a: Landorus-Therian|142\/381 slp
|-damage|p1a: Landorus-Therian|87\/381 slp
|-damage|p1a: Landorus-Therian|35\/381 slp
|-hitcount|p1a: Landorus-Therian|4
|cant|p1a: Landorus-Therian|slp
|
|-heal|p1a: Landorus-Therian|58\/381 slp|[from] item: Leftovers
|turn|19
|
|move|p2a: Breloom|Bullet Seed|p1a: Landorus-Therian
|-damage|p1a: Landorus-Therian|4\/381 slp
|-damage|p1a: Landorus-Therian|0 fnt
|-hitcount|p1a: Landorus-Therian|2
|faint|p1a: Landorus-Therian
|
|
|switch|p1a: Keldeo-Resolute|Keldeo-Resolute|148\/324
|-damage|p1a: Keldeo-Resolute|108\/324|[from] Spikes
|turn|20
|
|move|p2a: Breloom|Mach Punch|p1a: Keldeo-Resolute
|-damage|p1a: Keldeo-Resolute|0 fnt
|faint|p1a: Keldeo-Resolute
|
|
|switch|p1a: Latios|Latios, M|181\/301
|turn|21
|
|switch|p2a: Crawdaunt|Crawdaunt, F|267\/267
|-damage|p2a: Crawdaunt|234\/267|[from] Stealth Rock
|move|p1a: Latios|Hidden Power|p2a: Crawdaunt
|-resisted|p2a: Crawdaunt
|-damage|p2a: Crawdaunt|160\/267
|-damage|p1a: Latios|151\/301|[from] item: Life Orb
|
|turn|22
|
|move|p2a: Crawdaunt|Aqua Jet|p1a: Latios
|-resisted|p1a: Latios
|-damage|p1a: Latios|85\/301
|-damage|p2a: Crawdaunt|134\/267|[from] item: Life Orb
|move|p1a: Latios|Draco Meteor|p2a: Crawdaunt
|-damage|p2a: Crawdaunt|0 fnt
|-unboost|p1a: Latios|spa|2
|-damage|p1a: Latios|55\/301|[from] item: Life Orb
|faint|p2a: Crawdaunt
|
|c|âzed lepplin|gg
|
|switch|p2a: Breloom|Breloom, F|246\/262
|-damage|p2a: Breloom|230\/262|[from] Stealth Rock
|turn|23
|
|move|p2a: Breloom|Mach Punch|p1a: Latios
|-resisted|p1a: Latios
|-damage|p1a: Latios|0 fnt
|faint|p1a: Latios
|
|-message|zed lepplin forfeited.
|leave|zed lepplin
|
|win|dial ebola
|raw|Ladder updating...
|raw|zed lepplin's rating: 1631 &rarr; <strong>1606<\/strong><br \/>(-25 for losing)
|raw|dial ebola's rating: 1546 &rarr; <strong>1571<\/strong><br \/>(+25 for winning)
|player|p1