|join|DIAL EBOLA
|join|ModoTheGreat
|player|p1|DIAL EBOLA|169
|player|p2|ModoTheGreat|49
|gametype|singles
|gen|6
|tier|OU
|rated
|clearpoke
|poke|p1|Tyrantrum, M
|poke|p1|Landorus, M
|poke|p1|Greninja, F
|poke|p1|Wobbuffet, M
|poke|p1|Azelf
|poke|p1|Scizor, M
|poke|p2|Weavile, F
|poke|p2|Volcarona, M
|poke|p2|Salamence, F
|poke|p2|Keldeo-Resolute
|poke|p2|Skarmory, M, shiny
|poke|p2|Venusaur, F
|rule|Swagger Clause: Swagger is banned
|rule|Baton Pass Clause: Limit one PokÃ©mon knowing Baton Pass
|rule|Sleep Clause Mod: Limit one foe put to sleep
|rule|Species Clause: Limit one of each PokÃ©mon
|rule|OHKO Clause: OHKO moves are banned
|rule|Moody Clause: Moody is banned
|rule|Evasion Moves Clause: Evasion moves are banned
|rule|Endless Battle Clause: Forcing endless battles is banned
|rule|HP Percentage Mod: HP is shown in percentages
|teampreview
|
|start
|switch|p1a: Wobbuffet|Wobbuffet, M|545\/545
|switch|p2a: Growth|Venusaur, F|364\/364
|turn|1
|
|detailschange|p2a: Growth|Venusaur-Mega, F
|message|Venusaur has Mega Evolved into Mega Venusaur!
|move|p2a: Growth|Sludge Bomb|p1a: Wobbuffet
|-damage|p1a: Wobbuffet|305\/545
|move|p1a: Wobbuffet|Encore|p2a: Growth
|-start|p2a: Growth|Encore
|
|-heal|p1a: Wobbuffet|339\/545|[from] item: Leftovers
|turn|2
|
|move|p2a: Growth|Sludge Bomb|p1a: Wobbuffet
|-damage|p1a: Wobbuffet|80\/545
|-status|p1a: Wobbuffet|psn
|move|p1a: Wobbuffet|Mirror Coat|p2a: Growth
|-damage|p2a: Growth|0 fnt
|faint|p2a: Growth
|
|-heal|p1a: Wobbuffet|114\/545 psn|[from] item: Leftovers
|-damage|p1a: Wobbuffet|46\/545 psn|[from] psn
|
|switch|p2a: Strength|Weavile, F|282\/282
|-ability|p2a: Strength|Pressure
|turn|3
|
|move|p2a: Strength|Knock Off|p1a: Wobbuffet
|-supereffective|p1a: Wobbuffet
|-damage|p1a: Wobbuffet|0 fnt
|-enditem|p1a: Wobbuffet|Leftovers|[from] move: Knock Off|[of] p2a: Strength
|faint|p1a: Wobbuffet
|
|
|switch|p1a: Scizor|Scizor, M|281\/281
|turn|4
|
|switch|p2a: Resilience|Skarmory, M, shiny|334\/334
|switch|p1a: Landorus|Landorus, M|319\/319
|
|turn|5
|
|move|p1a: Landorus|Calm Mind|p1a: Landorus
|-boost|p1a: Landorus|spa|1
|-boost|p1a: Landorus|spd|1
|move|p2a: Resilience|Stealth Rock|p1a: Landorus
|-sidestart|p1: DIAL EBOLA|move: Stealth Rock
|
|turn|6
|
|move|p1a: Landorus|Focus Blast|p2a: Resilience
|-activate|p2a: Resilience|Sturdy
|-damage|p2a: Resilience|1\/334
|move|p2a: Resilience|Whirlwind|p1a: Landorus
|drag|p1a: Greninja|Greninja, F|285\/285
|-damage|p1a: Greninja|250\/285|[from] Stealth Rock
|
|-heal|p2a: Resilience|21\/334|[from] item: Leftovers
|turn|7
|
|move|p1a: Greninja|Ice Beam|p2a: Resilience
|-start|p1a: Greninja|typechange|Ice|[from] Protean
|-damage|p2a: Resilience|0 fnt
|-damage|p1a: Greninja|222\/285|[from] item: Life Orb
|faint|p2a: Resilience
|
|
|switch|p2a: Intellect|Keldeo-Resolute|323\/323
|turn|8
|
|switch|p1a: Azelf|Azelf|354\/354
|-damage|p1a: Azelf|310\/354|[from] Stealth Rock
|move|p2a: Intellect|Secret Sword|p1a: Azelf
|-resisted|p1a: Azelf
|-damage|p1a: Azelf|205\/354
|
|turn|9
|
|switch|p2a: Strength|Weavile, F|282\/282
|-ability|p2a: Strength|Pressure
|move|p1a: Azelf|Light Screen|p1a: Azelf
|-sidestart|p1: DIAL EBOLA|move: Light Screen
|
|turn|10
|
|move|p2a: Strength|Knock Off|p1a: Azelf
|-supereffective|p1a: Azelf
|-damage|p1a: Azelf|0 fnt
|-enditem|p1a: Azelf|Light Clay|[from] move: Knock Off|[of] p2a: Strength
|faint|p1a: Azelf
|
|
|switch|p1a: Tyrantrum|Tyrantrum, M|305\/305
|-damage|p1a: Tyrantrum|267\/305|[from] Stealth Rock
|turn|11
|
|move|p2a: Strength|Ice Punch|p1a: Tyrantrum
|-supereffective|p1a: Tyrantrum
|-damage|p1a: Tyrantrum|63\/305
|move|p1a: Tyrantrum|Dragon Dance|p1a: Tyrantrum
|-boost|p1a: Tyrantrum|atk|1
|-boost|p1a: Tyrantrum|spe|1
|
|turn|12
|
|move|p2a: Strength|Ice Shard|p1a: Tyrantrum
|-supereffective|p1a: Tyrantrum
|-damage|p1a: Tyrantrum|0 fnt
|faint|p1a: Tyrantrum
|
|
|switch|p1a: Scizor|Scizor, M|281\/281
|-damage|p1a: Scizor|246\/281|[from] Stealth Rock
|turn|13
|
|switch|p2a: Training|Salamence, F|331\/331
|detailschange|p1a: Scizor|Scizor-Mega, M
|message|Scizor has Mega Evolved into Mega Scizor!
|move|p1a: Scizor|Swords Dance|p1a: Scizor
|-boost|p1a: Scizor|atk|2
|
|turn|14
|
|move|p2a: Training|Earthquake|p1a: Scizor
|-damage|p1a: Scizor|125\/281
|-damage|p2a: Training|298\/331|[from] item: Life Orb
|move|p1a: Scizor|Swords Dance|p1a: Scizor
|-boost|p1a: Scizor|atk|2
|
|turn|15
|
|move|p1a: Scizor|Bullet Punch|p2a: Training
|-damage|p2a: Training|0 fnt
|faint|p2a: Training
|
|
|switch|p2a: Intellect|Keldeo-Resolute|323\/323
|turn|16
|
|move|p1a: Scizor|Bullet Punch|p2a: Intellect
|-resisted|p2a: Intellect
|-damage|p2a: Intellect|92\/323
|move|p2a: Intellect|Hydro Pump|p1a: Scizor
|-damage|p1a: Scizor|36\/281
|
|-sideend|p1: DIAL EBOLA|move: Light Screen
|turn|17
|c|âModoTheGreat|oh right
|c|âModoTheGreat|shitty wall
|
|move|p1a: Scizor|Bullet Punch|p2a: Intellect
|-resisted|p2a: Intellect
|-damage|p2a: Intellect|0 fnt
|faint|p2a: Intellect
|
|
|switch|p2a: Strength|Weavile, F|282\/282
|-ability|p2a: Strength|Pressure
|turn|18
|
|move|p2a: Strength|Ice Shard|p1a: Scizor
|-resisted|p1a: Scizor
|-damage|p1a: Scizor|9\/281
|move|p1a: Scizor|Bullet Punch|p2a: Strength
|-supereffective|p2a: Strength
|-enditem|p2a: Strength|Focus Sash
|-damage|p2a: Strength|1\/282
|
|turn|19
|c|âModoTheGreat|you're shitting me
|
|move|p2a: Strength|Ice Shard|p1a: Scizor
|-resisted|p1a: Scizor
|-damage|p1a: Scizor|0 fnt
|faint|p1a: Scizor
|
|
|switch|p1a: Greninja|Greninja, F|222\/285
|-damage|p1a: Greninja|187\/285|[from] Stealth Rock
|turn|20
|
|switch|p2a: Judgement|Volcarona, M|312\/312
|move|p1a: Greninja|Hidden Power|p2a: Judgement
|-start|p1a: Greninja|typechange|Fire|[from] Protean
|-crit|p2a: Judgement
|-damage|p2a: Judgement|144\/312
|-damage|p1a: Greninja|159\/285|[from] item: Life Orb
|
|-heal|p2a: Judgement|163\/312|[from] item: Leftovers
|turn|21
|
|move|p1a: Greninja|Hydro Pump|p2a: Judgement
|-start|p1a: Greninja|typechange|Water|[from] Protean
|-supereffective|p2a: Judgement
|-damage|p2a: Judgement|0 fnt
|-damage|p1a: Greninja|131\/285|[from] item: Life Orb
|faint|p2a: Judgement
|
|
|switch|p2a: Strength|Weavile, F|1\/282
|-ability|p2a: Strength|Pressure
|turn|22
|
|move|p2a: Strength|Knock Off|p1a: Greninja
|-damage|p1a: Greninja|0 fnt
|-enditem|p1a: Greninja|Life Orb|[from] move: Knock Off|[of] p2a: Strength
|faint|p1a: Greninja
|
|
|switch|p1a: Landorus|Landorus, M|319\/319
|-damage|p1a: Landorus|280\/319|[from] Stealth Rock
|turn|23
|
|move|p2a: Strength|Ice Punch|p1a: Landorus
|-supereffective|p1a: Landorus
|-damage|p1a: Landorus|0 fnt
|faint|p1a: Landorus
|
|win|ModoTheGreat
|raw|Ladder updating...
|c|âModoTheGreat|:3
|raw|DIAL EBOLA's rating: 1394 &rarr; <strong>1377<\/strong><br \/>(-17 for losing)
|raw|ModoTheGreat's rating: 1439 &rarr; <strong>1456<\/strong><br \/>(+17 for winning)
|leave|DIAL EBOLA
|player|p1