|join|dial ebola
|join|Nightstorm52
|player|p1|dial ebola|247
|player|p2|Nightstorm52|170
|gametype|singles
|gen|6
|tier|OU
|rated
|clearpoke
|poke|p1|Celebi
|poke|p1|Rotom-Heat
|poke|p1|Diancie
|poke|p1|Keldeo
|poke|p1|Landorus-Therian, M
|poke|p1|Scizor, F
|poke|p2|Landorus-Therian, M
|poke|p2|Dragonite, M
|poke|p2|Latios, M, shiny
|poke|p2|Clefable, M, shiny
|poke|p2|Sableye, M
|poke|p2|Ferrothorn, M
|rule|Swagger Clause: Swagger is banned
|rule|Baton Pass Clause: Limit one PokÃ©mon knowing Baton Pass
|rule|Sleep Clause Mod: Limit one foe put to sleep
|rule|Species Clause: Limit one of each PokÃ©mon
|rule|OHKO Clause: OHKO moves are banned
|rule|Moody Clause: Moody is banned
|rule|Evasion Moves Clause: Evasion moves are banned
|rule|Endless Battle Clause: Forcing endless battles is banned
|rule|HP Percentage Mod: HP is shown in percentages
|teampreview
|
|start
|switch|p1a: Keldeo|Keldeo|323\/323
|switch|p2a: Ghoul|Sableye, M|303\/303
|turn|1
|
|switch|p1a: Rotom-Heat|Rotom-Heat|304\/304
|detailschange|p2a: Ghoul|Sableye-Mega, M
|-mega|p2a: Ghoul|Sableye|Sablenite
|move|p2a: Ghoul|Toxic|p1a: Rotom-Heat
|-status|p1a: Rotom-Heat|tox
|
|-damage|p1a: Rotom-Heat|285\/304 tox|[from] psn
|turn|2
|
|move|p1a: Rotom-Heat|Volt Switch|p2a: Ghoul
|-damage|p2a: Ghoul|236\/303
|
|switch|p1a: Diancie|Diancie|241\/241
|move|p2a: Ghoul|Knock Off|p1a: Diancie
|-resisted|p1a: Diancie
|-damage|p1a: Diancie|217\/241
|
|turn|3
|
|switch|p2a: I'mPrickly|Ferrothorn, M|352\/352
|detailschange|p1a: Diancie|Diancie-Mega
|-mega|p1a: Diancie|Diancie|Diancite
|move|p1a: Diancie|Earth Power|p2a: I'mPrickly
|-damage|p2a: I'mPrickly|257\/352
|-unboost|p2a: I'mPrickly|spd|1
|
|-heal|p2a: I'mPrickly|279\/352|[from] item: Leftovers
|turn|4
|
|switch|p1a: Rotom-Heat|Rotom-Heat|285\/304 tox
|move|p2a: I'mPrickly|Gyro Ball|p1a: Rotom-Heat
|-resisted|p1a: Rotom-Heat
|-damage|p1a: Rotom-Heat|250\/304 tox
|
|-heal|p1a: Rotom-Heat|269\/304 tox|[from] item: Leftovers
|-heal|p2a: I'mPrickly|301\/352|[from] item: Leftovers
|-damage|p1a: Rotom-Heat|250\/304 tox|[from] psn
|turn|5
|
|move|p1a: Rotom-Heat|Overheat|p2a: I'mPrickly|[miss]
|-miss|p1a: Rotom-Heat|p2a: I'mPrickly
|move|p2a: I'mPrickly|Gyro Ball|p1a: Rotom-Heat
|-resisted|p1a: Rotom-Heat
|-damage|p1a: Rotom-Heat|215\/304 tox
|
|-heal|p1a: Rotom-Heat|234\/304 tox|[from] item: Leftovers
|-heal|p2a: I'mPrickly|323\/352|[from] item: Leftovers
|-damage|p1a: Rotom-Heat|196\/304 tox|[from] psn
|turn|6
|
|switch|p2a: Officer Tubbs|Clefable, M, shiny|393\/393
|move|p1a: Rotom-Heat|Volt Switch|p2a: Officer Tubbs
|-crit|p2a: Officer Tubbs
|-damage|p2a: Officer Tubbs|255\/393
|
|switch|p1a: Scizor|Scizor, F|344\/344
|
|-heal|p2a: Officer Tubbs|279\/393|[from] item: Leftovers
|turn|7
|
|move|p1a: Scizor|Bullet Punch|p2a: Officer Tubbs
|-supereffective|p2a: Officer Tubbs
|-damage|p2a: Officer Tubbs|127\/393
|move|p2a: Officer Tubbs|Flamethrower|p1a: Scizor
|-supereffective|p1a: Scizor
|-damage|p1a: Scizor|128\/344
|
|-heal|p1a: Scizor|149\/344|[from] item: Leftovers
|-heal|p2a: Officer Tubbs|151\/393|[from] item: Leftovers
|turn|8
|
|switch|p2a: Lion King|Landorus-Therian, M|382\/382
|-ability|p2a: Lion King|Intimidate|[of] p1a: Scizor
|-unboost|p1a: Scizor|atk|1
|move|p1a: Scizor|Bullet Punch|p2a: Lion King
|-damage|p2a: Lion King|325\/382
|
|-heal|p2a: Lion King|348\/382|[from] item: Leftovers
|-heal|p1a: Scizor|170\/344|[from] item: Leftovers
|turn|9
|
|move|p2a: Lion King|Earthquake|p1a: Scizor
|-damage|p1a: Scizor|0 fnt
|faint|p1a: Scizor
|
|-heal|p2a: Lion King|371\/382|[from] item: Leftovers
|
|switch|p1a: Keldeo|Keldeo|323\/323
|turn|10
|
|switch|p2a: Ghoul|Sableye-Mega, M|236\/303
|move|p1a: Keldeo|Scald|p2a: Ghoul
|-damage|p2a: Ghoul|137\/303
|-status|p2a: Ghoul|brn
|
|-damage|p2a: Ghoul|100\/303 brn|[from] brn
|turn|11
|
|switch|p1a: Diancie|Diancie-Mega|217\/241
|move|p2a: Ghoul|Recover|p2a: Ghoul
|-heal|p2a: Ghoul|252\/303 brn
|
|-damage|p2a: Ghoul|215\/303 brn|[from] brn
|turn|12
|
|move|p1a: Diancie|Earth Power|p2a: Ghoul
|-damage|p2a: Ghoul|115\/303 brn
|move|p2a: Ghoul|Recover|p2a: Ghoul
|-heal|p2a: Ghoul|267\/303 brn
|
|-damage|p2a: Ghoul|230\/303 brn|[from] brn
|turn|13
|
|move|p1a: Diancie|Earth Power|p2a: Ghoul
|-damage|p2a: Ghoul|134\/303 brn
|-unboost|p2a: Ghoul|spd|1
|move|p2a: Ghoul|Recover|p2a: Ghoul
|-heal|p2a: Ghoul|286\/303 brn
|
|-damage|p2a: Ghoul|249\/303 brn|[from] brn
|turn|14
|
|switch|p2a: I'mPrickly|Ferrothorn, M|323\/352
|move|p1a: Diancie|Moonblast|p2a: I'mPrickly
|-resisted|p2a: I'mPrickly
|-damage|p2a: I'mPrickly|241\/352
|
|-heal|p2a: I'mPrickly|263\/352|[from] item: Leftovers
|turn|15
|
|switch|p1a: Rotom-Heat|Rotom-Heat|196\/304 tox
|move|p2a: I'mPrickly|Leech Seed|p1a: Rotom-Heat
|-start|p1a: Rotom-Heat|move: Leech Seed
|
|-heal|p1a: Rotom-Heat|215\/304 tox|[from] item: Leftovers
|-heal|p2a: I'mPrickly|285\/352|[from] item: Leftovers
|-damage|p1a: Rotom-Heat|177\/304 tox|[from] Leech Seed|[of] p2a: I'mPrickly
|-heal|p2a: I'mPrickly|323\/352|[silent]
|-damage|p1a: Rotom-Heat|158\/304 tox|[from] psn
|turn|16
|
|switch|p2a: Lion King|Landorus-Therian, M|371\/382
|-ability|p2a: Lion King|Intimidate|[of] p1a: Rotom-Heat
|-unboost|p1a: Rotom-Heat|atk|1
|move|p1a: Rotom-Heat|Overheat|p2a: Lion King
|-damage|p2a: Lion King|176\/382
|-unboost|p1a: Rotom-Heat|spa|2
|
|-heal|p2a: Lion King|199\/382|[from] item: Leftovers
|-heal|p1a: Rotom-Heat|177\/304 tox|[from] item: Leftovers
|-damage|p1a: Rotom-Heat|139\/304 tox|[from] Leech Seed|[of] p2a: Lion King
|-heal|p2a: Lion King|237\/382|[silent]
|-damage|p1a: Rotom-Heat|101\/304 tox|[from] psn
|turn|17
|
|switch|p1a: Landorus-Therian|Landorus-Therian, M|382\/382
|-ability|p1a: Landorus-Therian|Intimidate|[of] p2a: Lion King
|-unboost|p2a: Lion King|atk|1
|move|p2a: Lion King|Stealth Rock|p1a: Landorus-Therian
|-sidestart|p1: dial ebola|move: Stealth Rock
|
|-heal|p2a: Lion King|260\/382|[from] item: Leftovers
|turn|18
|
|move|p1a: Landorus-Therian|Earthquake|p2a: Lion King
|-immune|p2a: Lion King|[msg]
|move|p2a: Lion King|Hidden Power|p1a: Landorus-Therian
|-supereffective|p1a: Landorus-Therian
|-damage|p1a: Landorus-Therian|110\/382
|
|-heal|p1a: Landorus-Therian|133\/382|[from] item: Leftovers
|-heal|p2a: Lion King|283\/382|[from] item: Leftovers
|turn|19
|
|move|p1a: Landorus-Therian|Stealth Rock|p2a: Lion King
|-sidestart|p2: Nightstorm52|move: Stealth Rock
|move|p2a: Lion King|Hidden Power|p1a: Landorus-Therian
|-supereffective|p1a: Landorus-Therian
|-damage|p1a: Landorus-Therian|0 fnt
|faint|p1a: Landorus-Therian
|
|-heal|p2a: Lion King|306\/382|[from] item: Leftovers
|
|switch|p1a: Keldeo|Keldeo|323\/323
|-damage|p1a: Keldeo|303\/323|[from] Stealth Rock
|turn|20
|
|switch|p2a: Ghoul|Sableye-Mega, M|249\/303 brn
|-damage|p2a: Ghoul|212\/303 brn|[from] Stealth Rock
|move|p1a: Keldeo|Scald|p2a: Ghoul
|-damage|p2a: Ghoul|113\/303 brn
|
|-damage|p2a: Ghoul|76\/303 brn|[from] brn
|turn|21
|
|move|p1a: Keldeo|Scald|p2a: Ghoul
|-damage|p2a: Ghoul|0 fnt
|faint|p2a: Ghoul
|
|
|switch|p2a: Stardust|Latios, M, shiny|301\/301
|-damage|p2a: Stardust|264\/301|[from] Stealth Rock
|turn|22
|
|move|p1a: Keldeo|Scald|p2a: Stardust
|-resisted|p2a: Stardust
|-damage|p2a: Stardust|198\/301
|move|p2a: Stardust|Psyshock|p1a: Keldeo
|-supereffective|p1a: Keldeo
|-damage|p1a: Keldeo|0 fnt
|faint|p1a: Keldeo
|
|
|switch|p1a: Diancie|Diancie-Mega|217\/241
|-damage|p1a: Diancie|187\/241|[from] Stealth Rock
|turn|23
|
|switch|p2a: Officer Tubbs|Clefable, M, shiny|151\/393
|move|p1a: Diancie|Moonblast|p2a: Officer Tubbs
|-damage|p2a: Officer Tubbs|0 fnt
|faint|p2a: Officer Tubbs
|
|
|switch|p2a: I'mPrickly|Ferrothorn, M|323\/352
|-damage|p2a: I'mPrickly|301\/352|[from] Stealth Rock
|turn|24
|
|switch|p1a: Celebi|Celebi|404\/404
|-damage|p1a: Celebi|354\/404|[from] Stealth Rock
|move|p2a: I'mPrickly|Gyro Ball|p1a: Celebi
|-damage|p1a: Celebi|230\/404
|
|-heal|p1a: Celebi|255\/404|[from] item: Leftovers
|-heal|p2a: I'mPrickly|323\/352|[from] item: Leftovers
|turn|25
|
|move|p1a: Celebi|Nasty Plot|p1a: Celebi
|-boost|p1a: Celebi|spa|2
|move|p2a: I'mPrickly|Gyro Ball|p1a: Celebi
|-damage|p1a: Celebi|123\/404
|
|-heal|p1a: Celebi|148\/404|[from] item: Leftovers
|-heal|p2a: I'mPrickly|345\/352|[from] item: Leftovers
|turn|26
|
|switch|p2a: Lion King|Landorus-Therian, M|306\/382
|-damage|p2a: Lion King|259\/382|[from] Stealth Rock
|-ability|p2a: Lion King|Intimidate|[of] p1a: Celebi
|-unboost|p1a: Celebi|atk|1
|move|p1a: Celebi|Recover|p1a: Celebi
|-heal|p1a: Celebi|350\/404
|
|-heal|p1a: Celebi|375\/404|[from] item: Leftovers
|-heal|p2a: Lion King|282\/382|[from] item: Leftovers
|turn|27
|
|move|p1a: Celebi|Baton Pass|p1a: Celebi
|
|switch|p1a: Diancie|Diancie-Mega|187\/241
|-damage|p1a: Diancie|157\/241|[from] Stealth Rock
|move|p2a: Lion King|U-turn|p1a: Diancie
|-resisted|p1a: Diancie
|-damage|p1a: Diancie|121\/241
|
|switch|p2a: I'mPrickly|Ferrothorn, M|345\/352
|-damage|p2a: I'mPrickly|323\/352|[from] Stealth Rock
|
|-heal|p2a: I'mPrickly|345\/352|[from] item: Leftovers
|turn|28
|
|switch|p1a: Celebi|Celebi|375\/404
|-damage|p1a: Celebi|325\/404|[from] Stealth Rock
|move|p2a: I'mPrickly|Gyro Ball|p1a: Celebi
|-damage|p1a: Celebi|192\/404
|
|-heal|p1a: Celebi|217\/404|[from] item: Leftovers
|-heal|p2a: I'mPrickly|352\/352|[from] item: Leftovers
|turn|29
|
|move|p1a: Celebi|Nasty Plot|p1a: Celebi
|-boost|p1a: Celebi|spa|2
|move|p2a: I'mPrickly|Thunder Wave|p1a: Celebi
|-status|p1a: Celebi|par
|
|-heal|p1a: Celebi|242\/404 par|[from] item: Leftovers
|turn|30
|
|move|p1a: Celebi|Baton Pass|p1a: Celebi
|
|switch|p1a: Rotom-Heat|Rotom-Heat|101\/304 tox
|-damage|p1a: Rotom-Heat|25\/304 tox|[from] Stealth Rock
|move|p2a: I'mPrickly|Power Whip|p1a: Rotom-Heat
|-resisted|p1a: Rotom-Heat
|-damage|p1a: Rotom-Heat|0 fnt
|faint|p1a: Rotom-Heat
|
|-message|dial ebola forfeited.
|leave|dial ebola
|
|win|Nightstorm52
|raw|Ladder updating...
|player|p1
|raw|dial ebola's rating: 1523 &rarr; <strong>1498<\/strong><br \/>(-25 for losing)
|raw|Nightstorm52's rating: 1434 &rarr; <strong>1459<\/strong><br \/>(+25 for winning)