|join|dial ebola
|join|SYMicky Mike
|player|p1|dial ebola|176
|player|p2|SYMicky Mike|291
|gametype|singles
|gen|6
|tier|OU
|rated
|clearpoke
|poke|p1|Metagross
|poke|p1|Serperior, M
|poke|p1|Gengar, M
|poke|p1|Azumarill, F
|poke|p1|Heatran, F
|poke|p1|Hawlucha, F
|poke|p2|Crawdaunt, M
|poke|p2|Latios, M
|poke|p2|Ferrothorn, M
|poke|p2|Landorus-Therian, M
|poke|p2|Manectric, F
|poke|p2|Talonflame, F
|rule|Swagger Clause: Swagger is banned
|rule|Baton Pass Clause: Limit one PokÃ©mon knowing Baton Pass
|rule|Sleep Clause Mod: Limit one foe put to sleep
|rule|Species Clause: Limit one of each PokÃ©mon
|rule|OHKO Clause: OHKO moves are banned
|rule|Moody Clause: Moody is banned
|rule|Evasion Moves Clause: Evasion moves are banned
|rule|Endless Battle Clause: Forcing endless battles is banned
|rule|HP Percentage Mod: HP is shown in percentages
|teampreview
|
|start
|switch|p1a: 4|Heatran, F|361\/361
|switch|p2a: Landorus-Therian|Landorus-Therian, M|325\/325
|-ability|p2a: Landorus-Therian|Intimidate|[of] p1a: 4
|-unboost|p1a: 4|atk|1
|turn|1
|
|switch|p1a: 1|Gengar, M|261\/261
|move|p2a: Landorus-Therian|U-turn|p1a: 1
|-resisted|p1a: 1
|-damage|p1a: 1|225\/261
|
|switch|p2a: Talonflame|Talonflame, F|308\/308
|
|turn|2
|
|switch|p2a: Crawdaunt|Crawdaunt, M|268\/268
|switch|p1a: 4|Heatran, F|361\/361
|
|turn|3
|
|move|p1a: 4|Solar Beam|p2a: Crawdaunt|[still]
|-prepare|p1a: 4|Solar Beam|p2a: Crawdaunt
|-enditem|p1a: 4|Power Herb
|-anim|p1a: 4|Solar Beam|p2a: Crawdaunt
|-supereffective|p2a: Crawdaunt
|-damage|p2a: Crawdaunt|0 fnt
|faint|p2a: Crawdaunt
|
|c|âSYMicky Mike|wut
|c|âdial ebola|hehe
|
|switch|p2a: Landorus-Therian|Landorus-Therian, M|325\/325
|-ability|p2a: Landorus-Therian|Intimidate|[of] p1a: 4
|-unboost|p1a: 4|atk|1
|turn|4
|
|switch|p1a: 2|Azumarill, F|381\/381
|move|p2a: Landorus-Therian|U-turn|p1a: 2
|-resisted|p1a: 2
|-damage|p1a: 2|325\/381
|
|switch|p2a: Manesweep|Manectric, F|281\/281
|
|turn|5
|
|switch|p1a: 5|Serperior, M|291\/291
|detailschange|p2a: Manesweep|Manectric-Mega, F
|-mega|p2a: Manesweep|Manectric|Manectite
|-ability|p2a: Manesweep|Intimidate|[of] p1a: 5
|-boost|p1a: 5|atk|1
|move|p2a: Manesweep|Volt Switch|p1a: 5
|-resisted|p1a: 5
|-damage|p1a: 5|226\/291
|
|switch|p2a: Landorus-Therian|Landorus-Therian, M|325\/325
|-ability|p2a: Landorus-Therian|Intimidate|[of] p1a: 5
|-boost|p1a: 5|atk|1
|
|turn|6
|
|move|p2a: Landorus-Therian|U-turn|p1a: 5
|-supereffective|p1a: 5
|-damage|p1a: 5|36\/291
|
|switch|p2a: Talonflame|Talonflame, F|308\/308
|move|p1a: 5|Synthesis|p1a: 5
|-heal|p1a: 5|181\/291
|
|turn|7
|
|switch|p2a: Landorus-Therian|Landorus-Therian, M|325\/325
|-ability|p2a: Landorus-Therian|Intimidate|[of] p1a: 5
|-boost|p1a: 5|atk|1
|switch|p1a: 4|Heatran, F|361\/361
|
|turn|8
|
|switch|p1a: 1|Gengar, M|225\/261
|move|p2a: Landorus-Therian|Earthquake|p1a: 1
|-immune|p1a: 1|[msg]
|
|turn|9
|
|switch|p2a: Ferrothorn|Ferrothorn, M|352\/352
|move|p1a: 1|Shadow Ball|p2a: Ferrothorn
|-damage|p2a: Ferrothorn|218\/352
|-unboost|p2a: Ferrothorn|spd|1
|-damage|p1a: 1|199\/261|[from] item: Life Orb
|
|-heal|p2a: Ferrothorn|240\/352|[from] item: Leftovers
|turn|10
|
|switch|p2a: Landorus-Therian|Landorus-Therian, M|325\/325
|-ability|p2a: Landorus-Therian|Intimidate|[of] p1a: 1
|-unboost|p1a: 1|atk|1
|move|p1a: 1|Focus Blast|p2a: Landorus-Therian
|-resisted|p2a: Landorus-Therian
|-damage|p2a: Landorus-Therian|207\/325
|-damage|p1a: 1|173\/261|[from] item: Life Orb
|
|turn|11
|
|switch|p1a: 4|Heatran, F|361\/361
|move|p2a: Landorus-Therian|U-turn|p1a: 4
|-resisted|p1a: 4
|-damage|p1a: 4|338\/361
|
|switch|p2a: Latios|Latios, M|302\/302
|
|turn|12
|
|switch|p2a: Landorus-Therian|Landorus-Therian, M|207\/325
|-ability|p2a: Landorus-Therian|Intimidate|[of] p1a: 4
|-unboost|p1a: 4|atk|1
|switch|p1a: 1|Gengar, M|173\/261
|
|turn|13
|
|move|p2a: Landorus-Therian|Earthquake|p1a: 1
|-immune|p1a: 1|[msg]
|move|p1a: 1|Shadow Ball|p2a: Landorus-Therian
|-damage|p2a: Landorus-Therian|0 fnt
|-damage|p1a: 1|147\/261|[from] item: Life Orb
|faint|p2a: Landorus-Therian
|
|c|âSYMicky Mike|gg
|-message|SYMicky Mike forfeited.
|
|win|dial ebola
|raw|Ladder updating...
|leave|SYMicky Mike
|raw|dial ebola's rating: 1655 &rarr; <strong>1669<\/strong><br \/>(+14 for winning)
|raw|SYMicky Mike's rating: 1534 &rarr; <strong>1521<\/strong><br \/>(-13 for losing)
|player|p2