|join|dial ebola
|join|lil manaphy
|player|p1|dial ebola|176
|player|p2|lil manaphy|9
|gametype|singles
|gen|6
|tier|OU
|rated
|clearpoke
|poke|p1|Metagross
|poke|p1|Serperior, M
|poke|p1|Gengar, F
|poke|p1|Azumarill, F
|poke|p1|Heatran, F
|poke|p1|Hawlucha, M
|poke|p2|Metagross
|poke|p2|Keldeo
|poke|p2|Garchomp, M
|poke|p2|Raikou
|poke|p2|Gengar, M
|poke|p2|Bisharp, F
|rule|Swagger Clause: Swagger is banned
|rule|Baton Pass Clause: Limit one PokÃ©mon knowing Baton Pass
|rule|Sleep Clause Mod: Limit one foe put to sleep
|rule|Species Clause: Limit one of each PokÃ©mon
|rule|OHKO Clause: OHKO moves are banned
|rule|Moody Clause: Moody is banned
|rule|Evasion Moves Clause: Evasion moves are banned
|rule|Endless Battle Clause: Forcing endless battles is banned
|rule|HP Percentage Mod: HP is shown in percentages
|teampreview
|join|Joonitor
|
|start
|switch|p1a: 1|Gengar, F|261\/261
|switch|p2a: Garchomp|Garchomp, M|357\/357
|turn|1
|
|switch|p2a: Raikou|Raikou|321\/321
|-ability|p2a: Raikou|Pressure
|move|p1a: 1|Shadow Ball|p2a: Raikou
|-damage|p2a: Raikou|191\/321
|-damage|p1a: 1|235\/261|[from] item: Life Orb
|
|turn|2
|
|move|p2a: Raikou|Volt Switch|p1a: 1
|-damage|p1a: 1|93\/261
|
|switch|p2a: Bisharp|Bisharp, F|271\/271
|move|p1a: 1|Pain Split|p2a: Bisharp
|-sethp|p2a: Bisharp|182\/271|p1a: 1|182\/261|[from] move: Pain Split
|
|turn|3
|
|move|p1a: 1|Focus Blast|p2a: Bisharp
|-supereffective|p2a: Bisharp
|-damage|p2a: Bisharp|0 fnt
|-damage|p1a: 1|156\/261|[from] item: Life Orb
|faint|p2a: Bisharp
|
|
|switch|p2a: Raikou|Raikou|191\/321
|-ability|p2a: Raikou|Pressure
|turn|4
|join|Ox the Box
|
|move|p2a: Raikou|Thunderbolt|p1a: 1
|-damage|p1a: 1|0 fnt
|faint|p1a: 1
|
|
|switch|p1a: 5|Serperior, M|291\/291
|turn|5
|c| Ox the Box|>still no cacturne
|
|move|p1a: 5|Leaf Storm|p2a: Raikou
|-damage|p2a: Raikou|61\/321
|-boost|p1a: 5|spa|2
|-damage|p1a: 5|262\/291|[from] item: Life Orb
|move|p2a: Raikou|Hidden Power|p1a: 5
|-supereffective|p1a: 5
|-damage|p1a: 5|132\/291
|
|turn|6
|join|WECAMEASROMANS
|
|move|p1a: 5|Synthesis|p1a: 5
|-heal|p1a: 5|277\/291
|move|p2a: Raikou|Hidden Power|p1a: 5
|-supereffective|p1a: 5
|-damage|p1a: 5|151\/291
|
|turn|7
|c| WECAMEASROMANS|wtf
|c| WECAMEASROMANS|is this mob?
|
|move|p1a: 5|Synthesis|p1a: 5
|-heal|p1a: 5|291\/291
|move|p2a: Raikou|Hidden Power|p1a: 5
|-supereffective|p1a: 5
|-damage|p1a: 5|143\/291
|
|turn|8
|c| Joonitor|lmao no
|
|move|p1a: 5|Synthesis|p1a: 5
|-heal|p1a: 5|288\/291
|move|p2a: Raikou|Hidden Power|p1a: 5
|-crit|p1a: 5
|-supereffective|p1a: 5
|-damage|p1a: 5|76\/291
|
|turn|9
|c| WECAMEASROMANS|since when does mana use offense...
|
|move|p1a: 5|Synthesis|p1a: 5
|-heal|p1a: 5|221\/291
|move|p2a: Raikou|Volt Switch|p1a: 5
|-resisted|p1a: 5
|-damage|p1a: 5|160\/291
|c|âdial ebola|come on i want a low roll =(
|
|switch|p2a: Keldeo|Keldeo|323\/323
|
|turn|10
|c| Joonitor|since she wanted to ladder quickly
|c|âlil manaphy|^
|
|switch|p1a: 2|Azumarill, F|381\/381
|move|p2a: Keldeo|Secret Sword|p1a: 2
|-resisted|p1a: 2
|-damage|p1a: 2|292\/381
|
|turn|11
|c| Joonitor|climb the*
|
|switch|p2a: Gengar|Gengar, M|259\/259
|move|p1a: 2|Waterfall|p2a: Gengar
|-damage|p2a: Gengar|4\/259
|
|turn|12
|c| Ox the Box|ive been using zardy on ladder
|c| Ox the Box|it's hella good
|leave|WECAMEASROMANS
|
|switch|p1a: 4|Heatran, F|361\/361
|move|p2a: Gengar|Shadow Ball|p1a: 4
|-damage|p1a: 4|193\/361
|-damage|p2a: Gengar|0 fnt|[from] item: Life Orb
|faint|p2a: Gengar
|
|
|switch|p2a: Metagross|Metagross|301\/301
|turn|13
|
|switch|p2a: Garchomp|Garchomp, M|357\/357
|move|p1a: 4|Magma Storm|p2a: Garchomp
|-resisted|p2a: Garchomp
|-damage|p2a: Garchomp|270\/357
|-activate|p2a: Garchomp|move: Magma Storm|[of] p1a: 4
|
|-damage|p2a: Garchomp|226\/357|[from] move: Magma Storm|[partiallytrapped]
|turn|14
|
|switch|p1a: 6|Hawlucha, M|297\/297
|move|p2a: Garchomp|Stealth Rock|p1a: 6
|-sidestart|p1: dial ebola|move: Stealth Rock
|
|-end|p2a: Garchomp|Magma Storm|[partiallytrapped]
|turn|15
|
|move|p1a: 6|Substitute|p1a: 6
|-start|p1a: 6|Substitute
|-damage|p1a: 6|223\/297
|move|p2a: Garchomp|Dragon Claw|p1a: 6
|-end|p1a: 6|Substitute
|
|turn|16
|join|habajiga
|
|move|p1a: 6|Swords Dance|p1a: 6
|-boost|p1a: 6|atk|2
|move|p2a: Garchomp|Dragon Claw|p1a: 6
|-damage|p1a: 6|48\/297
|-enditem|p1a: 6|Sitrus Berry|[eat]
|-heal|p1a: 6|122\/297|[from] item: Sitrus Berry
|
|turn|17
|c|âdial ebola|that was missclick damn
|c|âlil manaphy|darn
|
|move|p1a: 6|Acrobatics|p2a: Garchomp
|-damage|p2a: Garchomp|0 fnt
|-damage|p1a: 6|85\/297|[from] ability: Rough Skin|[of] p2a: Garchomp
|faint|p2a: Garchomp
|
|
|switch|p2a: Metagross|Metagross|301\/301
|turn|18
|join|Super Mario Bros
|
|detailschange|p2a: Metagross|Metagross-Mega
|-mega|p2a: Metagross|Metagross|Metagrossite
|move|p2a: Metagross|Bullet Punch|p1a: 6
|-damage|p1a: 6|0 fnt
|faint|p1a: 6
|
|join|Silverbacks
|join|M0XI3 B00ST
|join|Murkrow Jupiter
|join|go latios now
|join|ThE0
|
|switch|p1a: 5|Serperior, M|160\/291
|-damage|p1a: 5|124\/291|[from] Stealth Rock
|turn|19
|leave|ThE0
|
|move|p1a: 5|Hidden Power|p2a: Metagross
|-supereffective|p2a: Metagross
|-damage|p2a: Metagross|184\/301
|-damage|p1a: 5|95\/291|[from] item: Life Orb
|move|p2a: Metagross|Meteor Mash|p1a: 5
|-damage|p1a: 5|0 fnt
|faint|p1a: 5
|
|
|switch|p1a: 3|Metagross|301\/301
|-damage|p1a: 3|283\/301|[from] Stealth Rock
|turn|20
|
|switch|p2a: Keldeo|Keldeo|323\/323
|detailschange|p1a: 3|Metagross-Mega
|-mega|p1a: 3|Metagross|Metagrossite
|move|p1a: 3|Agility|p1a: 3
|-boost|p1a: 3|spe|2
|
|turn|21
|
|move|p1a: 3|Zen Headbutt|p2a: Keldeo
|-supereffective|p2a: Keldeo
|-damage|p2a: Keldeo|0 fnt
|faint|p2a: Keldeo
|
|
|switch|p2a: Metagross|Metagross-Mega|184\/301
|turn|22
|c|âdial ebola|gods please
|c|âdial ebola|no min roll
|
|move|p1a: 3|Earthquake|p2a: Metagross
|-supereffective|p2a: Metagross
|-damage|p2a: Metagross|8\/301
|move|p2a: Metagross|Hammer Arm|p1a: 3
|-damage|p1a: 3|155\/301
|-unboost|p2a: Metagross|spe|1
|
|turn|23
|-message|lil manaphy forfeited.
|leave|lil manaphy
|
|win|dial ebola
|raw|Ladder updating...
|player|p2
|raw|dial ebola's rating: 1623 &rarr; <strong>1643<\/strong><br \/>(+20 for winning)
|raw|lil manaphy's rating: 1629 &rarr; <strong>1609<\/strong><br \/>(-20 for losing)
|leave|Murkrow Jupiter