|join|LiberalLucario
|join|waffles11111
|player|p1|LiberalLucario|130
|player|p2|waffles11111|260
|gametype|singles
|gen|6
|tier|UU
|rated
|rule|Sleep Clause Mod: Limit one foe put to sleep
|rule|Species Clause: Limit one of each PokÃ©mon
|rule|OHKO Clause: OHKO moves are banned
|rule|Moody Clause: Moody is banned
|rule|Evasion Moves Clause: Evasion moves are banned
|rule|Endless Battle Clause: Forcing endless battles is banned
|rule|HP Percentage Mod: HP is shown in percentages
|clearpoke
|poke|p1|Virizion
|poke|p1|Aggron, M
|poke|p1|Vaporeon, F
|poke|p1|Hydreigon, M
|poke|p1|Cresselia, F
|poke|p1|Krookodile, F
|poke|p2|Toxicroak, F
|poke|p2|Ditto
|poke|p2|Hydreigon, F
|poke|p2|Bronzong
|poke|p2|Arcanine, M
|poke|p2|Rotom-Heat
|rule|Swagger Clause: Swagger is banned
|rule|Baton Pass Clause: Limit one PokÃ©mon knowing Baton Pass
|teampreview
|
|start
|switch|p1a: breaker|Krookodile, F|331\/331
|switch|p2a: Rotom-Heat|Rotom-Heat|241\/241
|-ability|p1a: breaker|Intimidate|[of] p2a: Rotom-Heat
|-unboost|p2a: Rotom-Heat|atk|1
|turn|1
|join|Scorpions
|
|switch|p1a: fairies|Hydreigon, M|325\/325
|move|p2a: Rotom-Heat|Hidden Power|p1a: fairies
|-supereffective|p1a: fairies
|-damage|p1a: fairies|183\/325
|
|turn|2
|
|switch|p2a: Heatproof|Bronzong|338\/338
|move|p1a: fairies|U-turn|p2a: Heatproof
|-damage|p2a: Heatproof|285\/338
|
|switch|p1a: breaker|Krookodile, F|331\/331
|-ability|p1a: breaker|Intimidate|[of] p2a: Heatproof
|-unboost|p2a: Heatproof|atk|1
|
|-heal|p2a: Heatproof|306\/338|[from] item: Leftovers
|turn|3
|
|switch|p2a: Doge|Arcanine, M|383\/383
|-ability|p2a: Doge|Intimidate|[of] p1a: breaker
|-unboost|p1a: breaker|atk|1
|move|p1a: breaker|Knock Off|p2a: Doge
|-damage|p2a: Doge|238\/383
|-enditem|p2a: Doge|Leftovers|[from] move: Knock Off|[of] p1a: breaker
|
|turn|4
|
|switch|p1a: band|Vaporeon, F|451\/451
|move|p2a: Doge|Will-O-Wisp|p1a: band
|-status|p1a: band|brn
|
|-damage|p1a: band|395\/451 brn|[from] brn
|turn|5
|
|switch|p2a: Frog|Toxicroak, F|307\/307
|move|p1a: band|Baton Pass|p1a: band
|
|switch|p1a: not lunar dance|Cresselia, F|433\/433
|
|turn|6
|
|switch|p2a: Heatproof|Bronzong|306\/338
|move|p1a: not lunar dance|Psyshock|p2a: Heatproof
|-resisted|p2a: Heatproof
|-damage|p2a: Heatproof|287\/338
|
|-heal|p2a: Heatproof|308\/338|[from] item: Leftovers
|turn|7
|
|move|p1a: not lunar dance|Substitute|p1a: not lunar dance
|-start|p1a: not lunar dance|Substitute
|-damage|p1a: not lunar dance|325\/433
|move|p2a: Heatproof|Toxic|p1a: not lunar dance
|
|-heal|p1a: not lunar dance|352\/433|[from] item: Leftovers
|-heal|p2a: Heatproof|329\/338|[from] item: Leftovers
|turn|8
|
|move|p1a: not lunar dance|Calm Mind|p1a: not lunar dance
|-boost|p1a: not lunar dance|spa|1
|-boost|p1a: not lunar dance|spd|1
|move|p2a: Heatproof|Stealth Rock|p1a: not lunar dance
|-sidestart|p1: LiberalLucario|move: Stealth Rock
|
|-heal|p1a: not lunar dance|379\/433|[from] item: Leftovers
|-heal|p2a: Heatproof|338\/338|[from] item: Leftovers
|turn|9
|
|move|p1a: not lunar dance|Calm Mind|p1a: not lunar dance
|-boost|p1a: not lunar dance|spa|1
|-boost|p1a: not lunar dance|spd|1
|move|p2a: Heatproof|Gyro Ball|p1a: not lunar dance
|-activate|p1a: not lunar dance|Substitute|[damage]
|
|-heal|p1a: not lunar dance|406\/433|[from] item: Leftovers
|turn|10
|
|move|p1a: not lunar dance|Calm Mind|p1a: not lunar dance
|-boost|p1a: not lunar dance|spa|1
|-boost|p1a: not lunar dance|spd|1
|move|p2a: Heatproof|Gyro Ball|p1a: not lunar dance
|-end|p1a: not lunar dance|Substitute
|
|-heal|p1a: not lunar dance|433\/433|[from] item: Leftovers
|turn|11
|
|move|p1a: not lunar dance|Substitute|p1a: not lunar dance
|-start|p1a: not lunar dance|Substitute
|-damage|p1a: not lunar dance|325\/433
|move|p2a: Heatproof|Light Screen|p2a: Heatproof
|-sidestart|p2: waffles11111|move: Light Screen
|
|-heal|p1a: not lunar dance|352\/433|[from] item: Leftovers
|turn|12
|
|switch|p2a: Doge|Arcanine, M|238\/383
|-activate|p1a: not lunar dance|Substitute|ability: Intimidate|[of] p2a: Doge
|move|p1a: not lunar dance|Calm Mind|p1a: not lunar dance
|-boost|p1a: not lunar dance|spa|1
|-boost|p1a: not lunar dance|spd|1
|
|-heal|p1a: not lunar dance|379\/433|[from] item: Leftovers
|turn|13
|
|move|p1a: not lunar dance|Psyshock|p2a: Doge
|-damage|p2a: Doge|122\/383
|move|p2a: Doge|Flare Blitz|p1a: not lunar dance
|-end|p1a: not lunar dance|Substitute
|-damage|p2a: Doge|86\/383|[from] recoil|[of] p1a: not lunar dance
|
|-heal|p1a: not lunar dance|406\/433|[from] item: Leftovers
|turn|14
|
|move|p2a: Doge|Extreme Speed|p1a: not lunar dance
|-damage|p1a: not lunar dance|356\/433
|move|p1a: not lunar dance|Psyshock|p2a: Doge
|-damage|p2a: Doge|0 fnt
|faint|p2a: Doge
|
|-heal|p1a: not lunar dance|383\/433|[from] item: Leftovers
|
|switch|p2a: Bubblegum|Ditto|299\/299
|-transform|p2a: Bubblegum|p1a: not lunar dance
|turn|15
|
|move|p2a: Bubblegum|Psyshock|p1a: not lunar dance
|-resisted|p1a: not lunar dance
|-damage|p1a: not lunar dance|272\/433
|move|p1a: not lunar dance|Psyshock|p2a: Bubblegum
|-resisted|p2a: Bubblegum
|-damage|p2a: Bubblegum|248\/299
|
|-heal|p1a: not lunar dance|299\/433|[from] item: Leftovers
|-sideend|p2: waffles11111|move: Light Screen
|turn|16
|
|switch|p1a: cb head smash|Aggron, M|344\/344
|-damage|p1a: cb head smash|323\/344|[from] Stealth Rock
|move|p2a: Bubblegum|Psyshock|p1a: cb head smash
|-resisted|p1a: cb head smash
|-damage|p1a: cb head smash|254\/344
|
|turn|17
|
|detailschange|p1a: cb head smash|Aggron-Mega, M
|-mega|p1a: cb head smash|Aggron|Aggronite
|move|p2a: Bubblegum|Psyshock|p1a: cb head smash
|-resisted|p1a: cb head smash
|-damage|p1a: cb head smash|200\/344
|move|p1a: cb head smash|Stealth Rock|p2a: Bubblegum
|-sidestart|p2: waffles11111|move: Stealth Rock
|
|turn|18
|
|switch|p2a: Heatproof|Bronzong|338\/338
|-damage|p2a: Heatproof|317\/338|[from] Stealth Rock
|move|p1a: cb head smash|Roar|p2a: Heatproof
|drag|p2a: Frog|Toxicroak, F|307\/307
|-damage|p2a: Frog|288\/307|[from] Stealth Rock
|
|turn|19
|
|switch|p2a: Rotom-Heat|Rotom-Heat|241\/241
|-damage|p2a: Rotom-Heat|181\/241|[from] Stealth Rock
|move|p1a: cb head smash|Earthquake|p2a: Rotom-Heat
|-immune|p2a: Rotom-Heat|[msg]
|
|turn|20
|
|switch|p1a: fairies|Hydreigon, M|183\/325
|-damage|p1a: fairies|143\/325|[from] Stealth Rock
|move|p2a: Rotom-Heat|Overheat|p1a: fairies
|-resisted|p1a: fairies
|-damage|p1a: fairies|26\/325
|-unboost|p2a: Rotom-Heat|spa|2
|
|turn|21
|
|switch|p2a: Heatproof|Bronzong|317\/338
|-damage|p2a: Heatproof|296\/338|[from] Stealth Rock
|move|p1a: fairies|Dark Pulse|p2a: Heatproof
|-supereffective|p2a: Heatproof
|-damage|p2a: Heatproof|116\/338
|
|-heal|p2a: Heatproof|137\/338|[from] item: Leftovers
|turn|22
|
|switch|p1a: breaker|Krookodile, F|331\/331
|-damage|p1a: breaker|311\/331|[from] Stealth Rock
|-ability|p1a: breaker|Intimidate|[of] p2a: Heatproof
|-unboost|p2a: Heatproof|atk|1
|switch|p2a: Hail Hydra|Hydreigon, F|325\/325
|-damage|p2a: Hail Hydra|285\/325|[from] Stealth Rock
|
|turn|23
|leave|Scorpions
|
|switch|p1a: fairies|Hydreigon, M|26\/325
|-damage|p1a: fairies|0 fnt|[from] Stealth Rock
|faint|p1a: fairies
|move|p2a: Hail Hydra|Draco Meteor|p1: fairies|[notarget]
|-notarget
|
|
|switch|p1a: cb head smash|Aggron-Mega, M|200\/344
|-damage|p1a: cb head smash|179\/344|[from] Stealth Rock
|turn|24
|
|switch|p2a: Heatproof|Bronzong|137\/338
|-damage|p2a: Heatproof|116\/338|[from] Stealth Rock
|move|p1a: cb head smash|Roar|p2a: Heatproof
|drag|p2a: Hail Hydra|Hydreigon, F|285\/325
|-damage|p2a: Hail Hydra|245\/325|[from] Stealth Rock
|
|turn|25
|
|switch|p1a: band|Vaporeon, F|395\/451 brn
|-damage|p1a: band|339\/451 brn|[from] Stealth Rock
|move|p2a: Hail Hydra|Earth Power|p1a: band
|-crit|p1a: band
|-damage|p1a: band|208\/451 brn
|
|-heal|p1a: band|236\/451 brn|[from] item: Leftovers
|-damage|p1a: band|180\/451 brn|[from] brn
|turn|26
|
|switch|p2a: Frog|Toxicroak, F|288\/307
|-damage|p2a: Frog|269\/307|[from] Stealth Rock
|move|p1a: band|Baton Pass|p1a: band
|
|switch|p1a: breaker|Krookodile, F|311\/331
|-damage|p1a: breaker|291\/331|[from] Stealth Rock
|-ability|p1a: breaker|Intimidate|[of] p2a: Frog
|-unboost|p2a: Frog|atk|1
|
|turn|27
|
|switch|p2a: Heatproof|Bronzong|116\/338
|-damage|p2a: Heatproof|95\/338|[from] Stealth Rock
|move|p1a: breaker|Superpower|p2a: Heatproof
|-damage|p2a: Heatproof|0 fnt
|-unboost|p1a: breaker|atk|1
|-unboost|p1a: breaker|def|1
|faint|p2a: Heatproof
|
|
|switch|p2a: Hail Hydra|Hydreigon, F|245\/325
|-damage|p2a: Hail Hydra|205\/325|[from] Stealth Rock
|turn|28
|
|switch|p1a: band|Vaporeon, F|180\/451 brn
|-damage|p1a: band|124\/451 brn|[from] Stealth Rock
|move|p2a: Hail Hydra|Draco Meteor|p1a: band
|-damage|p1a: band|0 fnt
|-unboost|p2a: Hail Hydra|spa|2
|faint|p1a: band
|
|
|switch|p1a: mfw horse|Virizion|323\/323
|-damage|p1a: mfw horse|303\/323|[from] Stealth Rock
|turn|29
|
|switch|p2a: Rotom-Heat|Rotom-Heat|181\/241
|-damage|p2a: Rotom-Heat|121\/241|[from] Stealth Rock
|move|p1a: mfw horse|Close Combat|p2a: Rotom-Heat
|-damage|p2a: Rotom-Heat|0 fnt
|-unboost|p1a: mfw horse|def|1
|-unboost|p1a: mfw horse|spd|1
|faint|p2a: Rotom-Heat
|
|
|switch|p2a: Hail Hydra|Hydreigon, F|205\/325
|-damage|p2a: Hail Hydra|165\/325|[from] Stealth Rock
|turn|30
|
|switch|p1a: cb head smash|Aggron-Mega, M|179\/344
|-damage|p1a: cb head smash|158\/344|[from] Stealth Rock
|move|p2a: Hail Hydra|Draco Meteor|p1a: cb head smash
|-resisted|p1a: cb head smash
|-damage|p1a: cb head smash|42\/344
|-unboost|p2a: Hail Hydra|spa|2
|
|turn|31
|
|move|p2a: Hail Hydra|Draco Meteor|p1a: cb head smash
|-resisted|p1a: cb head smash
|-damage|p1a: cb head smash|0 fnt
|-unboost|p2a: Hail Hydra|spa|2
|faint|p1a: cb head smash
|
|
|switch|p1a: mfw horse|Virizion|303\/323
|-damage|p1a: mfw horse|283\/323|[from] Stealth Rock
|turn|32
|
|switch|p2a: Frog|Toxicroak, F|269\/307
|-damage|p2a: Frog|250\/307|[from] Stealth Rock
|switch|p1a: not lunar dance|Cresselia, F|299\/433
|-damage|p1a: not lunar dance|245\/433|[from] Stealth Rock
|
|-heal|p1a: not lunar dance|272\/433|[from] item: Leftovers
|turn|33
|
|move|p2a: Frog|Gunk Shot|p1a: not lunar dance
|-damage|p1a: not lunar dance|85\/433
|-damage|p2a: Frog|220\/307|[from] item: Life Orb
|move|p1a: not lunar dance|Psyshock|p2a: Frog
|-supereffective|p2a: Frog
|-damage|p2a: Frog|0 fnt
|faint|p2a: Frog
|
|-heal|p1a: not lunar dance|112\/433|[from] item: Leftovers
|
|switch|p2a: Hail Hydra|Hydreigon, F|165\/325
|-damage|p2a: Hail Hydra|125\/325|[from] Stealth Rock
|turn|34
|
|switch|p1a: mfw horse|Virizion|283\/323
|-damage|p1a: mfw horse|263\/323|[from] Stealth Rock
|move|p2a: Hail Hydra|U-turn|p1a: mfw horse
|-crit|p1a: mfw horse
|-damage|p1a: mfw horse|140\/323
|
|switch|p2a: Bubblegum|Ditto|248\/299
|-damage|p2a: Bubblegum|211\/299|[from] Stealth Rock
|-transform|p2a: Bubblegum|p1a: mfw horse
|
|turn|35
|
|move|p2a: Bubblegum|Close Combat|p1a: mfw horse
|-damage|p1a: mfw horse|0 fnt
|-unboost|p2a: Bubblegum|def|1
|-unboost|p2a: Bubblegum|spd|1
|faint|p1a: mfw horse
|
|
|switch|p1a: not lunar dance|Cresselia, F|112\/433
|-damage|p1a: not lunar dance|58\/433|[from] Stealth Rock
|turn|36
|
|move|p2a: Bubblegum|Close Combat|p1a: not lunar dance
|-resisted|p1a: not lunar dance
|-damage|p1a: not lunar dance|0 fnt
|-unboost|p2a: Bubblegum|def|1
|-unboost|p2a: Bubblegum|spd|1
|faint|p1a: not lunar dance
|
|-message|LiberalLucario forfeited.
|
|switch|p1a: breaker|Krookodile, F|291\/331
|-damage|p1a: breaker|271\/331|[from] Stealth Rock
|-ability|p1a: breaker|Intimidate|[of] p2a: Bubblegum
|-unboost|p2a: Bubblegum|atk|1
|turn|37
|leave|LiberalLucario
|
|win|waffles11111
|raw|Ladder updating...
|player|p1
|raw|LiberalLucario's rating: 1516 &rarr; <strong>1489<\/strong><br \/>(-27 for losing)
|raw|waffles11111's rating: 1395 &rarr; <strong>1422<\/strong><br \/>(+27 for winning)