|join|kiddmewtwo
|join|ULT LibLuc
|player|p1|kiddmewtwo|267
|player|p2|ULT LibLuc|130
|gametype|singles
|gen|6
|tier|UU
|rated
|rule|Sleep Clause Mod: Limit one foe put to sleep
|rule|Species Clause: Limit one of each PokÃ©mon
|rule|OHKO Clause: OHKO moves are banned
|rule|Moody Clause: Moody is banned
|rule|Evasion Moves Clause: Evasion moves are banned
|rule|Endless Battle Clause: Forcing endless battles is banned
|rule|HP Percentage Mod: HP is shown in percentages
|clearpoke
|poke|p1|Serperior, F, shiny
|poke|p1|Crobat, F
|poke|p1|Haxorus, F, shiny
|poke|p1|Cobalion
|poke|p1|Banette, M
|poke|p1|Alomomola, M
|poke|p2|Virizion
|poke|p2|Aggron, M
|poke|p2|Vaporeon, M
|poke|p2|Hydreigon, M
|poke|p2|Cresselia, F
|poke|p2|Krookodile, M
|rule|Swagger Clause: Swagger is banned
|rule|Baton Pass Clause: Limit one PokÃ©mon knowing Baton Pass
|teampreview
|join|ULT OGwank
|
|start
|switch|p1a: Banette|Banette, M|331\/331
|switch|p2a: Aggron|Aggron, M|344\/344
|-item|p2a: Aggron|Aggronite|[from] ability: Frisk|[of] p1a: Banette|[identify]
|turn|1
|
|switch|p2a: Vaporeon|Vaporeon, M|451\/451
|detailschange|p1a: Banette|Banette-Mega, M
|-mega|p1a: Banette|Banette|Banettite
|move|p1a: Banette|Substitute|p1a: Banette
|-start|p1a: Banette|Substitute
|-damage|p1a: Banette|249\/331
|
|turn|2
|
|move|p1a: Banette|Shadow Claw|p2a: Vaporeon
|-damage|p2a: Vaporeon|265\/451
|move|p2a: Vaporeon|Scald|p1a: Banette
|-end|p1a: Banette|Substitute
|
|-heal|p2a: Vaporeon|293\/451|[from] item: Leftovers
|turn|3
|
|switch|p1a: Serperior|Serperior, F, shiny|291\/291
|move|p2a: Vaporeon|Wish|p2a: Vaporeon
|
|-heal|p2a: Vaporeon|321\/451|[from] item: Leftovers
|turn|4
|
|switch|p1a: Crobat|Crobat, F|311\/311
|switch|p2a: Aggron|Aggron, M|344\/344
|
|turn|5
|
|detailschange|p2a: Aggron|Aggron-Mega, M
|-mega|p2a: Aggron|Aggron|Aggronite
|move|p1a: Crobat|U-turn|p2a: Aggron
|-resisted|p2a: Aggron
|-damage|p2a: Aggron|321\/344
|
|switch|p1a: Cobalion|Cobalion|323\/323
|move|p2a: Aggron|Stealth Rock|p1a: Cobalion
|-sidestart|p1: kiddmewtwo|move: Stealth Rock
|
|turn|6
|
|move|p1a: Cobalion|Stealth Rock|p2a: Aggron
|-sidestart|p2: ULT LibLuc|move: Stealth Rock
|move|p2a: Aggron|Earthquake|p1a: Cobalion
|-supereffective|p1a: Cobalion
|-damage|p1a: Cobalion|151\/323
|
|turn|7
|join|LessThanThreeMan
|
|switch|p2a: Cresselia|Cresselia, F|444\/444
|-damage|p2a: Cresselia|389\/444|[from] Stealth Rock
|move|p1a: Cobalion|Close Combat|p2a: Cresselia
|-resisted|p2a: Cresselia
|-damage|p2a: Cresselia|319\/444
|-unboost|p1a: Cobalion|def|1
|-unboost|p1a: Cobalion|spd|1
|-damage|p1a: Cobalion|119\/323|[from] item: Life Orb
|
|-heal|p2a: Cresselia|346\/444|[from] item: Leftovers
|turn|8
|c|âkiddmewtwo|go awy
|c|âkiddmewtwo|we dont want your kind here
|c|âULT LibLuc|ok
|c| LessThanThreeMan|I am just here for libluc lol
|
|move|p1a: Cobalion|Iron Head|p2a: Cresselia
|-damage|p2a: Cresselia|252\/444
|-damage|p1a: Cobalion|87\/323|[from] item: Life Orb
|cant|p2a: Cresselia|flinch
|
|-heal|p2a: Cresselia|279\/444|[from] item: Leftovers
|turn|9
|c|âkiddmewtwo|go away
|c| ULT OGwank|no
|c| ULT OGwank|u
|c| LessThanThreeMan|no lol
|c| LessThanThreeMan|libluc if you could win this
|c| LessThanThreeMan|that would be great
|c| LessThanThreeMan|:p
|c| ULT OGwank|wht do u mean "your kind"
|c| ULT OGwank|auth?
|c|âkiddmewtwo|yes
|c| ULT OGwank|lol
|c|âULT LibLuc|lmao..
|c| LessThanThreeMan|LibLuc was driver until recently so
|c| LessThanThreeMan|:p
|c| ULT OGwank|and u said we yet ur the only one u doesnt want lttm here
|c|âkiddmewtwo|i dont have a choice but to play this scum
|c| ULT OGwank|soooooooooooooooooooo
|c|âULT LibLuc|,,,,
|c| LessThanThreeMan|lmao
|c|âULT LibLuc|damn big words
|c|âULT LibLuc|for small players
|c| ULT OGwank|"scum"
|c| ULT OGwank|pw
|c| ULT OGwank|right in the feelings
|c|âkiddmewtwo|ULT is scum
|join|watfor
|c|âULT LibLuc|64 GXE, <1400 elo
|c| LessThanThreeMan|:^]
|c|âkiddmewtwo|i am positive in win\/loss
|c|âULT LibLuc|and you have what to say for your credibility?
|c| ULT OGwank|watfor!
|c|âULT LibLuc|"i am positive"
|c|âULT LibLuc|lol ok
|c|âkiddmewtwo|thats all that matters
|c| LessThanThreeMan|positive in win loss
|c| LessThanThreeMan|isn't a big achievment
|c| LessThanThreeMan|but ok
|c| LessThanThreeMan|lol
|c| watfor|hi !
|c|âkiddmewtwo|it is in smash bros and CoD
|c| LessThanThreeMan|hi watfor!
|c| ULT OGwank|85-65.....watch out guys
|c| watfor|lol
|c|âULT LibLuc|LOL
|c| ULT OGwank|hes on fire
|c|âULT LibLuc|COD
|c|âkiddmewtwo|go away watfor
|c|âULT LibLuc|watch out guys
|c| watfor|âkiddmewtwo: go away watfor
|c| watfor|but
|c| ULT OGwank|mfw 12 year old
|c| ULT OGwank|lol
|c| watfor|\/me ?
|c| watfor|\/me ?
|c| watfor|\/me ?
|c| watfor|\/me ?
|c| watfor|\/me ?
|c|âkiddmewtwo|i am 19
|c| LessThanThreeMan|lol
|c| watfor|\/me ?
|c| watfor|\/me ?
|c| watfor|\/me ?
|join|RowDog
|c| watfor|\/me ?
|c| ULT OGwank|im good at COD guys
|c|âULT LibLuc|are you gonna make a play or are you gonna __**try**__ and shittalk me
|c| ULT OGwank|lol
|c|âkiddmewtwo|and i dont like terrible corrupt governments like the UU government
|c| ULT OGwank|u prolly boost for ur COD KD
|
|move|p1a: Cobalion|Iron Head|p2a: Cresselia
|-crit|p2a: Cresselia
|-damage|p2a: Cresselia|119\/444
|-damage|p1a: Cobalion|55\/323|[from] item: Life Orb
|move|p2a: Cresselia|Psyshock|p1a: Cobalion
|-damage|p1a: Cobalion|0 fnt
|faint|p1a: Cobalion
|
|-heal|p2a: Cresselia|146\/444|[from] item: Leftovers
|c| LessThanThreeMan|government lol
|c| LessThanThreeMan|ok
|c| RowDog|Why canât I see the Pokemon with mega-stones on a team? :(
|c| ULT OGwank|its a damn pokemon sim
|c| ULT OGwank|dont take it to heart
|c|âkiddmewtwo|how do you even boost for win\/loss
|c| RowDog|umm
|c| watfor|same here rowdog :[
|c| watfor|It is a bug
|c| ULT OGwank|i said for COD u fucboii
|c| watfor|Same goes to Diancie
|
|switch|p1a: Serperior|Serperior, F, shiny|291\/291
|-damage|p1a: Serperior|255\/291|[from] Stealth Rock
|turn|10
|c| RowDog|Damn bug
|c| LessThanThreeMan|boosting died in mw2 :p
|c| ULT OGwank|tru
|c| RowDog|did he just ask how to boost win\/loss?
|c| LessThanThreeMan|when they stopped letting the reswapn thing in ffa
|c|âULT LibLuc|y
|c|âkiddmewtwo|thats almost impossible in CoD
|
|switch|p2a: Aggron|Aggron-Mega, M|321\/344
|-damage|p2a: Aggron|300\/344|[from] Stealth Rock
|move|p1a: Serperior|Leaf Storm|p2a: Aggron
|-resisted|p2a: Aggron
|-damage|p2a: Aggron|213\/344
|-boost|p1a: Serperior|spa|2
|
|turn|11
|c|âkiddmewtwo|its for win\/loss
|c|âkiddmewtwo|you have a whole team
|
|move|p1a: Serperior|Hidden Power|p2a: Aggron
|-supereffective|p2a: Aggron
|-damage|p2a: Aggron|59\/344
|move|p2a: Aggron|Roar|p1a: Serperior
|drag|p1a: Haxorus|Haxorus, F, shiny|293\/293
|-damage|p1a: Haxorus|257\/293|[from] Stealth Rock
|-ability|p1a: Haxorus|Mold Breaker
|
|turn|12
|c|âkiddmewtwo|i clciked cancel
|c| ULT OGwank|ok
|c| ULT OGwank|lol
|c|âkiddmewtwo|broken ass simulator
|c| RowDog|What was the better decision?
|c| ULT OGwank|ur broken
|c|âkiddmewtwo|i was going to time stall
|c| LessThanThreeMan|guys don't get him too upset lol
|c| ULT OGwank|ez copy and paste
|c| RowDog|but itâs fun :(
|c| ULT OGwank|ez lock
|c|âULT LibLuc|why are you timestallin
|
|move|p1a: Haxorus|Outrage|p2a: Aggron
|-resisted|p2a: Aggron
|-damage|p2a: Aggron|8\/344
|move|p2a: Aggron|Roar|p1a: Haxorus
|drag|p1a: Alomomola|Alomomola, M|534\/534
|-damage|p1a: Alomomola|468\/534|[from] Stealth Rock
|
|-heal|p1a: Alomomola|501\/534|[from] item: Leftovers
|turn|13
|c|âULT LibLuc|tbh
|c|âkiddmewtwo|because teh ULT people are assholed
|c|âkiddmewtwo|s
|c| ULT OGwank|u literally told us you were time stalling if i was a 12 year old id send that to sir donovan and ur ass would be locked
|c| ULT OGwank|lol
|c| watfor|assholed
|c|âULT LibLuc|how am I the one being an asshole
|c|âULT LibLuc|:\/
|c| watfor|is that a new verb
|
|switch|p2a: Vaporeon|Vaporeon, M|321\/451
|-damage|p2a: Vaporeon|265\/451|[from] Stealth Rock
|move|p1a: Alomomola|Scald|p2a: Vaporeon
|-heal|p2a: Vaporeon|377\/451|[from] ability: Water Absorb|[of] p1a: Alomomola
|
|-heal|p1a: Alomomola|534\/534|[from] item: Leftovers
|-heal|p2a: Vaporeon|405\/451|[from] item: Leftovers
|turn|14
|c| LessThanThreeMan|LOL
|c|âkiddmewtwo|there is no official rule aginst time stalling
|c| watfor|cuz I feel pretty assholed right now
|
|move|p2a: Vaporeon|Wish|p2a: Vaporeon
|move|p1a: Alomomola|Knock Off|p2a: Vaporeon
|-damage|p2a: Vaporeon|336\/451
|-enditem|p2a: Vaporeon|Leftovers|[from] move: Knock Off|[of] p1a: Alomomola
|
|turn|15
|c|âULT LibLuc|literally first
|c| ULT OGwank|im tempted to hit up sirdonovan to lock ur buttcheecks
|c|âULT LibLuc|thing said
|c| watfor|There is actually a rule for that
|c| ULT OGwank|and yes there is
|c|âULT LibLuc|âkiddmewtwo: go awy
|c|âULT LibLuc|âkiddmewtwo: we dont want your kind here
|c|âULT LibLuc|is that not being hostile
|c| watfor|type \/rule
|c|âULT LibLuc|:\/
|c|âULT LibLuc|!rules
|raw|<div class="infobox">Please follow the rules:<br \/>- <a href="https:\/\/pokemonshowdown.com\/rules">Rules<\/a><\/div>
|c|âULT LibLuc|on't game the system (by intentionally losing against yourself or a friend in a ladder match, by timerstalling, etc).
|c|âkiddmewtwo|made by gamefreak
|c|âULT LibLuc|**by timerstalling**
|
|move|p1a: Alomomola|Wish|p1a: Alomomola
|move|p2a: Vaporeon|Baton Pass|p2a: Vaporeon
|
|switch|p2a: Cresselia|Cresselia, F|146\/444
|-damage|p2a: Cresselia|91\/444|[from] Stealth Rock
|
|-heal|p2a: Cresselia|316\/444|[from] move: Wish|[wisher] Vaporeon
|-heal|p2a: Cresselia|343\/444|[from] item: Leftovers
|turn|16
|
|move|p2a: Cresselia|Substitute|p2a: Cresselia
|-start|p2a: Cresselia|Substitute
|-damage|p2a: Cresselia|232\/444
|move|p1a: Alomomola|Knock Off|p2a: Cresselia
|-supereffective|p2a: Cresselia
|-activate|p2a: Cresselia|Substitute|[damage]
|
|-heal|p2a: Cresselia|259\/444|[from] item: Leftovers
|turn|17
|c|âULT LibLuc|I could report you for timerstalling and trying to break the rules
|c| RowDog|owned kiddmewtwo
|c|âULT LibLuc|But I'm going to be nice for now
|c| RowDog|by a rulebook
|
|move|p2a: Cresselia|Calm Mind|p2a: Cresselia
|-boost|p2a: Cresselia|spa|1
|-boost|p2a: Cresselia|spd|1
|move|p1a: Alomomola|Knock Off|p2a: Cresselia
|-supereffective|p2a: Cresselia
|-end|p2a: Cresselia|Substitute
|
|-heal|p2a: Cresselia|286\/444|[from] item: Leftovers
|turn|18
|c| ULT OGwank|if u do timestall at any point i can and will get you locked just for future referance
|c| ULT OGwank|i have ur quote ready to be pasted
|c| ULT OGwank|ez
|c|âkiddmewtwo|ok then i well that you kept inviting unwanting guest
|c| watfor|wait chill OGwank you are minimodding now :^]
|c| RowDog|fake logs
|c| RowDog|tbh
|
|move|p2a: Cresselia|Substitute|p2a: Cresselia
|-start|p2a: Cresselia|Substitute
|-damage|p2a: Cresselia|175\/444
|move|p1a: Alomomola|Knock Off|p2a: Cresselia
|-supereffective|p2a: Cresselia
|-activate|p2a: Cresselia|Substitute|[damage]
|
|-heal|p2a: Cresselia|202\/444|[from] item: Leftovers
|turn|19
|c| LessThanThreeMan|there is nothing against joining a game lol
|c| ULT OGwank|lol
|c| RowDog|just save the replay
|c|âULT LibLuc|Who said I was inviting anyone
|c| LessThanThreeMan|that isn't a rule
|c|âULT LibLuc|LOL
|c|âkiddmewtwo|i said go away you are harrasing me
|c|âULT LibLuc|LessThanThreeMan can join my game and there is no rule against him staying in here
|c| ULT OGwank|um im not inviting ppl to join lol its a free room
|c|âULT LibLuc|He's not "harassing you" just by being in the game
|c| LessThanThreeMan|LibLuc is just a friend of mine lol
|c|âULT LibLuc|If you really didn't want spectators you should've made the room private
|
|move|p2a: Cresselia|Calm Mind|p2a: Cresselia
|-boost|p2a: Cresselia|spa|1
|-boost|p2a: Cresselia|spd|1
|move|p1a: Alomomola|Knock Off|p2a: Cresselia
|-supereffective|p2a: Cresselia
|-end|p2a: Cresselia|Substitute
|
|-heal|p2a: Cresselia|229\/444|[from] item: Leftovers
|turn|20
|c|âkiddmewtwo|i dont know how to do that
|c|âULT LibLuc|Then learn
|c|âULT LibLuc|For future reference
|
|move|p2a: Cresselia|Substitute|p2a: Cresselia
|-start|p2a: Cresselia|Substitute
|-damage|p2a: Cresselia|118\/444
|move|p1a: Alomomola|Knock Off|p2a: Cresselia
|-supereffective|p2a: Cresselia
|-activate|p2a: Cresselia|Substitute|[damage]
|
|-heal|p2a: Cresselia|145\/444|[from] item: Leftovers
|turn|21
|c| ULT OGwank|u started with us bud. if u say anything against us they can look at the replay to see tht you initiated this whole thing
|c|âkiddmewtwo|why dont you go suck your boyfriends dick
|c|âULT LibLuc|...
|c| watfor|ok!
|c| RowDog|shots fired
|
|move|p2a: Cresselia|Psyshock|p1a: Alomomola
|-damage|p1a: Alomomola|411\/534
|move|p1a: Alomomola|Knock Off|p2a: Cresselia
|-supereffective|p2a: Cresselia
|-end|p2a: Cresselia|Substitute
|
|-heal|p2a: Cresselia|172\/444|[from] item: Leftovers
|-heal|p1a: Alomomola|444\/534|[from] item: Leftovers
|turn|22
|c| LessThanThreeMan|LOL
|c| watfor|adviced taken
|
|move|p2a: Cresselia|Substitute|p2a: Cresselia
|-start|p2a: Cresselia|Substitute
|-damage|p2a: Cresselia|61\/444
|move|p1a: Alomomola|Knock Off|p2a: Cresselia
|-supereffective|p2a: Cresselia
|-activate|p2a: Cresselia|Substitute|[damage]
|
|-heal|p2a: Cresselia|88\/444|[from] item: Leftovers
|-heal|p1a: Alomomola|477\/534|[from] item: Leftovers
|turn|23
|
|move|p2a: Cresselia|Moonblast|p1a: Alomomola
|-damage|p1a: Alomomola|245\/534
|move|p1a: Alomomola|Knock Off|p2a: Cresselia
|-supereffective|p2a: Cresselia
|-end|p2a: Cresselia|Substitute
|
|-heal|p2a: Cresselia|115\/444|[from] item: Leftovers
|-heal|p1a: Alomomola|278\/534|[from] item: Leftovers
|turn|24
|
|move|p2a: Cresselia|Substitute|p2a: Cresselia
|-start|p2a: Cresselia|Substitute
|-damage|p2a: Cresselia|4\/444
|move|p1a: Alomomola|Knock Off|p2a: Cresselia
|-supereffective|p2a: Cresselia
|-activate|p2a: Cresselia|Substitute|[damage]
|
|-heal|p2a: Cresselia|31\/444|[from] item: Leftovers
|-heal|p1a: Alomomola|311\/534|[from] item: Leftovers
|turn|25
|
|move|p2a: Cresselia|Moonblast|p1a: Alomomola
|-damage|p1a: Alomomola|69\/534
|-unboost|p1a: Alomomola|spa|1
|move|p1a: Alomomola|Knock Off|p2a: Cresselia
|-supereffective|p2a: Cresselia
|-end|p2a: Cresselia|Substitute
|
|-heal|p2a: Cresselia|58\/444|[from] item: Leftovers
|-heal|p1a: Alomomola|102\/534|[from] item: Leftovers
|turn|26
|
|switch|p1a: Crobat|Crobat, F|311\/311
|-damage|p1a: Crobat|234\/311|[from] Stealth Rock
|move|p2a: Cresselia|Moonblast|p1a: Crobat
|-resisted|p1a: Crobat
|-damage|p1a: Crobat|165\/311
|
|-heal|p2a: Cresselia|85\/444|[from] item: Leftovers
|turn|27
|c| RowDog|where was the predict?
|c|âkiddmewtwo|misclicked
|c| RowDog|not you
|
|switch|p2a: Aggron|Aggron-Mega, M|8\/344
|-damage|p2a: Aggron|0 fnt|[from] Stealth Rock
|faint|p2a: Aggron
|move|p1a: Crobat|U-turn|p2: Aggron|[notarget]
|-notarget
|
|
|switch|p2a: Vaporeon|Vaporeon, M|336\/451
|-damage|p2a: Vaporeon|280\/451|[from] Stealth Rock
|turn|28
|
|move|p1a: Crobat|U-turn|p2a: Vaporeon
|-damage|p2a: Vaporeon|169\/451
|
|switch|p1a: Banette|Banette-Mega, M|249\/331
|-damage|p1a: Banette|208\/331|[from] Stealth Rock
|move|p2a: Vaporeon|Baton Pass|p2a: Vaporeon
|
|switch|p2a: Krookodile|Krookodile, M|331\/331
|-damage|p2a: Krookodile|311\/331|[from] Stealth Rock
|-ability|p2a: Krookodile|Intimidate|[of] p1a: Banette
|-unboost|p1a: Banette|atk|1
|
|turn|29
|
|move|p2a: Krookodile|Pursuit|p1a: Banette|[from]Pursuit
|-supereffective|p1a: Banette
|-damage|p1a: Banette|0 fnt
|faint|p1a: Banette
|
|
|switch|p1a: Alomomola|Alomomola, M|280\/534
|-damage|p1a: Alomomola|214\/534|[from] Stealth Rock
|turn|30
|
|switch|p2a: Vaporeon|Vaporeon, M|169\/451
|-damage|p2a: Vaporeon|113\/451|[from] Stealth Rock
|move|p1a: Alomomola|Wish|p1a: Alomomola
|
|-heal|p1a: Alomomola|247\/534|[from] item: Leftovers
|turn|31
|
|switch|p1a: Serperior|Serperior, F, shiny|255\/291
|-damage|p1a: Serperior|219\/291|[from] Stealth Rock
|move|p2a: Vaporeon|Wish|p2a: Vaporeon
|
|-heal|p1a: Serperior|291\/291|[from] move: Wish|[wisher] Alomomola
|turn|32
|
|switch|p2a: Hydreigon|Hydreigon, M|325\/325
|-damage|p2a: Hydreigon|285\/325|[from] Stealth Rock
|move|p1a: Serperior|Leaf Storm|p2a: Hydreigon
|-resisted|p2a: Hydreigon
|-damage|p2a: Hydreigon|198\/325
|-boost|p1a: Serperior|spa|2
|
|-heal|p2a: Hydreigon|325\/325|[from] move: Wish|[wisher] Vaporeon
|turn|33
|
|move|p2a: Hydreigon|U-turn|p1a: Serperior
|-supereffective|p1a: Serperior
|-damage|p1a: Serperior|163\/291
|
|switch|p2a: Vaporeon|Vaporeon, M|113\/451
|-damage|p2a: Vaporeon|57\/451|[from] Stealth Rock
|move|p1a: Serperior|Dragon Pulse|p2a: Vaporeon
|-damage|p2a: Vaporeon|0 fnt
|faint|p2a: Vaporeon
|
|
|switch|p2a: Hydreigon|Hydreigon, M|325\/325
|-damage|p2a: Hydreigon|285\/325|[from] Stealth Rock
|turn|34
|
|move|p2a: Hydreigon|Draco Meteor|p1a: Serperior
|-damage|p1a: Serperior|0 fnt
|-unboost|p2a: Hydreigon|spa|2
|faint|p1a: Serperior
|
|join|Bob the Bro
|
|switch|p1a: Alomomola|Alomomola, M|425\/534
|-damage|p1a: Alomomola|359\/534|[from] Stealth Rock
|turn|35
|join|hairy toenail
|
|switch|p2a: Virizion|Virizion|323\/323
|-damage|p2a: Virizion|303\/323|[from] Stealth Rock
|move|p1a: Alomomola|Knock Off|p2a: Virizion
|-resisted|p2a: Virizion
|-damage|p2a: Virizion|261\/323
|-boost|p2a: Virizion|atk|1|[from] ability: Justified
|-enditem|p2a: Virizion|Lum Berry|[from] move: Knock Off|[of] p1a: Alomomola
|
|-heal|p1a: Alomomola|392\/534|[from] item: Leftovers
|turn|36
|
|move|p2a: Virizion|Leaf Blade|p1a: Alomomola
|-supereffective|p1a: Alomomola
|-damage|p1a: Alomomola|60\/534
|move|p1a: Alomomola|Wish|p1a: Alomomola
|
|-heal|p1a: Alomomola|93\/534|[from] item: Leftovers
|turn|37
|
|switch|p1a: Crobat|Crobat, F|165\/311
|-damage|p1a: Crobat|88\/311|[from] Stealth Rock
|move|p2a: Virizion|Stone Edge|p1a: Crobat
|-supereffective|p1a: Crobat
|-damage|p1a: Crobat|0 fnt
|faint|p1a: Crobat
|
|c| Bob the Bro|sd
|c|âULT LibLuc|bop
|c| Bob the Bro|oh
|
|switch|p1a: Haxorus|Haxorus, F, shiny|257\/293
|-damage|p1a: Haxorus|221\/293|[from] Stealth Rock
|-ability|p1a: Haxorus|Mold Breaker
|turn|38
|c| RowDog|silly Bob
|c| Bob the Bro|soz
|c| Bob the Bro|im bad
|c| RowDog|we know
|c| RowDog|its k
|c| ULT OGwank|hax dies
|c| watfor|unless he is
|c| LessThanThreeMan|nice veriz check kiddmewtwo
|c| watfor|scarf hax
|
|move|p1a: Haxorus|Outrage|p2a: Virizion
|-damage|p2a: Virizion|0 fnt
|faint|p2a: Virizion
|
|c| watfor|lmao
|c|âULT LibLuc|NO!!
|c|âULT LibLuc|NO!!!!
|c| LessThanThreeMan|o lmao
|c|âULT LibLuc|NO!!!!!!
|c| watfor|every low ladder has that
|c|âULT LibLuc|NO!!!!!!!!
|c| LessThanThreeMan|you still have a dreigon
|c|âULT LibLuc|NO!!!!!!!!!!
|
|switch|p2a: Hydreigon|Hydreigon, M|285\/325
|-damage|p2a: Hydreigon|245\/325|[from] Stealth Rock
|turn|39
|c| watfor|do you not have
|c| watfor|dragon pulse
|c| Bob the Bro|miss
|c|âULT LibLuc|NO
|c| LessThanThreeMan|he has draco
|c|âULT LibLuc|oh sorry
|c|âULT LibLuc|no
|c| watfor|o
|c| LessThanThreeMan|and fodder
|c| ULT OGwank|absolute
|c| LessThanThreeMan|so
|c| ULT OGwank|kek
|c|âkiddmewtwo|if draco miss i will let you win
|c| LessThanThreeMan|plus dark pulse beats alo I'm sure lol
|c|âULT LibLuc|lmao
|c| LessThanThreeMan|just hit imo
|c| watfor|dark pulse doesn't kill
|
|move|p2a: Hydreigon|Draco Meteor|p1a: Haxorus
|-supereffective|p1a: Haxorus
|-damage|p1a: Haxorus|0 fnt
|-unboost|p2a: Hydreigon|spa|2
|faint|p1a: Haxorus
|
|c|âkiddmewtwo|i dont want to win from hax
|c| LessThanThreeMan|yea but 2 hit
|
|switch|p1a: Alomomola|Alomomola, M|271\/534
|-damage|p1a: Alomomola|205\/534|[from] Stealth Rock
|turn|40
|c| watfor|wait nvm
|c| LessThanThreeMan|like switch and dark pulse the thing
|c| watfor|he is full phys def
|c| watfor|yea
|c| watfor|252 SpA Hydreigon Dark Pulse vs. 232 HP \/ 24 SpD Alomomola: 228-268 (43.1 - 50.6%) -- guaranteed 3HKO after Leftovers recovery
|c| watfor|needs to stall tho
|
|switch|p2a: Cresselia|Cresselia, F|85\/444
|-damage|p2a: Cresselia|30\/444|[from] Stealth Rock
|move|p1a: Alomomola|Wish|p1a: Alomomola
|
|-heal|p2a: Cresselia|57\/444|[from] item: Leftovers
|-heal|p1a: Alomomola|238\/534|[from] item: Leftovers
|turn|41
|c|âkiddmewtwo|i am not full phsical defense i took like 16 evs out for attack
|c| watfor|252 SpA Hydreigon Draco Meteor vs. 232 HP \/ 24 SpD Alomomola: 369-435 (69.7 - 82.2%) -- guaranteed 2HKO after Leftovers recovery
|c| watfor|draco kills
|c| LessThanThreeMan|watfor
|c|âkiddmewtwo|knock off
|c| LessThanThreeMan|don't tell this guy how to win lol
|c| ULT OGwank|69-82 is redic
|c| ULT OGwank|wtf
|c| LessThanThreeMan|dreigon is power
|c| ULT OGwank|why is tht such a wide calc
|c| LessThanThreeMan|it is 13%
|c| Bob the Bro|ur mum is wide
|c| LessThanThreeMan|looks larger cuz 60s-802
|c| LessThanThreeMan|lol bob
|c| hairy toenail|bob is savage
|
|move|p2a: Cresselia|Moonblast|p1a: Alomomola
|-damage|p1a: Alomomola|117\/534
|-unboost|p1a: Alomomola|spa|1
|move|p1a: Alomomola|Knock Off|p2a: Cresselia
|-supereffective|p2a: Cresselia
|-damage|p2a: Cresselia|0 fnt
|-enditem|p2a: Cresselia|Leftovers|[from] move: Knock Off|[of] p1a: Alomomola
|faint|p2a: Cresselia
|
|-heal|p1a: Alomomola|384\/534|[from] move: Wish|[wisher] Alomomola
|-heal|p1a: Alomomola|417\/534|[from] item: Leftovers
|c| Bob the Bro|my insults
|c| Bob the Bro|destroy lives
|c| LessThanThreeMan|o ez
|
|switch|p2a: Krookodile|Krookodile, M|311\/331
|-damage|p2a: Krookodile|291\/331|[from] Stealth Rock
|-ability|p2a: Krookodile|Intimidate|[of] p1a: Alomomola
|-unboost|p1a: Alomomola|atk|1
|turn|42
|c| Bob the Bro|ez max
|c| watfor|reveal curse alomomola
|
|move|p2a: Krookodile|Knock Off|p1a: Alomomola
|-damage|p1a: Alomomola|212\/534
|-enditem|p1a: Alomomola|Leftovers|[from] move: Knock Off|[of] p2a: Krookodile
|move|p1a: Alomomola|Wish|p1a: Alomomola
|
|turn|43
|c| watfor|with sub
|
|switch|p2a: Hydreigon|Hydreigon, M|245\/325
|-damage|p2a: Hydreigon|205\/325|[from] Stealth Rock
|move|p1a: Alomomola|Scald|p2a: Hydreigon
|-resisted|p2a: Hydreigon
|-damage|p2a: Hydreigon|188\/325
|
|-heal|p1a: Alomomola|479\/534|[from] move: Wish|[wisher] Alomomola
|turn|44
|c| RowDog|CM alo
|join|TheLatiosWarrior
|c|âULT LibLuc|hit him with this
|c|âULT LibLuc|flinch
|c| watfor|you don't need
|c| watfor|flinch
|c|âkiddmewtwo|boring
|c| LessThanThreeMan|he can get it tho
|c| RowDog|Does he have protect?
|
|move|p2a: Hydreigon|Dark Pulse|p1a: Alomomola
|-damage|p1a: Alomomola|211\/534
|move|p1a: Alomomola|Healing Wish|p1a: Alomomola
|-fail|p1a: Alomomola
|
|turn|45
|c| LessThanThreeMan|>boring
|c|âULT LibLuc|LOL
|c| watfor|doesn't matter, rowdog
|c| RowDog|lol
|c| LessThanThreeMan|>about to loose
|c| watfor|knocked off his lefties
|c| RowDog|no he doesn't
|c| LessThanThreeMan|:p
|c| watfor|lol
|c| ULT OGwank|what in the hell
|leave|hairy toenail
|c| ULT OGwank|GGGGGGGGG
|c| LessThanThreeMan|also he doesn't have
|c| LessThanThreeMan|protect
|c|âULT LibLuc|he doesnt have protect
|c| LessThanThreeMan|gg
|c|âULT LibLuc|he has scald knock off wish healing wish
|c|âULT LibLuc|so i won anyway
|
|move|p2a: Hydreigon|Dark Pulse|p1a: Alomomola
|-damage|p1a: Alomomola|0 fnt
|faint|p1a: Alomomola
|
|win|ULT LibLuc
|raw|Ladder updating...
|c|âULT LibLuc|GG
|raw|kiddmewtwo's rating: 1379 &rarr; <strong>1360<\/strong><br \/>(-19 for losing)
|raw|ULT LibLuc's rating: 1394 &rarr; <strong>1413<\/strong><br \/>(+19 for winning)
|leave|TheLatiosWarrior
|leave|watfor
|leave|ULT LibLuc
|c|âkiddmewtwo|kill yourself
|leave|ULT OGwank
|player|p2
|leave|kiddmewtwo
|c| LessThanThreeMan|LOL
|player|p1
|leave|Bob the Bro
|c| LessThanThreeMan|gonna save for tha salt
|c| RowDog|shared replay
|c| RowDog|yeah
|c| LessThanThreeMan|lmao