|join|Celsius
|join|Truth In Lies
|player|p1|Celsius|288
|player|p2|Truth In Lies|136
|gametype|singles
|gen|6
|tier|UU
|rule|Sleep Clause Mod: Limit one foe put to sleep
|rule|Species Clause: Limit one of each PokÃ©mon
|rule|OHKO Clause: OHKO moves are banned
|rule|Moody Clause: Moody is banned
|rule|Evasion Moves Clause: Evasion moves are banned
|rule|Endless Battle Clause: Forcing endless battles is banned
|rule|HP Percentage Mod: HP is shown in percentages
|clearpoke
|poke|p1|Forretress, F
|poke|p1|Blissey, F
|poke|p1|Spiritomb, F
|poke|p1|Suicune
|poke|p1|Chesnaught, M
|poke|p1|Weezing, M
|poke|p2|Sceptile, F
|poke|p2|Crobat, M
|poke|p2|Suicune
|poke|p2|Krookodile, M
|poke|p2|Machamp, M
|poke|p2|Jirachi
|rule|Swagger Clause: Swagger is banned
|rule|Baton Pass Clause: Limit one PokÃ©mon knowing Baton Pass
|teampreview
|c|âTruth In Lies|glhf
|c|âCelsius|u2
|
|start
|switch|p1a: Chesnaught|Chesnaught, M|380\/380
|switch|p2a: Krookodile|Krookodile, M|331\/331
|-ability|p2a: Krookodile|Intimidate|[of] p1a: Chesnaught
|-unboost|p1a: Chesnaught|atk|1
|turn|1
|
|switch|p2a: Crobat|Crobat, M|325\/325
|move|p1a: Chesnaught|Spikes|p2a: Crobat
|-sidestart|p2: Truth In Lies|Spikes
|
|turn|2
|join|Gym Leader Sendrom
|
|switch|p1a: Spiritomb|Spiritomb, F|303\/303
|-ability|p1a: Spiritomb|Pressure
|move|p2a: Crobat|U-turn|p1a: Spiritomb
|-damage|p1a: Spiritomb|252\/303
|leave|Gym Leader Sendrom
|
|switch|p2a: Machamp|Machamp, M|344\/344
|-damage|p2a: Machamp|301\/344|[from] Spikes
|
|turn|3
|
|switch|p1a: Weezing|Weezing, M|334\/334
|move|p2a: Machamp|Knock Off|p1a: Weezing
|-damage|p1a: Weezing|210\/334
|-enditem|p1a: Weezing|Black Sludge|[from] move: Knock Off|[of] p2a: Machamp
|
|turn|4
|
|move|p2a: Machamp|Knock Off|p1a: Weezing
|-damage|p1a: Weezing|135\/334
|move|p1a: Weezing|Will-O-Wisp|p2a: Machamp
|-status|p2a: Machamp|brn
|
|-damage|p2a: Machamp|258\/344 brn|[from] brn
|turn|5
|
|switch|p2a: Suicune|Suicune|404\/404
|-damage|p2a: Suicune|354\/404|[from] Spikes
|-ability|p2a: Suicune|Pressure
|move|p1a: Weezing|Pain Split|p2a: Suicune
|-sethp|p2a: Suicune|244\/404|p1a: Weezing|244\/334|[from] move: Pain Split
|
|-heal|p2a: Suicune|269\/404|[from] item: Leftovers
|turn|6
|
|switch|p1a: Suicune|Suicune|404\/404
|-ability|p1a: Suicune|Pressure
|move|p2a: Suicune|Scald|p1a: Suicune
|-resisted|p1a: Suicune
|-damage|p1a: Suicune|368\/404
|
|-heal|p2a: Suicune|294\/404|[from] item: Leftovers
|-heal|p1a: Suicune|393\/404|[from] item: Leftovers
|turn|7
|
|switch|p2a: Sceptile|Sceptile, F|281\/281
|-damage|p2a: Sceptile|246\/281|[from] Spikes
|move|p1a: Suicune|Scald|p2a: Sceptile
|-crit|p2a: Sceptile
|-resisted|p2a: Sceptile
|-damage|p2a: Sceptile|169\/281
|
|-heal|p1a: Suicune|404\/404|[from] item: Leftovers
|turn|8
|
|switch|p1a: Blissey|Blissey, F|713\/713
|detailschange|p2a: Sceptile|Sceptile-Mega, F
|-mega|p2a: Sceptile|Sceptile|Sceptilite
|move|p2a: Sceptile|Leaf Storm|p1a: Blissey
|-damage|p1a: Blissey|518\/713
|-unboost|p2a: Sceptile|spa|2
|
|turn|9
|
|switch|p2a: Crobat|Crobat, M|325\/325
|move|p1a: Blissey|Stealth Rock|p2a: Crobat
|-sidestart|p2: Truth In Lies|move: Stealth Rock
|
|turn|10
|
|move|p2a: Crobat|Defog|p1a: Blissey
|-unboost|p1a: Blissey|evasion|1
|-sideend|p2: Truth In Lies|Spikes|[from] move: Defog|[of] p2a: Crobat
|-sideend|p2: Truth In Lies|Stealth Rock|[from] move: Defog|[of] p2a: Crobat
|move|p1a: Blissey|Wish|p1a: Blissey
|
|turn|11
|
|move|p2a: Crobat|U-turn|p1a: Blissey
|-damage|p1a: Blissey|403\/713
|
|switch|p2a: Machamp|Machamp, M|258\/344 brn
|move|p1a: Blissey|Stealth Rock|p2a: Machamp
|-sidestart|p2: Truth In Lies|move: Stealth Rock
|
|-heal|p1a: Blissey|713\/713|[from] move: Wish|[wisher] Blissey
|-damage|p2a: Machamp|215\/344 brn|[from] brn
|turn|12
|
|move|p1a: Blissey|Protect|p1a: Blissey
|-singleturn|p1a: Blissey|Protect
|move|p2a: Machamp|Heavy Slam|p1a: Blissey
|-activate|p1a: Blissey|Protect
|
|-damage|p2a: Machamp|172\/344 brn|[from] brn
|turn|13
|
|switch|p2a: Suicune|Suicune|294\/404
|-damage|p2a: Suicune|244\/404|[from] Stealth Rock
|-ability|p2a: Suicune|Pressure
|switch|p1a: Suicune|Suicune|404\/404
|-ability|p1a: Suicune|Pressure
|
|-heal|p2a: Suicune|269\/404|[from] item: Leftovers
|turn|14
|
|move|p2a: Suicune|Calm Mind|p2a: Suicune
|-boost|p2a: Suicune|spa|1
|-boost|p2a: Suicune|spd|1
|move|p1a: Suicune|Scald|p2a: Suicune
|-crit|p2a: Suicune
|-resisted|p2a: Suicune
|-damage|p2a: Suicune|215\/404
|
|-heal|p2a: Suicune|240\/404|[from] item: Leftovers
|turn|15
|
|move|p2a: Suicune|Calm Mind|p2a: Suicune
|-boost|p2a: Suicune|spa|1
|-boost|p2a: Suicune|spd|1
|move|p1a: Suicune|Roar|p2a: Suicune
|drag|p2a: Crobat|Crobat, M|325\/325
|-damage|p2a: Crobat|244\/325|[from] Stealth Rock
|
|-heal|p2a: Crobat|264\/325|[from] item: Black Sludge
|turn|16
|
|move|p2a: Crobat|Defog|p1a: Suicune
|-unboost|p1a: Suicune|evasion|1
|-sideend|p2: Truth In Lies|Stealth Rock|[from] move: Defog|[of] p2a: Crobat
|move|p1a: Suicune|Scald|p2a: Crobat
|-damage|p2a: Crobat|152\/325
|-status|p2a: Crobat|brn
|
|-heal|p2a: Crobat|172\/325 brn|[from] item: Black Sludge
|-damage|p2a: Crobat|132\/325 brn|[from] brn
|turn|17
|
|move|p2a: Crobat|U-turn|p1a: Suicune
|-damage|p1a: Suicune|382\/404
|
|switch|p2a: Sceptile|Sceptile-Mega, F|169\/281
|move|p1a: Suicune|Scald|p2a: Sceptile
|-resisted|p2a: Sceptile
|-damage|p2a: Sceptile|142\/281
|
|-heal|p1a: Suicune|404\/404|[from] item: Leftovers
|turn|18
|
|switch|p1a: Blissey|Blissey, F|713\/713
|move|p2a: Sceptile|Focus Blast|p1a: Blissey
|-supereffective|p1a: Blissey
|-damage|p1a: Blissey|469\/713
|
|turn|19
|
|move|p2a: Sceptile|Focus Blast|p1a: Blissey
|-supereffective|p1a: Blissey
|-damage|p1a: Blissey|227\/713
|move|p1a: Blissey|Wish|p1a: Blissey
|
|turn|20
|
|switch|p2a: Machamp|Machamp, M|172\/344 brn
|move|p1a: Blissey|Protect|p1a: Blissey
|-fail|p1a: Blissey
|
|-heal|p1a: Blissey|583\/713|[from] move: Wish|[wisher] Blissey
|-damage|p2a: Machamp|129\/344 brn|[from] brn
|turn|21
|
|move|p1a: Blissey|Protect|p1a: Blissey
|-singleturn|p1a: Blissey|Protect
|move|p2a: Machamp|Close Combat|p1a: Blissey
|-activate|p1a: Blissey|Protect
|
|-damage|p2a: Machamp|86\/344 brn|[from] brn
|turn|22
|
|switch|p2a: Suicune|Suicune|240\/404
|-ability|p2a: Suicune|Pressure
|switch|p1a: Spiritomb|Spiritomb, F|252\/303
|-ability|p1a: Spiritomb|Pressure
|
|-heal|p2a: Suicune|265\/404|[from] item: Leftovers
|turn|23
|
|move|p2a: Suicune|Scald|p1a: Spiritomb
|-damage|p1a: Spiritomb|186\/303
|move|p1a: Spiritomb|Will-O-Wisp|p2a: Suicune
|-status|p2a: Suicune|brn
|
|-heal|p2a: Suicune|290\/404 brn|[from] item: Leftovers
|-damage|p2a: Suicune|240\/404 brn|[from] brn
|turn|24
|
|switch|p1a: Suicune|Suicune|404\/404
|-ability|p1a: Suicune|Pressure
|move|p2a: Suicune|Calm Mind|p2a: Suicune
|-boost|p2a: Suicune|spa|1
|-boost|p2a: Suicune|spd|1
|
|-heal|p2a: Suicune|265\/404 brn|[from] item: Leftovers
|-damage|p2a: Suicune|215\/404 brn|[from] brn
|turn|25
|
|move|p2a: Suicune|Scald|p1a: Suicune
|-resisted|p1a: Suicune
|-damage|p1a: Suicune|350\/404
|move|p1a: Suicune|Roar|p2a: Suicune
|drag|p2a: Machamp|Machamp, M|86\/344 brn
|
|-heal|p1a: Suicune|375\/404|[from] item: Leftovers
|-damage|p2a: Machamp|43\/344 brn|[from] brn
|turn|26
|
|switch|p2a: Sceptile|Sceptile-Mega, F|142\/281
|move|p1a: Suicune|Scald|p2a: Sceptile
|-resisted|p2a: Sceptile
|-damage|p2a: Sceptile|120\/281
|-status|p2a: Sceptile|brn
|
|-heal|p1a: Suicune|400\/404|[from] item: Leftovers
|-damage|p2a: Sceptile|85\/281 brn|[from] brn
|turn|27
|
|switch|p1a: Chesnaught|Chesnaught, M|380\/380
|move|p2a: Sceptile|Giga Drain|p1a: Chesnaught
|-resisted|p1a: Chesnaught
|-damage|p1a: Chesnaught|304\/380
|-heal|p2a: Sceptile|123\/281 brn|[from] drain|[of] p1a: Chesnaught
|
|-heal|p1a: Chesnaught|327\/380|[from] item: Leftovers
|-damage|p2a: Sceptile|88\/281 brn|[from] brn
|turn|28
|
|move|p2a: Sceptile|Dragon Pulse|p1a: Chesnaught
|-damage|p1a: Chesnaught|165\/380
|move|p1a: Chesnaught|Zen Headbutt|p2a: Sceptile
|-damage|p2a: Sceptile|6\/281 brn
|
|-heal|p1a: Chesnaught|188\/380|[from] item: Leftovers
|-damage|p2a: Sceptile|0 fnt|[from] brn
|faint|p2a: Sceptile
|
|switch|p2a: Jirachi|Jirachi|341\/341
|turn|29
|
|move|p2a: Jirachi|Healing Wish|p2a: Jirachi
|faint|p2a: Jirachi
|move|p1a: Chesnaught|Spikes|p2: Jirachi
|-sidestart|p2: Truth In Lies|Spikes
|
|-heal|p1a: Chesnaught|211\/380|[from] item: Leftovers
|
|switch|p2a: Machamp|Machamp, M|43\/344 brn
|-heal|p2a: Machamp|344\/344|[from] move: Healing Wish
|-damage|p2a: Machamp|301\/344|[from] Spikes
|turn|30
|
|switch|p1a: Weezing|Weezing, M|244\/334
|move|p2a: Machamp|Close Combat|p1a: Weezing
|-resisted|p1a: Weezing
|-damage|p1a: Weezing|126\/334
|-unboost|p2a: Machamp|def|1
|-unboost|p2a: Machamp|spd|1
|
|turn|31
|
|move|p2a: Machamp|Close Combat|p1a: Weezing
|-resisted|p1a: Weezing
|-damage|p1a: Weezing|12\/334
|-unboost|p2a: Machamp|def|1
|-unboost|p2a: Machamp|spd|1
|move|p1a: Weezing|Pain Split|p2a: Machamp
|-sethp|p2a: Machamp|156\/344|p1a: Weezing|156\/334|[from] move: Pain Split
|
|turn|32
|
|switch|p2a: Crobat|Crobat, M|132\/325 brn
|move|p1a: Weezing|Thunderbolt|p2a: Crobat
|-supereffective|p2a: Crobat
|-damage|p2a: Crobat|0 fnt
|faint|p2a: Crobat
|
|
|switch|p2a: Suicune|Suicune|215\/404 brn
|-damage|p2a: Suicune|165\/404 brn|[from] Spikes
|-ability|p2a: Suicune|Pressure
|turn|33
|
|switch|p1a: Suicune|Suicune|400\/404
|-ability|p1a: Suicune|Pressure
|move|p2a: Suicune|Scald|p1a: Suicune
|-resisted|p1a: Suicune
|-damage|p1a: Suicune|363\/404
|
|-heal|p2a: Suicune|190\/404 brn|[from] item: Leftovers
|-heal|p1a: Suicune|388\/404|[from] item: Leftovers
|-damage|p2a: Suicune|140\/404 brn|[from] brn
|turn|34
|
|move|p2a: Suicune|Rest|p2a: Suicune
|-status|p2a: Suicune|slp
|-heal|p2a: Suicune|404\/404 slp|[silent]
|-status|p2a: Suicune|slp|[from] move: Rest
|move|p1a: Suicune|Roar|p2a: Suicune
|drag|p2a: Machamp|Machamp, M|156\/344
|-damage|p2a: Machamp|113\/344|[from] Spikes
|
|-heal|p1a: Suicune|404\/404|[from] item: Leftovers
|turn|35
|
|switch|p1a: Forretress|Forretress, F|354\/354
|move|p2a: Machamp|Close Combat|p1a: Forretress
|-damage|p1a: Forretress|102\/354
|-unboost|p2a: Machamp|def|1
|-unboost|p2a: Machamp|spd|1
|
|-heal|p1a: Forretress|124\/354|[from] item: Leftovers
|turn|36
|
|switch|p1a: Spiritomb|Spiritomb, F|186\/303
|-ability|p1a: Spiritomb|Pressure
|move|p2a: Machamp|Close Combat|p1a: Spiritomb
|-immune|p1a: Spiritomb|[msg]
|
|turn|37
|
|switch|p2a: Krookodile|Krookodile, M|331\/331
|-damage|p2a: Krookodile|290\/331|[from] Spikes
|-ability|p2a: Krookodile|Intimidate|[of] p1a: Spiritomb
|-unboost|p1a: Spiritomb|atk|1
|move|p1a: Spiritomb|Foul Play|p2a: Krookodile
|-resisted|p2a: Krookodile
|-damage|p2a: Krookodile|200\/331
|
|turn|38
|
|switch|p2a: Suicune|Suicune|404\/404 slp
|-damage|p2a: Suicune|354\/404 slp|[from] Spikes
|-ability|p2a: Suicune|Pressure
|switch|p1a: Forretress|Forretress, F|124\/354
|
|-heal|p2a: Suicune|379\/404 slp|[from] item: Leftovers
|-heal|p1a: Forretress|146\/354|[from] item: Leftovers
|turn|39
|
|switch|p2a: Machamp|Machamp, M|113\/344
|-damage|p2a: Machamp|70\/344|[from] Spikes
|switch|p1a: Suicune|Suicune|404\/404
|-ability|p1a: Suicune|Pressure
|
|turn|40
|
|switch|p1a: Spiritomb|Spiritomb, F|186\/303
|-ability|p1a: Spiritomb|Pressure
|move|p2a: Machamp|Knock Off|p1a: Spiritomb
|-damage|p1a: Spiritomb|80\/303
|
|turn|41
|
|switch|p1a: Forretress|Forretress, F|146\/354
|move|p2a: Machamp|Knock Off|p1a: Forretress
|-damage|p1a: Forretress|7\/354
|-enditem|p1a: Forretress|Leftovers|[from] move: Knock Off|[of] p2a: Machamp
|
|turn|42
|
|move|p2a: Machamp|Knock Off|p1a: Forretress
|-damage|p1a: Forretress|0 fnt
|faint|p1a: Forretress
|
|
|switch|p1a: Weezing|Weezing, M|156\/334
|turn|43
|
|move|p2a: Machamp|Knock Off|p1a: Weezing
|-damage|p1a: Weezing|74\/334
|move|p1a: Weezing|Thunderbolt|p2a: Machamp
|-damage|p2a: Machamp|0 fnt
|faint|p2a: Machamp
|
|
|switch|p2a: Krookodile|Krookodile, M|200\/331
|-damage|p2a: Krookodile|159\/331|[from] Spikes
|-ability|p2a: Krookodile|Intimidate|[of] p1a: Weezing
|-unboost|p1a: Weezing|atk|1
|turn|44
|
|move|p2a: Krookodile|Knock Off|p1a: Weezing
|-damage|p1a: Weezing|0 fnt
|faint|p1a: Weezing
|
|
|switch|p1a: Chesnaught|Chesnaught, M|211\/380
|turn|45
|
|move|p2a: Krookodile|Knock Off|p1a: Chesnaught
|-resisted|p1a: Chesnaught
|-damage|p1a: Chesnaught|145\/380
|-enditem|p1a: Chesnaught|Leftovers|[from] move: Knock Off|[of] p2a: Krookodile
|move|p1a: Chesnaught|Leech Seed|p2a: Krookodile
|-start|p2a: Krookodile|move: Leech Seed
|
|-damage|p2a: Krookodile|118\/331|[from] Leech Seed|[of] p1a: Chesnaught
|-heal|p1a: Chesnaught|186\/380|[silent]
|turn|46
|
|move|p2a: Krookodile|Earthquake|p1a: Chesnaught
|-resisted|p1a: Chesnaught
|-damage|p1a: Chesnaught|129\/380
|move|p1a: Chesnaught|Wood Hammer|p2a: Krookodile
|-supereffective|p2a: Krookodile
|-damage|p2a: Krookodile|0 fnt
|-damage|p1a: Chesnaught|90\/380|[from] recoil|[of] p2a: Krookodile
|faint|p2a: Krookodile
|
|
|switch|p2a: Suicune|Suicune|379\/404 slp
|-damage|p2a: Suicune|329\/404 slp|[from] Spikes
|-ability|p2a: Suicune|Pressure
|turn|47
|
|cant|p2a: Suicune|slp
|move|p2a: Suicune|Sleep Talk|p2a: Suicune
|move|p2a: Suicune|Scald|p1a: Chesnaught|[from]Sleep Talk
|-resisted|p1a: Chesnaught
|-damage|p1a: Chesnaught|42\/380
|move|p1a: Chesnaught|Leech Seed|p2a: Suicune
|-start|p2a: Suicune|move: Leech Seed
|
|-heal|p2a: Suicune|354\/404 slp|[from] item: Leftovers
|-damage|p2a: Suicune|304\/404 slp|[from] Leech Seed|[of] p1a: Chesnaught
|-heal|p1a: Chesnaught|92\/380|[silent]
|turn|48
|
|cant|p2a: Suicune|slp
|move|p1a: Chesnaught|Wood Hammer|p2a: Suicune
|-supereffective|p2a: Suicune
|-damage|p2a: Suicune|10\/404 slp
|-damage|p1a: Chesnaught|0 fnt|[from] recoil|[of] p2a: Suicune
|faint|p1a: Chesnaught
|
|-heal|p2a: Suicune|35\/404 slp|[from] item: Leftovers
|c|âTruth In Lies|Gg
|
|switch|p1a: Suicune|Suicune|404\/404
|-ability|p1a: Suicune|Pressure
|turn|49
|
|move|p1a: Suicune|Scald|p2a: Suicune
|-resisted|p2a: Suicune
|-damage|p2a: Suicune|0 fnt
|faint|p2a: Suicune
|
|win|Celsius
|c|âCelsius|gg