|join|Christo 666
|join|Celsius
|player|p1|Christo 666|142
|player|p2|Celsius|283
|gametype|singles
|gen|6
|tier|UU
|rule|Sleep Clause Mod: Limit one foe put to sleep
|rule|Species Clause: Limit one of each PokÃ©mon
|rule|OHKO Clause: OHKO moves are banned
|rule|Moody Clause: Moody is banned
|rule|Evasion Moves Clause: Evasion moves are banned
|rule|Endless Battle Clause: Forcing endless battles is banned
|rule|HP Percentage Mod: HP is shown in percentages
|clearpoke
|poke|p1|Alakazam, F
|poke|p1|Honchkrow, F
|poke|p1|Arcanine, M
|poke|p1|Jirachi
|poke|p1|Nidoqueen, F
|poke|p1|Zygarde
|poke|p2|Lucario, M
|poke|p2|Swampert, M
|poke|p2|Roserade, M, shiny
|poke|p2|Delphox, F
|poke|p2|Crobat, M
|poke|p2|Vaporeon, M
|rule|Swagger Clause: Swagger is banned
|rule|Baton Pass Clause: Limit one PokÃ©mon knowing Baton Pass
|teampreview
|
|start
|switch|p1a: Nidoqueen|Nidoqueen, F|322\/322
|switch|p2a: Crobat|Crobat, M|311\/311
|turn|1
|
|move|p2a: Crobat|U-turn|p1a: Nidoqueen
|-crit|p1a: Nidoqueen
|-resisted|p1a: Nidoqueen
|-damage|p1a: Nidoqueen|233\/322
|
|switch|p2a: Vaporeon|Vaporeon, M|464\/464
|move|p1a: Nidoqueen|Stealth Rock|p2a: Vaporeon
|-sidestart|p2: Celsius|move: Stealth Rock
|
|turn|2
|
|move|p1a: Nidoqueen|Sludge Wave|p2a: Vaporeon
|-damage|p2a: Vaporeon|307\/464
|move|p2a: Vaporeon|Scald|p1a: Nidoqueen
|-supereffective|p1a: Nidoqueen
|-damage|p1a: Nidoqueen|5\/322
|-status|p1a: Nidoqueen|brn
|
|-heal|p2a: Vaporeon|336\/464|[from] item: Leftovers
|-damage|p1a: Nidoqueen|0 fnt|[from] brn
|faint|p1a: Nidoqueen
|
|switch|p1a: Zygarde|Zygarde|358\/358
|-ability|p1a: Zygarde|Aura Break
|turn|3
|
|switch|p2a: Roserade|Roserade, M, shiny|261\/261
|-damage|p2a: Roserade|229\/261|[from] Stealth Rock
|move|p1a: Zygarde|Dragon Dance|p1a: Zygarde
|-boost|p1a: Zygarde|atk|1
|-boost|p1a: Zygarde|spe|1
|
|-heal|p2a: Roserade|245\/261|[from] item: Black Sludge
|turn|4
|
|move|p1a: Zygarde|Earthquake|p2a: Roserade
|-crit|p2a: Roserade
|-damage|p2a: Roserade|0 fnt
|faint|p2a: Roserade
|
|
|switch|p2a: Swampert|Swampert, M|401\/401
|-damage|p2a: Swampert|376\/401|[from] Stealth Rock
|turn|5
|
|move|p1a: Zygarde|Earthquake|p2a: Swampert
|-crit|p2a: Swampert
|-damage|p2a: Swampert|112\/401
|move|p2a: Swampert|Roar|p1a: Zygarde
|drag|p1a: Arcanine|Arcanine, M|384\/384
|-ability|p1a: Arcanine|Intimidate|[of] p2a: Swampert
|-unboost|p2a: Swampert|atk|1
|
|-heal|p2a: Swampert|137\/401|[from] item: Leftovers
|turn|6
|c|âChristo 666|ouch sorry
|
|move|p1a: Arcanine|Will-O-Wisp|p2a: Swampert
|-status|p2a: Swampert|brn
|move|p2a: Swampert|Stealth Rock|p1a: Arcanine
|-sidestart|p1: Christo 666|move: Stealth Rock
|
|-heal|p2a: Swampert|162\/401 brn|[from] item: Leftovers
|-damage|p2a: Swampert|112\/401 brn|[from] brn
|turn|7
|
|move|p1a: Arcanine|Extreme Speed|p2a: Swampert
|-damage|p2a: Swampert|57\/401 brn
|move|p2a: Swampert|Scald|p1a: Arcanine
|-supereffective|p1a: Arcanine
|-damage|p1a: Arcanine|154\/384
|
|-heal|p1a: Arcanine|178\/384|[from] item: Leftovers
|-heal|p2a: Swampert|82\/401 brn|[from] item: Leftovers
|-damage|p2a: Swampert|32\/401 brn|[from] brn
|turn|8
|
|move|p1a: Arcanine|Extreme Speed|p2a: Swampert
|-damage|p2a: Swampert|0 fnt
|faint|p2a: Swampert
|
|-heal|p1a: Arcanine|202\/384|[from] item: Leftovers
|
|switch|p2a: Delphox|Delphox, F|291\/291
|-damage|p2a: Delphox|219\/291|[from] Stealth Rock
|turn|9
|
|move|p2a: Delphox|Switcheroo|p1a: Arcanine
|-activate|p2a: Delphox|move: Trick|[of] p1a: Arcanine
|-item|p1a: Arcanine|Choice Specs|[from] Trick
|-item|p2a: Delphox|Leftovers|[from] Trick
|move|p1a: Arcanine|Morning Sun|p1a: Arcanine
|-heal|p1a: Arcanine|384\/384
|
|-heal|p2a: Delphox|237\/291|[from] item: Leftovers
|turn|10
|
|switch|p1a: Honchkrow|Honchkrow, F|342\/342
|-damage|p1a: Honchkrow|257\/342|[from] Stealth Rock
|move|p2a: Delphox|Psyshock|p1a: Honchkrow
|-immune|p1a: Honchkrow|[msg]
|
|-heal|p2a: Delphox|255\/291|[from] item: Leftovers
|turn|11
|
|move|p2a: Delphox|Switcheroo|p1a: Honchkrow
|-activate|p2a: Delphox|move: Trick|[of] p1a: Honchkrow
|-item|p1a: Honchkrow|Leftovers|[from] Trick
|-item|p2a: Delphox|Life Orb|[from] Trick
|move|p1a: Honchkrow|Brave Bird|p2a: Delphox
|-damage|p2a: Delphox|0 fnt
|-damage|p1a: Honchkrow|173\/342|[from] recoil|[of] p2a: Delphox
|faint|p2a: Delphox
|-boost|p1a: Honchkrow|atk|1|[from] ability: Moxie
|
|-heal|p1a: Honchkrow|194\/342|[from] item: Leftovers
|
|switch|p2a: Crobat|Crobat, M|311\/311
|-damage|p2a: Crobat|234\/311|[from] Stealth Rock
|turn|12
|
|move|p1a: Honchkrow|Sucker Punch|p2a: Crobat
|-damage|p2a: Crobat|0 fnt
|faint|p2a: Crobat
|-boost|p1a: Honchkrow|atk|1|[from] ability: Moxie
|
|-heal|p1a: Honchkrow|215\/342|[from] item: Leftovers
|
|switch|p2a: Lucario|Lucario, M|281\/281
|-damage|p2a: Lucario|273\/281|[from] Stealth Rock
|turn|13
|
|move|p2a: Lucario|Close Combat|p1a: Honchkrow
|-damage|p1a: Honchkrow|0 fnt
|-unboost|p2a: Lucario|def|1
|-unboost|p2a: Lucario|spd|1
|-damage|p2a: Lucario|245\/281|[from] item: Life Orb
|faint|p1a: Honchkrow
|
|
|switch|p1a: Zygarde|Zygarde|358\/358
|-damage|p1a: Zygarde|336\/358|[from] Stealth Rock
|-ability|p1a: Zygarde|Aura Break
|turn|14
|join|Lucipurrr
|
|move|p1a: Zygarde|Earthquake|p2a: Lucario
|-supereffective|p2a: Lucario
|-damage|p2a: Lucario|0 fnt
|faint|p2a: Lucario
|
|
|switch|p2a: Vaporeon|Vaporeon, M|336\/464
|-damage|p2a: Vaporeon|278\/464|[from] Stealth Rock
|turn|15
|
|move|p1a: Zygarde|Earthquake|p2a: Vaporeon
|-damage|p2a: Vaporeon|14\/464
|move|p2a: Vaporeon|Scald|p1a: Zygarde
|-damage|p1a: Zygarde|231\/358
|-status|p1a: Zygarde|brn
|-enditem|p1a: Zygarde|Lum Berry|[eat]
|-curestatus|p1a: Zygarde|brn
|
|-heal|p2a: Vaporeon|43\/464|[from] item: Leftovers
|turn|16
|c|âChristo 666|gg :]
|c|âCelsius|gg
|c|âChristo 666|sorry for crit on swamp
|c|âCelsius|np
|
|move|p1a: Zygarde|Earthquake|p2a: Vaporeon
|-damage|p2a: Vaporeon|0 fnt
|faint|p2a: Vaporeon
|
|win|Christo 666
|leave|Celsius
|player|p2