|join|Celsius
|join|B99
|player|p1|Celsius|154
|player|p2|B99|2
|gametype|singles
|gen|6
|tier|UU
|rated
|rule|Sleep Clause Mod: Limit one foe put to sleep
|rule|Species Clause: Limit one of each PokÃ©mon
|rule|OHKO Clause: OHKO moves are banned
|rule|Moody Clause: Moody is banned
|rule|Evasion Moves Clause: Evasion moves are banned
|rule|Endless Battle Clause: Forcing endless battles is banned
|rule|HP Percentage Mod: HP is shown in percentages
|clearpoke
|poke|p1|Infernape, M
|poke|p1|Swampert, M
|poke|p1|Umbreon, M, shiny
|poke|p1|Crobat, M
|poke|p1|Jirachi
|poke|p1|Zygarde
|poke|p2|Rhyperior, F
|poke|p2|Reuniclus, F
|poke|p2|Tentacruel, F
|poke|p2|Whimsicott, M
|poke|p2|Cofagrigus, F
|poke|p2|Mienshao, M
|rule|Swagger Clause: Swagger is banned
|rule|Baton Pass Clause: Limit one PokÃ©mon knowing Baton Pass
|teampreview
|
|start
|switch|p1a: Crobat|Crobat, M|343\/343
|switch|p2a: Whimsicott|Whimsicott, M|324\/324
|turn|1
|
|switch|p2a: Cofagrigus|Cofagrigus, F|320\/320
|move|p1a: Crobat|Taunt|p2a: Cofagrigus
|-start|p2a: Cofagrigus|move: Taunt
|
|turn|2
|
|switch|p1a: Swampert|Swampert, M|404\/404
|move|p2a: Cofagrigus|Infestation|p1a: Swampert
|-damage|p1a: Swampert|386\/404
|-activate|p1a: Swampert|move: Infestation|[of] p2a: Cofagrigus
|
|-heal|p1a: Swampert|404\/404|[from] item: Leftovers
|-damage|p1a: Swampert|354\/404|[from] move: Infestation|[partiallytrapped]
|turn|3
|
|switch|p2a: Whimsicott|Whimsicott, M|324\/324
|move|p1a: Swampert|Stealth Rock|p2a: Whimsicott
|-sidestart|p2: B99|move: Stealth Rock
|
|-heal|p1a: Swampert|379\/404|[from] item: Leftovers
|-end|p1a: Swampert|Infestation|[partiallytrapped]
|turn|4
|
|switch|p1a: Crobat|Crobat, M|343\/343
|move|p2a: Whimsicott|Encore|p1a: Crobat
|-fail|p1a: Crobat
|
|turn|5
|
|switch|p2a: Cofagrigus|Cofagrigus, F|320\/320
|-damage|p2a: Cofagrigus|280\/320|[from] Stealth Rock
|move|p1a: Crobat|Taunt|p2a: Cofagrigus
|-start|p2a: Cofagrigus|move: Taunt
|
|-heal|p2a: Cofagrigus|300\/320|[from] item: Leftovers
|turn|6
|
|switch|p1a: Swampert|Swampert, M|379\/404
|move|p2a: Cofagrigus|Infestation|p1a: Swampert
|-damage|p1a: Swampert|361\/404
|-activate|p1a: Swampert|move: Infestation|[of] p2a: Cofagrigus
|
|-heal|p1a: Swampert|386\/404|[from] item: Leftovers
|-heal|p2a: Cofagrigus|320\/320|[from] item: Leftovers
|-damage|p1a: Swampert|336\/404|[from] move: Infestation|[partiallytrapped]
|turn|7
|
|move|p1a: Swampert|Toxic|p2a: Cofagrigus
|-status|p2a: Cofagrigus|tox
|move|p2a: Cofagrigus|Infestation|p1a: Swampert
|-damage|p1a: Swampert|319\/404
|
|-heal|p1a: Swampert|344\/404|[from] item: Leftovers
|-damage|p2a: Cofagrigus|300\/320 tox|[from] psn
|-damage|p1a: Swampert|294\/404|[from] move: Infestation|[partiallytrapped]
|turn|8
|
|move|p1a: Swampert|Earthquake|p2a: Cofagrigus
|-damage|p2a: Cofagrigus|231\/320 tox
|move|p2a: Cofagrigus|Infestation|p1a: Swampert
|-damage|p1a: Swampert|277\/404
|
|-heal|p1a: Swampert|302\/404|[from] item: Leftovers
|-heal|p2a: Cofagrigus|251\/320 tox|[from] item: Leftovers
|-damage|p2a: Cofagrigus|211\/320 tox|[from] psn
|-damage|p1a: Swampert|252\/404|[from] move: Infestation|[partiallytrapped]
|-end|p2a: Cofagrigus|move: Taunt
|turn|9
|
|move|p1a: Swampert|Earthquake|p2a: Cofagrigus
|-damage|p2a: Cofagrigus|142\/320 tox
|move|p2a: Cofagrigus|Rest|p2a: Cofagrigus
|-status|p2a: Cofagrigus|slp
|-heal|p2a: Cofagrigus|320\/320 slp|[silent]
|-status|p2a: Cofagrigus|slp|[from] move: Rest
|
|-heal|p1a: Swampert|277\/404|[from] item: Leftovers
|-damage|p1a: Swampert|227\/404|[from] move: Infestation|[partiallytrapped]
|turn|10
|
|move|p1a: Swampert|Earthquake|p2a: Cofagrigus
|-damage|p2a: Cofagrigus|253\/320 slp
|cant|p2a: Cofagrigus|slp
|move|p2a: Cofagrigus|Sleep Talk|p2a: Cofagrigus
|move|p2a: Cofagrigus|Rest|p2a: Cofagrigus|[from]Sleep Talk
|-fail|p2a: Cofagrigus
|
|-heal|p1a: Swampert|252\/404|[from] item: Leftovers
|-heal|p2a: Cofagrigus|273\/320 slp|[from] item: Leftovers
|-damage|p1a: Swampert|202\/404|[from] move: Infestation|[partiallytrapped]
|turn|11
|
|move|p1a: Swampert|Earthquake|p2a: Cofagrigus
|-damage|p2a: Cofagrigus|198\/320 slp
|cant|p2a: Cofagrigus|slp
|move|p2a: Cofagrigus|Sleep Talk|p2a: Cofagrigus
|move|p2a: Cofagrigus|Rest|p2a: Cofagrigus|[from]Sleep Talk
|-fail|p2a: Cofagrigus
|
|-heal|p1a: Swampert|227\/404|[from] item: Leftovers
|-heal|p2a: Cofagrigus|218\/320 slp|[from] item: Leftovers
|-end|p1a: Swampert|Infestation|[partiallytrapped]
|turn|12
|
|switch|p1a: Jirachi|Jirachi|341\/341
|-curestatus|p2a: Cofagrigus|slp
|move|p2a: Cofagrigus|Will-O-Wisp|p1a: Jirachi
|-status|p1a: Jirachi|brn
|
|-heal|p2a: Cofagrigus|238\/320|[from] item: Leftovers
|-damage|p1a: Jirachi|299\/341 brn|[from] brn
|turn|13
|
|switch|p2a: Rhyperior|Rhyperior, F|434\/434
|-damage|p2a: Rhyperior|407\/434|[from] Stealth Rock
|move|p1a: Jirachi|Trick|p2a: Rhyperior
|-activate|p1a: Jirachi|move: Trick|[of] p2a: Rhyperior
|-item|p2a: Rhyperior|Choice Scarf|[from] move: Trick
|-item|p1a: Jirachi|Leftovers|[from] move: Trick
|
|-heal|p1a: Jirachi|320\/341 brn|[from] item: Leftovers
|-damage|p1a: Jirachi|278\/341 brn|[from] brn
|turn|14
|
|switch|p1a: Swampert|Swampert, M|227\/404
|move|p2a: Rhyperior|Earthquake|p1a: Swampert
|-damage|p1a: Swampert|79\/404
|
|-heal|p1a: Swampert|104\/404|[from] item: Leftovers
|turn|15
|join|Mitney's Whiltank
|
|switch|p1a: Crobat|Crobat, M|343\/343
|move|p2a: Rhyperior|Earthquake|p1a: Crobat
|-immune|p1a: Crobat|[msg]
|
|turn|16
|leave|Mitney's Whiltank
|
|switch|p2a: Cofagrigus|Cofagrigus, F|238\/320
|-damage|p2a: Cofagrigus|198\/320|[from] Stealth Rock
|move|p1a: Crobat|Taunt|p2a: Cofagrigus
|-start|p2a: Cofagrigus|move: Taunt
|
|-heal|p2a: Cofagrigus|218\/320|[from] item: Leftovers
|turn|17
|
|switch|p1a: Umbreon|Umbreon, M, shiny|393\/393
|switch|p2a: Reuniclus|Reuniclus, F|424\/424
|
|turn|18
|
|move|p1a: Umbreon|Foul Play|p2a: Reuniclus
|-supereffective|p2a: Reuniclus
|-damage|p2a: Reuniclus|314\/424
|move|p2a: Reuniclus|Calm Mind|p2a: Reuniclus
|-boost|p2a: Reuniclus|spa|1
|-boost|p2a: Reuniclus|spd|1
|
|turn|19
|
|move|p1a: Umbreon|Heal Bell|p1a: Umbreon
|-cureteam|p1a: Umbreon|[from] move: HealBell
|move|p2a: Reuniclus|Calm Mind|p2a: Reuniclus
|-boost|p2a: Reuniclus|spa|1
|-boost|p2a: Reuniclus|spd|1
|
|turn|20
|
|switch|p1a: Jirachi|Jirachi|278\/341
|move|p2a: Reuniclus|Signal Beam|p1a: Jirachi
|-damage|p1a: Jirachi|109\/341
|
|-heal|p1a: Jirachi|130\/341|[from] item: Leftovers
|turn|21
|
|move|p1a: Jirachi|Iron Head|p2a: Reuniclus
|-damage|p2a: Reuniclus|206\/424
|move|p2a: Reuniclus|Signal Beam|p1a: Jirachi
|-damage|p1a: Jirachi|0 fnt
|faint|p1a: Jirachi
|
|
|switch|p1a: Crobat|Crobat, M|343\/343
|turn|22
|
|move|p1a: Crobat|Brave Bird|p2a: Reuniclus
|-damage|p2a: Reuniclus|74\/424
|-damage|p1a: Crobat|299\/343|[from] recoil|[of] p2a: Reuniclus
|move|p2a: Reuniclus|Recover|p2a: Reuniclus
|-heal|p2a: Reuniclus|286\/424
|
|-heal|p1a: Crobat|320\/343|[from] item: Black Sludge
|turn|23
|
|move|p1a: Crobat|Taunt|p2a: Reuniclus
|-start|p2a: Reuniclus|move: Taunt
|move|p2a: Reuniclus|Psyshock|p1a: Crobat
|-supereffective|p1a: Crobat
|-damage|p1a: Crobat|0 fnt
|faint|p1a: Crobat
|
|
|switch|p1a: Zygarde|Zygarde|358\/358
|-ability|p1a: Zygarde|Aura Break
|turn|24
|
|switch|p2a: Whimsicott|Whimsicott, M|324\/324
|-damage|p2a: Whimsicott|284\/324|[from] Stealth Rock
|move|p1a: Zygarde|Dragon Dance|p1a: Zygarde
|-boost|p1a: Zygarde|atk|1
|-boost|p1a: Zygarde|spe|1
|
|-heal|p2a: Whimsicott|304\/324|[from] item: Leftovers
|turn|25
|
|move|p1a: Zygarde|Extreme Speed|p2a: Whimsicott
|-damage|p2a: Whimsicott|110\/324
|-damage|p1a: Zygarde|323\/358|[from] item: Life Orb
|move|p2a: Whimsicott|Encore|p1a: Zygarde
|-start|p1a: Zygarde|Encore
|
|-heal|p2a: Whimsicott|130\/324|[from] item: Leftovers
|turn|26
|
|switch|p1a: Infernape|Infernape, M|293\/293
|switch|p2a: Cofagrigus|Cofagrigus, F|218\/320
|-damage|p2a: Cofagrigus|178\/320|[from] Stealth Rock
|
|-heal|p2a: Cofagrigus|198\/320|[from] item: Leftovers
|turn|27
|
|move|p1a: Infernape|Fire Blast|p2a: Cofagrigus
|-damage|p2a: Cofagrigus|19\/320
|-damage|p1a: Infernape|264\/293|[from] item: Life Orb
|move|p2a: Cofagrigus|Rest|p2a: Cofagrigus
|-status|p2a: Cofagrigus|slp
|-heal|p2a: Cofagrigus|320\/320 slp|[silent]
|-status|p2a: Cofagrigus|slp|[from] move: Rest
|
|turn|28
|
|switch|p2a: Tentacruel|Tentacruel, F|364\/364
|-damage|p2a: Tentacruel|319\/364|[from] Stealth Rock
|move|p1a: Infernape|Earthquake|p2a: Tentacruel
|-supereffective|p2a: Tentacruel
|-damage|p2a: Tentacruel|0 fnt
|-damage|p1a: Infernape|235\/293|[from] item: Life Orb
|faint|p2a: Tentacruel
|
|
|switch|p2a: Mienshao|Mienshao, M|271\/271
|-damage|p2a: Mienshao|255\/271|[from] Stealth Rock
|turn|29
|
|switch|p1a: Swampert|Swampert, M|104\/404
|move|p2a: Mienshao|High Jump Kick|p1a: Swampert
|-damage|p1a: Swampert|0 fnt
|faint|p1a: Swampert
|
|
|switch|p1a: Zygarde|Zygarde|323\/358
|-ability|p1a: Zygarde|Aura Break
|turn|30
|
|switch|p2a: Cofagrigus|Cofagrigus, F|320\/320 slp
|-damage|p2a: Cofagrigus|280\/320 slp|[from] Stealth Rock
|move|p1a: Zygarde|Dragon Dance|p1a: Zygarde
|-boost|p1a: Zygarde|atk|1
|-boost|p1a: Zygarde|spe|1
|
|-heal|p2a: Cofagrigus|300\/320 slp|[from] item: Leftovers
|turn|31
|
|move|p1a: Zygarde|Earthquake|p2a: Cofagrigus
|-damage|p2a: Cofagrigus|128\/320 slp
|-damage|p1a: Zygarde|288\/358|[from] item: Life Orb
|cant|p2a: Cofagrigus|slp
|move|p2a: Cofagrigus|Sleep Talk|p2a: Cofagrigus
|move|p2a: Cofagrigus|Rest|p2a: Cofagrigus|[from]Sleep Talk
|-fail|p2a: Cofagrigus
|
|-heal|p2a: Cofagrigus|148\/320 slp|[from] item: Leftovers
|turn|32
|
|switch|p2a: Whimsicott|Whimsicott, M|130\/324
|-damage|p2a: Whimsicott|90\/324|[from] Stealth Rock
|move|p1a: Zygarde|Earthquake|p2a: Whimsicott
|-crit|p2a: Whimsicott
|-resisted|p2a: Whimsicott
|-damage|p2a: Whimsicott|0 fnt
|-damage|p1a: Zygarde|253\/358|[from] item: Life Orb
|faint|p2a: Whimsicott
|
|
|switch|p2a: Rhyperior|Rhyperior, F|407\/434
|-damage|p2a: Rhyperior|380\/434|[from] Stealth Rock
|turn|33
|
|move|p1a: Zygarde|Earthquake|p2a: Rhyperior
|-supereffective|p2a: Rhyperior
|-damage|p2a: Rhyperior|29\/434
|-damage|p1a: Zygarde|218\/358|[from] item: Life Orb
|move|p2a: Rhyperior|Roar|p1a: Zygarde
|drag|p1a: Umbreon|Umbreon, M, shiny|393\/393
|
|turn|34
|
|switch|p2a: Cofagrigus|Cofagrigus, F|148\/320 slp
|-damage|p2a: Cofagrigus|108\/320 slp|[from] Stealth Rock
|move|p1a: Umbreon|Wish|p1a: Umbreon
|
|-heal|p2a: Cofagrigus|128\/320 slp|[from] item: Leftovers
|turn|35
|
|switch|p1a: Infernape|Infernape, M|235\/293
|cant|p2a: Cofagrigus|slp
|
|-heal|p1a: Infernape|293\/293|[from] move: Wish|[wisher] Umbreon
|-heal|p2a: Cofagrigus|148\/320 slp|[from] item: Leftovers
|turn|36
|
|switch|p2a: Rhyperior|Rhyperior, F|29\/434
|-damage|p2a: Rhyperior|2\/434|[from] Stealth Rock
|move|p1a: Infernape|Fire Blast|p2a: Rhyperior
|-crit|p2a: Rhyperior
|-resisted|p2a: Rhyperior
|-damage|p2a: Rhyperior|0 fnt
|-damage|p1a: Infernape|264\/293|[from] item: Life Orb
|faint|p2a: Rhyperior
|
|
|switch|p2a: Mienshao|Mienshao, M|271\/271
|-damage|p2a: Mienshao|255\/271|[from] Stealth Rock
|turn|37
|
|move|p2a: Mienshao|High Jump Kick|p1a: Infernape
|-damage|p1a: Infernape|0 fnt
|faint|p1a: Infernape
|
|
|switch|p1a: Zygarde|Zygarde|218\/358
|-ability|p1a: Zygarde|Aura Break
|turn|38
|
|move|p2a: Mienshao|High Jump Kick|p1a: Zygarde
|-damage|p1a: Zygarde|28\/358
|move|p1a: Zygarde|Dragon Dance|p1a: Zygarde
|-boost|p1a: Zygarde|atk|1
|-boost|p1a: Zygarde|spe|1
|
|turn|39
|
|move|p1a: Zygarde|Extreme Speed|p2a: Mienshao
|-damage|p2a: Mienshao|15\/271
|-damage|p1a: Zygarde|0 fnt|[from] item: Life Orb
|faint|p1a: Zygarde
|move|p2a: Mienshao|High Jump Kick|p1: Zygarde|[notarget]
|-notarget
|
|
|switch|p1a: Umbreon|Umbreon, M, shiny|393\/393
|turn|40
|
|move|p1a: Umbreon|Protect|p1a: Umbreon
|-singleturn|p1a: Umbreon|Protect
|move|p2a: Mienshao|High Jump Kick|p1a: Umbreon
|-activate|p1a: Umbreon|Protect
|-damage|p2a: Mienshao|0 fnt|[from] highjumpkick
|faint|p2a: Mienshao
|
|
|switch|p2a: Reuniclus|Reuniclus, F|286\/424
|turn|41
|-message|Celsius forfeited.
|
|win|B99
|raw|Ladder updating...
|leave|Celsius
|player|p1