|join|Celsius
|join|LiberalLucario
|c|âCelsius|hf
|c|âLiberalLucario|u2
|player|p1|Celsius|294
|player|p2|LiberalLucario|69
|gametype|singles
|gen|6
|tier|UU
|rule|Sleep Clause Mod: Limit one foe put to sleep
|rule|Species Clause: Limit one of each PokÃ©mon
|rule|OHKO Clause: OHKO moves are banned
|rule|Moody Clause: Moody is banned
|rule|Evasion Moves Clause: Evasion moves are banned
|rule|Endless Battle Clause: Forcing endless battles is banned
|rule|HP Percentage Mod: HP is shown in percentages
|clearpoke
|poke|p1|Gligar, F
|poke|p1|Jirachi
|poke|p1|Abomasnow, M
|poke|p1|Suicune, shiny
|poke|p1|Weezing, M
|poke|p1|Blissey, F
|poke|p2|Dragalge, M
|poke|p2|Vaporeon, F
|poke|p2|Aerodactyl, F
|poke|p2|Whimsicott, F
|poke|p2|Gligar, M
|poke|p2|Jirachi
|rule|Swagger Clause: Swagger is banned
|rule|Baton Pass Clause: Limit one PokÃ©mon knowing Baton Pass
|teampreview
|
|start
|switch|p1a: Jirachi|Jirachi|404\/404
|switch|p2a: Gligar|Gligar, M|334\/334
|turn|1
|
|move|p1a: Jirachi|Toxic|p2a: Gligar
|-fail|p2a: Gligar
|move|p2a: Gligar|Stealth Rock|p1a: Jirachi
|-sidestart|p1: Celsius|move: Stealth Rock
|
|turn|2
|
|switch|p1a: Gligar|Gligar, F|333\/333
|-damage|p1a: Gligar|292\/333|[from] Stealth Rock
|move|p2a: Gligar|U-turn|p1a: Gligar
|-resisted|p1a: Gligar
|-damage|p1a: Gligar|283\/333
|
|switch|p2a: Dragalge|Dragalge, M|292\/292
|
|turn|3
|
|switch|p1a: Blissey|Blissey, F|713\/713
|-damage|p1a: Blissey|624\/713|[from] Stealth Rock
|switch|p2a: Aerodactyl|Aerodactyl, F|311\/311
|-ability|p2a: Aerodactyl|Pressure
|
|-heal|p1a: Blissey|668\/713|[from] item: Leftovers
|turn|4
|join|SmashBrosBrawl
|
|switch|p2a: Gligar|Gligar, M|334\/334
|move|p1a: Blissey|Stealth Rock|p2a: Gligar
|-sidestart|p2: LiberalLucario|move: Stealth Rock
|
|-heal|p1a: Blissey|712\/713|[from] item: Leftovers
|turn|5
|
|switch|p1a: Abomasnow|Abomasnow, M|379\/379
|-damage|p1a: Abomasnow|285\/379|[from] Stealth Rock
|-weather|Hail
|move|p2a: Gligar|Earthquake|p1a: Abomasnow
|-resisted|p1a: Abomasnow
|-damage|p1a: Abomasnow|227\/379
|
|-weather|Hail|[upkeep]
|-damage|p2a: Gligar|314\/334|[from] hail
|turn|6
|join|watfor
|
|switch|p2a: Jirachi|Jirachi|341\/341
|-damage|p2a: Jirachi|320\/341|[from] Stealth Rock
|detailschange|p1a: Abomasnow|Abomasnow-Mega, M
|-mega|p1a: Abomasnow|Abomasnow|Abomasite
|move|p1a: Abomasnow|Leech Seed|p2a: Jirachi
|-start|p2a: Jirachi|move: Leech Seed
|
|-weather|Hail|[upkeep]
|-damage|p2a: Jirachi|299\/341|[from] hail
|-damage|p2a: Jirachi|257\/341|[from] Leech Seed|[of] p1a: Abomasnow
|-heal|p1a: Abomasnow|269\/379|[silent]
|turn|7
|
|switch|p1a: Gligar|Gligar, F|283\/333
|-damage|p1a: Gligar|242\/333|[from] Stealth Rock
|move|p2a: Jirachi|U-turn|p1a: Gligar
|-resisted|p1a: Gligar
|-damage|p1a: Gligar|226\/333
|
|switch|p2a: Dragalge|Dragalge, M|292\/292
|-damage|p2a: Dragalge|256\/292|[from] Stealth Rock
|
|-weather|Hail|[upkeep]
|-damage|p1a: Gligar|206\/333|[from] hail
|-damage|p2a: Dragalge|238\/292|[from] hail
|turn|8
|
|move|p1a: Gligar|Roost|p1a: Gligar
|-heal|p1a: Gligar|333\/333
|move|p2a: Dragalge|Draco Meteor|p1a: Gligar
|-damage|p1a: Gligar|0 fnt
|-unboost|p2a: Dragalge|spa|2
|faint|p1a: Gligar
|
|-weather|Hail|[upkeep]
|-damage|p2a: Dragalge|220\/292|[from] hail
|c|âLiberalLucario|dam
|c|âLiberalLucario|lol
|
|switch|p1a: Jirachi|Jirachi|404\/404
|-damage|p1a: Jirachi|379\/404|[from] Stealth Rock
|turn|9
|
|switch|p2a: Gligar|Gligar, M|314\/334
|-damage|p2a: Gligar|273\/334|[from] Stealth Rock
|move|p1a: Jirachi|Substitute|p1a: Jirachi
|-start|p1a: Jirachi|Substitute
|-damage|p1a: Jirachi|278\/404
|
|-weather|none
|-heal|p1a: Jirachi|303\/404|[from] item: Leftovers
|turn|10
|
|move|p1a: Jirachi|Iron Head|p2a: Gligar
|-damage|p2a: Gligar|213\/334
|move|p2a: Gligar|Earthquake|p1a: Jirachi
|-supereffective|p1a: Jirachi
|-end|p1a: Jirachi|Substitute
|
|-heal|p1a: Jirachi|328\/404|[from] item: Leftovers
|turn|11
|
|move|p1a: Jirachi|Iron Head|p2a: Gligar
|-damage|p2a: Gligar|153\/334
|cant|p2a: Gligar|flinch
|
|-heal|p1a: Jirachi|353\/404|[from] item: Leftovers
|turn|12
|
|switch|p1a: Weezing|Weezing, M|334\/334
|-damage|p1a: Weezing|293\/334|[from] Stealth Rock
|move|p2a: Gligar|Roost|p2a: Gligar
|-heal|p2a: Gligar|320\/334
|
|-heal|p1a: Weezing|313\/334|[from] item: Black Sludge
|turn|13
|
|move|p2a: Gligar|U-turn|p1a: Weezing
|-resisted|p1a: Weezing
|-damage|p1a: Weezing|299\/334
|
|switch|p2a: Vaporeon|Vaporeon, F|451\/451
|-damage|p2a: Vaporeon|395\/451|[from] Stealth Rock
|move|p1a: Weezing|Will-O-Wisp|p2a: Vaporeon
|-status|p2a: Vaporeon|brn
|
|-heal|p2a: Vaporeon|423\/451 brn|[from] item: Leftovers
|-heal|p1a: Weezing|319\/334|[from] item: Black Sludge
|-damage|p2a: Vaporeon|367\/451 brn|[from] brn
|turn|14
|
|switch|p1a: Suicune|Suicune, shiny|404\/404
|-damage|p1a: Suicune|354\/404|[from] Stealth Rock
|-ability|p1a: Suicune|Pressure
|move|p2a: Vaporeon|Baton Pass|p2a: Vaporeon
|
|switch|p2a: Dragalge|Dragalge, M|220\/292
|-damage|p2a: Dragalge|184\/292|[from] Stealth Rock
|
|-heal|p1a: Suicune|379\/404|[from] item: Leftovers
|turn|15
|
|move|p1a: Suicune|Calm Mind|p1a: Suicune
|-boost|p1a: Suicune|spa|1
|-boost|p1a: Suicune|spd|1
|move|p2a: Dragalge|Dragon Tail|p1a: Suicune
|-damage|p1a: Suicune|335\/404
|drag|p1a: Blissey|Blissey, F|712\/713
|-damage|p1a: Blissey|623\/713|[from] Stealth Rock
|
|-heal|p1a: Blissey|667\/713|[from] item: Leftovers
|turn|16
|
|move|p1a: Blissey|Wish|p1a: Blissey
|move|p2a: Dragalge|Dragon Tail|p1a: Blissey
|-damage|p1a: Blissey|541\/713
|drag|p1a: Suicune|Suicune, shiny|335\/404
|-damage|p1a: Suicune|285\/404|[from] Stealth Rock
|-ability|p1a: Suicune|Pressure
|
|-heal|p1a: Suicune|310\/404|[from] item: Leftovers
|turn|17
|
|switch|p2a: Jirachi|Jirachi|257\/341
|-damage|p2a: Jirachi|236\/341|[from] Stealth Rock
|move|p1a: Suicune|Scald|p2a: Jirachi
|-damage|p2a: Jirachi|151\/341
|
|-heal|p1a: Suicune|404\/404|[from] move: Wish|[wisher] Blissey
|turn|18
|
|switch|p1a: Jirachi|Jirachi|353\/404
|-damage|p1a: Jirachi|328\/404|[from] Stealth Rock
|move|p2a: Jirachi|Trick|p1a: Jirachi
|-activate|p2a: Jirachi|move: Trick|[of] p1a: Jirachi
|-item|p1a: Jirachi|Choice Scarf|[from] move: Trick
|-item|p2a: Jirachi|Leftovers|[from] move: Trick
|
|-heal|p2a: Jirachi|172\/341|[from] item: Leftovers
|turn|19
|
|move|p1a: Jirachi|Fire Punch|p2a: Jirachi
|-supereffective|p2a: Jirachi
|-damage|p2a: Jirachi|48\/341
|move|p2a: Jirachi|Iron Head|p1a: Jirachi
|-resisted|p1a: Jirachi
|-damage|p1a: Jirachi|272\/404
|
|-heal|p2a: Jirachi|69\/341|[from] item: Leftovers
|turn|20
|
|switch|p2a: Aerodactyl|Aerodactyl, F|311\/311
|-damage|p2a: Aerodactyl|234\/311|[from] Stealth Rock
|-ability|p2a: Aerodactyl|Pressure
|move|p1a: Jirachi|Fire Punch|p2a: Aerodactyl
|-resisted|p2a: Aerodactyl
|-damage|p2a: Aerodactyl|192\/311
|-status|p2a: Aerodactyl|brn
|
|-damage|p2a: Aerodactyl|154\/311 brn|[from] brn
|turn|21
|c|âCelsius|.-.
|c|âCelsius|sry
|c|âLiberalLucario|np
|
|switch|p1a: Suicune|Suicune, shiny|404\/404
|-damage|p1a: Suicune|354\/404|[from] Stealth Rock
|-ability|p1a: Suicune|Pressure
|detailschange|p2a: Aerodactyl|Aerodactyl-Mega, F
|-mega|p2a: Aerodactyl|Aerodactyl|Aerodactylite
|move|p2a: Aerodactyl|Defog|p1a: Suicune
|-unboost|p1a: Suicune|evasion|1
|-sideend|p1: Celsius|Stealth Rock|[from] move: Defog|[of] p1a: Suicune
|-sideend|p2: LiberalLucario|Stealth Rock|[from] move: Defog|[of] p2a: Aerodactyl
|
|-heal|p1a: Suicune|379\/404|[from] item: Leftovers
|-damage|p2a: Aerodactyl|116\/311 brn|[from] brn
|turn|22
|
|switch|p2a: Dragalge|Dragalge, M|184\/292
|switch|p1a: Jirachi|Jirachi|272\/404
|
|turn|23
|
|switch|p1a: Suicune|Suicune, shiny|379\/404
|-ability|p1a: Suicune|Pressure
|switch|p2a: Gligar|Gligar, M|320\/334
|
|-heal|p1a: Suicune|404\/404|[from] item: Leftovers
|turn|24
|
|switch|p2a: Dragalge|Dragalge, M|184\/292
|move|p1a: Suicune|Scald|p2a: Dragalge
|-resisted|p2a: Dragalge
|-damage|p2a: Dragalge|150\/292
|
|turn|25
|
|move|p1a: Suicune|Calm Mind|p1a: Suicune
|-boost|p1a: Suicune|spa|1
|-boost|p1a: Suicune|spd|1
|move|p2a: Dragalge|Draco Meteor|p1a: Suicune
|-damage|p1a: Suicune|148\/404
|-unboost|p2a: Dragalge|spa|2
|
|-heal|p1a: Suicune|173\/404|[from] item: Leftovers
|turn|26
|
|switch|p2a: Whimsicott|Whimsicott, F|261\/261
|move|p1a: Suicune|Scald|p2a: Whimsicott
|-resisted|p2a: Whimsicott
|-damage|p2a: Whimsicott|184\/261
|
|-heal|p2a: Whimsicott|200\/261|[from] item: Leftovers
|-heal|p1a: Suicune|198\/404|[from] item: Leftovers
|turn|27
|
|switch|p1a: Jirachi|Jirachi|272\/404
|move|p2a: Whimsicott|Giga Drain|p1a: Jirachi
|-resisted|p1a: Jirachi
|-damage|p1a: Jirachi|228\/404
|-heal|p2a: Whimsicott|222\/261|[from] drain|[of] p1a: Jirachi
|
|-heal|p2a: Whimsicott|238\/261|[from] item: Leftovers
|turn|28
|
|switch|p1a: Abomasnow|Abomasnow-Mega, M|269\/379
|-weather|Hail
|switch|p2a: Gligar|Gligar, M|320\/334
|
|-weather|Hail|[upkeep]
|-damage|p2a: Gligar|300\/334|[from] hail
|turn|29
|
|move|p2a: Gligar|U-turn|p1a: Abomasnow
|-supereffective|p1a: Abomasnow
|-damage|p1a: Abomasnow|189\/379
|
|switch|p2a: Jirachi|Jirachi|69\/341
|move|p1a: Abomasnow|Leech Seed|p2a: Jirachi
|-start|p2a: Jirachi|move: Leech Seed
|
|-weather|Hail|[upkeep]
|-damage|p2a: Jirachi|48\/341|[from] hail
|-heal|p2a: Jirachi|69\/341|[from] item: Leftovers
|-damage|p2a: Jirachi|27\/341|[from] Leech Seed|[of] p1a: Abomasnow
|-heal|p1a: Abomasnow|231\/379|[silent]
|turn|30
|
|move|p1a: Abomasnow|Ice Shard|p2a: Jirachi
|-resisted|p2a: Jirachi
|-damage|p2a: Jirachi|0 fnt
|faint|p2a: Jirachi
|
|-weather|Hail|[upkeep]
|
|switch|p2a: Dragalge|Dragalge, M|150\/292
|turn|31
|
|switch|p1a: Jirachi|Jirachi|228\/404
|move|p2a: Dragalge|Draco Meteor|p1a: Jirachi
|-resisted|p1a: Jirachi
|-damage|p1a: Jirachi|29\/404
|-unboost|p2a: Dragalge|spa|2
|
|-weather|Hail|[upkeep]
|-damage|p1a: Jirachi|4\/404|[from] hail
|-damage|p2a: Dragalge|132\/292|[from] hail
|turn|32
|
|switch|p2a: Gligar|Gligar, M|300\/334
|move|p1a: Jirachi|Fire Punch|p2a: Gligar
|-damage|p2a: Gligar|264\/334
|
|-weather|none
|turn|33
|
|move|p1a: Jirachi|Fire Punch|p2a: Gligar
|-damage|p2a: Gligar|228\/334
|-status|p2a: Gligar|brn
|move|p2a: Gligar|Stealth Rock|p1a: Jirachi
|-sidestart|p1: Celsius|move: Stealth Rock
|
|-damage|p2a: Gligar|187\/334 brn|[from] brn
|turn|34
|c|âLiberalLucario|fine
|c|âCelsius|:x
|
|move|p1a: Jirachi|Fire Punch|p2a: Gligar
|-damage|p2a: Gligar|145\/334 brn
|move|p2a: Gligar|U-turn|p1a: Jirachi
|-damage|p1a: Jirachi|0 fnt
|faint|p1a: Jirachi
|
|switch|p2a: Whimsicott|Whimsicott, F|238\/261
|
|-heal|p2a: Whimsicott|254\/261|[from] item: Leftovers
|
|switch|p1a: Weezing|Weezing, M|319\/334
|-damage|p1a: Weezing|278\/334|[from] Stealth Rock
|turn|35
|
|move|p2a: Whimsicott|U-turn|p1a: Weezing
|-resisted|p1a: Weezing
|-damage|p1a: Weezing|266\/334
|
|switch|p2a: Vaporeon|Vaporeon, F|367\/451 brn
|move|p1a: Weezing|Will-O-Wisp|p2a: Vaporeon
|-fail|p2a: Vaporeon|brn
|
|-heal|p2a: Vaporeon|395\/451 brn|[from] item: Leftovers
|-heal|p1a: Weezing|286\/334|[from] item: Black Sludge
|-damage|p2a: Vaporeon|339\/451 brn|[from] brn
|turn|36
|join|Shit User
|
|switch|p1a: Abomasnow|Abomasnow-Mega, M|231\/379
|-damage|p1a: Abomasnow|137\/379|[from] Stealth Rock
|-weather|Hail
|move|p2a: Vaporeon|Scald|p1a: Abomasnow
|-resisted|p1a: Abomasnow
|-damage|p1a: Abomasnow|87\/379
|
|-weather|Hail|[upkeep]
|-damage|p2a: Vaporeon|311\/451 brn|[from] hail
|-heal|p2a: Vaporeon|339\/451 brn|[from] item: Leftovers
|-damage|p2a: Vaporeon|283\/451 brn|[from] brn
|turn|37
|
|move|p2a: Vaporeon|Scald|p1a: Abomasnow
|-resisted|p1a: Abomasnow
|-damage|p1a: Abomasnow|42\/379
|move|p1a: Abomasnow|Leech Seed|p2a: Vaporeon
|-start|p2a: Vaporeon|move: Leech Seed
|
|-weather|Hail|[upkeep]
|-damage|p2a: Vaporeon|255\/451 brn|[from] hail
|-heal|p2a: Vaporeon|283\/451 brn|[from] item: Leftovers
|-damage|p2a: Vaporeon|227\/451 brn|[from] Leech Seed|[of] p1a: Abomasnow
|-heal|p1a: Abomasnow|98\/379|[silent]
|-damage|p2a: Vaporeon|171\/451 brn|[from] brn
|turn|38
|join|6 agility
|
|switch|p2a: Whimsicott|Whimsicott, F|254\/261
|switch|p1a: Blissey|Blissey, F|541\/713
|-damage|p1a: Blissey|452\/713|[from] Stealth Rock
|
|-weather|Hail|[upkeep]
|-damage|p2a: Whimsicott|238\/261|[from] hail
|-damage|p1a: Blissey|408\/713|[from] hail
|-heal|p2a: Whimsicott|254\/261|[from] item: Leftovers
|-heal|p1a: Blissey|452\/713|[from] item: Leftovers
|turn|39
|
|move|p2a: Whimsicott|Moonblast|p1a: Blissey
|-damage|p1a: Blissey|365\/713
|move|p1a: Blissey|Wish|p1a: Blissey
|
|-weather|Hail|[upkeep]
|-damage|p2a: Whimsicott|238\/261|[from] hail
|-damage|p1a: Blissey|321\/713|[from] hail
|-heal|p2a: Whimsicott|254\/261|[from] item: Leftovers
|-heal|p1a: Blissey|365\/713|[from] item: Leftovers
|turn|40
|
|move|p2a: Whimsicott|Encore|p1a: Blissey
|-start|p1a: Blissey|Encore
|move|p1a: Blissey|Wish|p1a: Blissey
|-fail|p1a: Blissey
|
|-weather|none
|-heal|p1a: Blissey|713\/713|[from] move: Wish|[wisher] Blissey
|-heal|p2a: Whimsicott|261\/261|[from] item: Leftovers
|turn|41
|
|move|p2a: Whimsicott|U-turn|p1a: Blissey
|-damage|p1a: Blissey|642\/713
|leave|Shit User
|
|switch|p2a: Dragalge|Dragalge, M|132\/292
|move|p1a: Blissey|Wish|p1a: Blissey
|
|-heal|p1a: Blissey|686\/713|[from] item: Leftovers
|turn|42
|
|move|p1a: Blissey|Wish|p1a: Blissey
|-fail|p1a: Blissey
|move|p2a: Dragalge|Dragon Tail|p1a: Blissey
|-damage|p1a: Blissey|560\/713
|drag|p1a: Weezing|Weezing, M|286\/334
|-damage|p1a: Weezing|245\/334|[from] Stealth Rock
|
|-heal|p1a: Weezing|334\/334|[from] move: Wish|[wisher] Blissey
|turn|43
|
|switch|p2a: Vaporeon|Vaporeon, F|171\/451 brn
|switch|p1a: Blissey|Blissey, F|560\/713
|-damage|p1a: Blissey|471\/713|[from] Stealth Rock
|
|-heal|p2a: Vaporeon|199\/451 brn|[from] item: Leftovers
|-heal|p1a: Blissey|515\/713|[from] item: Leftovers
|-damage|p2a: Vaporeon|143\/451 brn|[from] brn
|turn|44
|c|âLiberalLucario|yea i dont think i have a way to win after stuff got burned and i didnt kill aboma with scald
|c|âLiberalLucario|g_g
|c|âCelsius|sry about this
|c|âLiberalLucario|np
|c|âLiberalLucario|happens
|c|âLiberalLucario|played well and stuff
|-message|LiberalLucario forfeited.
|c|âCelsius|gg
|
|win|Celsius
|c|âLiberalLucario|can you post on thread
|c|âCelsius|yep
|c|âLiberalLucario|k
|leave|LiberalLucario
|leave|Celsius
|player|p2
|player|p1