|join|Sweep
|join|ZappyBoy
|player|p1|Sweep|170
|player|p2|ZappyBoy|169
|gametype|singles
|gen|6
|tier|OU
|rated
|clearpoke
|poke|p1|Quagsire, M
|poke|p1|Heatran, F
|poke|p1|Landorus, M
|poke|p1|Chansey, F
|poke|p1|Skarmory, M
|poke|p1|Venusaur, M
|poke|p2|Aegislash, M, shiny
|poke|p2|Conkeldurr, F
|poke|p2|Talonflame, F
|poke|p2|Infernape, M
|poke|p2|Landorus, M
|poke|p2|Ditto
|rule|Sleep Clause Mod: Limit one foe put to sleep
|rule|Species Clause: Limit one of each Pokemon
|rule|OHKO Clause: OHKO moves are banned
|rule|Moody Clause: Moody is banned
|rule|Evasion Moves Clause: Evasion moves are banned
|rule|Endless Battle Clause: Forcing endless battles is banned.
|rule|HP Percentage Mod: HP is reported as percentages
|teampreview
|
|start
|switch|p1a: Venusaur|Venusaur, M|363\/363
|switch|p2a: ApeShit|Infernape, M|262\/262
|turn|1
|
|-formechange|p1a: Venusaur|Venusaur-Mega
|message|Venusaur has Mega Evolved into Mega Venusaur!
|move|p2a: ApeShit|Stealth Rock|p1a: Venusaur
|-sidestart|p1: Sweep|move: Stealth Rock
|move|p1a: Venusaur|Earthquake|p2a: ApeShit
|-supereffective|p2a: ApeShit
|-damage|p2a: ApeShit|84\/262
|
|turn|2
|
|move|p2a: ApeShit|Endeavor|p1a: Venusaur
|-damage|p1a: Venusaur|84\/363
|move|p1a: Venusaur|Synthesis|p1a: Venusaur
|-heal|p1a: Venusaur|265\/363
|
|turn|3
|
|move|p2a: ApeShit|Endeavor|p1a: Venusaur
|-damage|p1a: Venusaur|84\/363
|move|p1a: Venusaur|Sludge Bomb|p2a: ApeShit
|-damage|p2a: ApeShit|0 fnt
|faint|p2a: ApeShit
|
|
|switch|p2a: FuckinLandlord|Landorus, M|320\/320
|turn|4
|
|switch|p1a: Chansey|Chansey, F|643\/643
|-damage|p1a: Chansey|563\/643|[from] Stealth Rock
|move|p2a: FuckinLandlord|Calm Mind|p2a: FuckinLandlord
|-boost|p2a: FuckinLandlord|spa|1
|-boost|p2a: FuckinLandlord|spd|1
|
|turn|5
|
|move|p2a: FuckinLandlord|Earth Power|p1a: Chansey
|-damage|p1a: Chansey|375\/643
|move|p1a: Chansey|Toxic|p2a: FuckinLandlord
|-status|p2a: FuckinLandlord|tox
|
|-damage|p2a: FuckinLandlord|300\/320 tox|[from] psn
|turn|6
|
|move|p2a: FuckinLandlord|Focus Blast|p1a: Chansey|[miss]
|-miss|p2a: FuckinLandlord|p1a: Chansey
|move|p1a: Chansey|Soft-Boiled|p1a: Chansey
|-heal|p1a: Chansey|643\/643
|
|-damage|p2a: FuckinLandlord|260\/320 tox|[from] psn
|turn|7
|join|DracoMaster hyw
|chat|DracoMaster hyw|Sweep wanna OU?
|chat|Sweep|laddering then leaving
|
|move|p2a: FuckinLandlord|Focus Blast|p1a: Chansey
|-supereffective|p1a: Chansey
|-damage|p1a: Chansey|282\/643
|move|p1a: Chansey|Seismic Toss|p2a: FuckinLandlord
|-damage|p2a: FuckinLandlord|160\/320 tox
|
|-damage|p2a: FuckinLandlord|100\/320 tox|[from] psn
|turn|8
|chat|DracoMaster hyw|That team looks awful.
|chat|DracoMaster hyw|D:
|
|switch|p1a: Venusaur|Venusaur, M|84\/363
|-formechange|p1a: Venusaur|Venusaur-Mega
|-damage|p1a: Venusaur|39\/363|[from] Stealth Rock
|move|p2a: FuckinLandlord|Focus Blast|p1a: Venusaur
|-resisted|p1a: Venusaur
|-damage|p1a: Venusaur|0 fnt
|faint|p1a: Venusaur
|
|-damage|p2a: FuckinLandlord|20\/320 tox|[from] psn
|chat|DracoMaster hyw|Can't it work in Ubers too?
|
|switch|p1a: Heatran|Heatran, F|385\/385
|-damage|p1a: Heatran|337\/385|[from] Stealth Rock
|turn|9
|chat|DracoMaster hyw|Except for vs. Yveltal.
|chat|Sweep|thanks
|
|switch|p2a: DoUevenLiftBruh?|Conkeldurr, F|377\/377
|move|p1a: Heatran|Protect|p1a: Heatran
|-fail|p1a: Heatran
|
|-heal|p1a: Heatran|361\/385|[from] item: Leftovers
|turn|10
|chat|DracoMaster hyw|Oh
|
|move|p1a: Heatran|Stealth Rock|p2a: DoUevenLiftBruh?
|-sidestart|p2: ZappyBoy|move: Stealth Rock
|move|p2a: DoUevenLiftBruh?|Knock Off|p1a: Heatran
|-damage|p1a: Heatran|237\/385
|-enditem|p1a: Heatran|Leftovers|[from] move: Knock Off|[of] p2a: DoUevenLiftBruh?
|
|turn|11
|chat|DracoMaster hyw|this team is weak to Conkeldurr too.
|
|switch|p1a: Skarmory|Skarmory, M|333\/333
|-damage|p1a: Skarmory|292\/333|[from] Stealth Rock
|move|p2a: DoUevenLiftBruh?|Drain Punch|p1a: Skarmory
|-damage|p1a: Skarmory|207\/333
|-damage|p2a: DoUevenLiftBruh?|315\/377|[from] item: Rocky Helmet|[of] p1a: Skarmory
|
|turn|12
|
|move|p1a: Skarmory|Roost|p1a: Skarmory
|-heal|p1a: Skarmory|333\/333
|move|p2a: DoUevenLiftBruh?|Knock Off|p1a: Skarmory
|-damage|p1a: Skarmory|250\/333
|-damage|p2a: DoUevenLiftBruh?|253\/377|[from] item: Rocky Helmet|[of] p1a: Skarmory
|-enditem|p1a: Skarmory|Rocky Helmet|[from] move: Knock Off|[of] p2a: DoUevenLiftBruh?
|
|turn|13
|
|move|p1a: Skarmory|Drill Peck|p2a: DoUevenLiftBruh?
|-supereffective|p2a: DoUevenLiftBruh?
|-damage|p2a: DoUevenLiftBruh?|101\/377
|move|p2a: DoUevenLiftBruh?|Drain Punch|p1a: Skarmory
|-damage|p1a: Skarmory|165\/333
|-heal|p2a: DoUevenLiftBruh?|144\/377|[from] drain|[of] p1a: Skarmory
|
|turn|14
|chat|DracoMaster hyw|I see.
|
|switch|p2a: SpartaSoul|Aegislash, M, shiny|311\/311
|-damage|p2a: SpartaSoul|292\/311|[from] Stealth Rock
|move|p1a: Skarmory|Roost|p1a: Skarmory
|-heal|p1a: Skarmory|332\/333
|
|turn|15
|
|switch|p1a: Chansey|Chansey, F|282\/643
|-damage|p1a: Chansey|202\/643|[from] Stealth Rock
|-formechange|p2a: SpartaSoul|Aegislash-Blade
|move|p2a: SpartaSoul|Sacred Sword|p1a: Chansey
|-supereffective|p1a: Chansey
|-damage|p1a: Chansey|0 fnt
|faint|p1a: Chansey
|
|
|switch|p1a: Landorus|Landorus, M|319\/319
|-damage|p1a: Landorus|280\/319|[from] Stealth Rock
|turn|16
|
|-formechange|p2a: SpartaSoul|Aegislash
|move|p2a: SpartaSoul|King's Shield|p2a: SpartaSoul
|-singleturn|p2a: SpartaSoul|Protect
|move|p1a: Landorus|Earth Power|p2a: SpartaSoul
|-activate|p2a: SpartaSoul|Protect
|
|turn|17
|
|switch|p2a: FailedMewClone|Ditto|299\/299
|-damage|p2a: FailedMewClone|262\/299|[from] Stealth Rock
|-transform|p2a: FailedMewClone|p1a: Landorus
|move|p1a: Landorus|Knock Off|p2a: FailedMewClone
|-damage|p2a: FailedMewClone|119\/299
|-enditem|p2a: FailedMewClone|Choice Scarf|[from] move: Knock Off|[of] p1a: Landorus
|-damage|p1a: Landorus|249\/319|[from] item: Life Orb
|
|turn|18
|
|move|p1a: Landorus|Psychic|p2a: FailedMewClone
|-damage|p2a: FailedMewClone|0 fnt
|faint|p2a: FailedMewClone
|
|
|switch|p2a: Galonflame|Talonflame, F|360\/360
|-damage|p2a: Galonflame|180\/360|[from] Stealth Rock
|turn|19
|
|switch|p1a: Skarmory|Skarmory, M|332\/333
|-damage|p1a: Skarmory|291\/333|[from] Stealth Rock
|move|p2a: Galonflame|Brave Bird|p1a: Skarmory
|-resisted|p1a: Skarmory
|-damage|p1a: Skarmory|240\/333
|-damage|p2a: Galonflame|163\/360|[from] recoil|[of] p1a: Skarmory
|
|-heal|p2a: Galonflame|185\/360|[from] item: Leftovers
|turn|20
|
|move|p2a: Galonflame|Will-O-Wisp|p1a: Skarmory
|-status|p1a: Skarmory|brn
|move|p1a: Skarmory|Whirlwind|p2a: Galonflame
|drag|p2a: DoUevenLiftBruh?|Conkeldurr, F|144\/377
|-damage|p2a: DoUevenLiftBruh?|121\/377|[from] Stealth Rock
|
|-damage|p1a: Skarmory|199\/333 brn|[from] brn
|turn|21
|join|MattL
|
|move|p1a: Skarmory|Drill Peck|p2a: DoUevenLiftBruh?
|-supereffective|p2a: DoUevenLiftBruh?
|-damage|p2a: DoUevenLiftBruh?|49\/377
|move|p2a: DoUevenLiftBruh?|Drain Punch|p1a: Skarmory
|-damage|p1a: Skarmory|106\/333 brn
|-heal|p2a: DoUevenLiftBruh?|96\/377|[from] drain|[of] p1a: Skarmory
|
|-damage|p1a: Skarmory|65\/333 brn|[from] brn
|turn|22
|
|move|p1a: Skarmory|Drill Peck|p2a: DoUevenLiftBruh?
|-supereffective|p2a: DoUevenLiftBruh?
|-damage|p2a: DoUevenLiftBruh?|18\/377
|move|p2a: DoUevenLiftBruh?|Drain Punch|p1a: Skarmory
|-damage|p1a: Skarmory|0 fnt
|-heal|p2a: DoUevenLiftBruh?|51\/377|[from] drain|[of] p1a: Skarmory
|faint|p1a: Skarmory
|
|
|switch|p1a: Landorus|Landorus, M|249\/319
|-damage|p1a: Landorus|210\/319|[from] Stealth Rock
|turn|23
|
|move|p2a: DoUevenLiftBruh?|Mach Punch|p1a: Landorus
|-resisted|p1a: Landorus
|-damage|p1a: Landorus|166\/319
|move|p1a: Landorus|Psychic|p2a: DoUevenLiftBruh?
|-supereffective|p2a: DoUevenLiftBruh?
|-damage|p2a: DoUevenLiftBruh?|0 fnt
|faint|p2a: DoUevenLiftBruh?
|
|
|switch|p2a: Galonflame|Talonflame, F|185\/360
|-damage|p2a: Galonflame|5\/360|[from] Stealth Rock
|turn|24
|
|move|p2a: Galonflame|Roost|p2a: Galonflame
|-heal|p2a: Galonflame|185\/360
|move|p1a: Landorus|Psychic|p2a: Galonflame
|-damage|p2a: Galonflame|0 fnt
|faint|p2a: Galonflame
|
|
|switch|p2a: FuckinLandlord|Landorus, M|20\/320 tox
|-damage|p2a: FuckinLandlord|0 fnt|[from] Stealth Rock
|faint|p2a: FuckinLandlord
|
|switch|p2a: SpartaSoul|Aegislash, M, shiny|292\/311
|-damage|p2a: SpartaSoul|273\/311|[from] Stealth Rock
|turn|25
|
|move|p1a: Landorus|Earth Power|p2a: SpartaSoul
|-supereffective|p2a: SpartaSoul
|-damage|p2a: SpartaSoul|0 fnt
|faint|p2a: SpartaSoul
|
|win|Sweep
|raw|Ladder updating...
|chat|Sweep|gg
|raw|Sweep's rating: 1984 &rarr; <strong>1995<\/strong><br \/>(+11 for winning)
|raw|ZappyBoy's rating: 1799 &rarr; <strong>1789<\/strong><br \/>(-10 for losing)