|join|ZappyBoy
|join|CnH2n2
|player|p1|ZappyBoy|156
|player|p2|CnH2n2|122
|gametype|singles
|gen|6
|tier|OU
|rated
|clearpoke
|poke|p1|Talonflame, F
|poke|p1|Excadrill, F
|poke|p1|Venusaur, F, shiny
|poke|p1|Thundurus, M
|poke|p1|Breloom, M, shiny
|poke|p1|Greninja, M
|poke|p2|Sableye, F
|poke|p2|Shedinja
|poke|p2|Chansey, F
|poke|p2|Skarmory, M
|poke|p2|Landorus-Therian, M
|poke|p2|Tentacruel, M
|rule|Swagger Clause: Swagger is banned
|rule|Baton Pass Clause: Limit one PokÃ©mon knowing Baton Pass
|rule|Sleep Clause Mod: Limit one foe put to sleep
|rule|Species Clause: Limit one of each PokÃ©mon
|rule|OHKO Clause: OHKO moves are banned
|rule|Moody Clause: Moody is banned
|rule|Evasion Moves Clause: Evasion moves are banned
|rule|Endless Battle Clause: Forcing endless battles is banned
|rule|HP Percentage Mod: HP is shown in percentages
|teampreview
|
|start
|switch|p1a: Greninja|Greninja, M|286\/286
|switch|p2a: Sableye|Sableye, F|304\/304
|turn|1
|
|detailschange|p2a: Sableye|Sableye-Mega, F
|message|Sableye has Mega Evolved into Mega Sableye!
|move|p2a: Sableye|Will-O-Wisp|p1a: Greninja
|-status|p1a: Greninja|brn
|move|p1a: Greninja|Hydro Pump|p2a: Sableye
|-start|p1a: Greninja|typechange|Water|[from] Protean
|-damage|p2a: Sableye|117\/304
|-damage|p1a: Greninja|258\/286 brn|[from] item: Life Orb
|
|-damage|p1a: Greninja|223\/286 brn|[from] brn
|turn|2
|
|switch|p2a: Shedinja|Shedinja|1\/1
|move|p1a: Greninja|Ice Beam|p2a: Shedinja
|-start|p1a: Greninja|typechange|Ice|[from] Protean
|-activate|p2a: Shedinja|ability: Wonder Guard
|
|-damage|p1a: Greninja|188\/286 brn|[from] brn
|turn|3
|
|move|p2a: Shedinja|Protect|p2a: Shedinja
|-singleturn|p2a: Shedinja|Protect
|move|p1a: Greninja|Hidden Power|p2a: Shedinja
|-start|p1a: Greninja|typechange|Fire|[from] Protean
|-activate|p2a: Shedinja|Protect
|
|-damage|p1a: Greninja|153\/286 brn|[from] brn
|turn|4
|
|switch|p1a: Talonflame|Talonflame, F|359\/359
|switch|p2a: Tentacruel|Tentacruel, M|364\/364
|
|turn|5
|
|switch|p2a: Skarmory|Skarmory, M|334\/334
|move|p1a: Talonflame|Will-O-Wisp|p2a: Skarmory
|-status|p2a: Skarmory|brn
|
|-damage|p2a: Skarmory|293\/334 brn|[from] brn
|turn|6
|
|move|p1a: Talonflame|Swords Dance|p1a: Talonflame
|-boost|p1a: Talonflame|atk|2
|move|p2a: Skarmory|Spikes|p1a: Talonflame
|-sidestart|p1: ZappyBoy|Spikes
|
|-damage|p2a: Skarmory|252\/334 brn|[from] brn
|turn|7
|
|move|p1a: Talonflame|Brave Bird|p2a: Skarmory
|-resisted|p2a: Skarmory
|-damage|p2a: Skarmory|161\/334 brn
|-damage|p1a: Talonflame|300\/359|[from] item: Rocky Helmet|[of] p2a: Skarmory
|-damage|p1a: Talonflame|270\/359|[from] recoil|[of] p2a: Skarmory
|move|p2a: Skarmory|Counter|p1a: Talonflame
|-damage|p1a: Talonflame|88\/359
|
|-heal|p1a: Talonflame|110\/359|[from] item: Leftovers
|-damage|p2a: Skarmory|120\/334 brn|[from] brn
|turn|8
|
|move|p1a: Talonflame|Roost|p1a: Talonflame
|-heal|p1a: Talonflame|290\/359
|move|p2a: Skarmory|Roost|p2a: Skarmory
|-heal|p2a: Skarmory|287\/334 brn
|
|-heal|p1a: Talonflame|312\/359|[from] item: Leftovers
|-damage|p2a: Skarmory|246\/334 brn|[from] brn
|turn|9
|
|move|p1a: Talonflame|Swords Dance|p1a: Talonflame
|-boost|p1a: Talonflame|atk|2
|move|p2a: Skarmory|Roost|p2a: Skarmory
|-heal|p2a: Skarmory|334\/334 brn
|
|-heal|p1a: Talonflame|334\/359|[from] item: Leftovers
|-damage|p2a: Skarmory|293\/334 brn|[from] brn
|turn|10
|
|switch|p2a: Landorus-Therian|Landorus-Therian, M|382\/382
|-ability|p2a: Landorus-Therian|Intimidate|[of] p1a: Talonflame
|-unboost|p1a: Talonflame|atk|1
|move|p1a: Talonflame|Swords Dance|p1a: Talonflame
|-boost|p1a: Talonflame|atk|2
|
|-heal|p1a: Talonflame|356\/359|[from] item: Leftovers
|turn|11
|
|move|p1a: Talonflame|Brave Bird|p2a: Landorus-Therian
|-damage|p2a: Landorus-Therian|0 fnt
|-damage|p1a: Talonflame|230\/359|[from] recoil|[of] p2a: Landorus-Therian
|faint|p2a: Landorus-Therian
|
|-heal|p1a: Talonflame|252\/359|[from] item: Leftovers
|
|switch|p2a: Skarmory|Skarmory, M|293\/334 brn
|turn|12
|
|move|p1a: Talonflame|Swords Dance|p1a: Talonflame
|-boost|p1a: Talonflame|atk|2
|move|p2a: Skarmory|Counter|p1a: Talonflame
|-fail|p1a: Talonflame
|
|-heal|p1a: Talonflame|274\/359|[from] item: Leftovers
|-damage|p2a: Skarmory|252\/334 brn|[from] brn
|turn|13
|
|move|p1a: Talonflame|Roost|p1a: Talonflame
|-heal|p1a: Talonflame|359\/359
|move|p2a: Skarmory|Counter|p1a: Talonflame
|-fail|p1a: Talonflame
|
|-damage|p2a: Skarmory|211\/334 brn|[from] brn
|turn|14
|
|move|p1a: Talonflame|Brave Bird|p2a: Skarmory
|-resisted|p2a: Skarmory
|-damage|p2a: Skarmory|10\/334 brn
|-damage|p1a: Talonflame|300\/359|[from] item: Rocky Helmet|[of] p2a: Skarmory
|-damage|p1a: Talonflame|234\/359|[from] recoil|[of] p2a: Skarmory
|move|p2a: Skarmory|Counter|p1a: Talonflame
|-damage|p1a: Talonflame|0 fnt
|faint|p1a: Talonflame
|
|-damage|p2a: Skarmory|0 fnt|[from] brn
|faint|p2a: Skarmory
|c|âZappyBoy|u just let my talon flame set up lol
|
|switch|p1a: Thundasura|Thundurus, M|299\/299
|switch|p2a: Shedinja|Shedinja|1\/1
|turn|15
|
|move|p1a: Thundasura|Thunder Wave|p2a: Shedinja
|-status|p2a: Shedinja|par
|cant|p2a: Shedinja|par
|
|turn|16
|
|switch|p1a: Ms. Sunshine|Venusaur, F, shiny|351\/351
|-damage|p1a: Ms. Sunshine|308\/351|[from] Spikes
|move|p2a: Shedinja|Will-O-Wisp|p1a: Ms. Sunshine
|-status|p1a: Ms. Sunshine|brn
|
|-damage|p1a: Ms. Sunshine|265\/351 brn|[from] brn
|turn|17
|
|switch|p2a: Tentacruel|Tentacruel, M|364\/364
|detailschange|p1a: Ms. Sunshine|Venusaur-Mega, F, shiny
|message|Venusaur has Mega Evolved into Mega Venusaur!
|move|p1a: Ms. Sunshine|Synthesis|p1a: Ms. Sunshine
|-heal|p1a: Ms. Sunshine|351\/351 brn
|
|-damage|p1a: Ms. Sunshine|308\/351 brn|[from] brn
|turn|18
|
|move|p2a: Tentacruel|Acid Spray|p1a: Ms. Sunshine
|-damage|p1a: Ms. Sunshine|281\/351 brn
|-unboost|p1a: Ms. Sunshine|spd|2
|move|p1a: Ms. Sunshine|Sludge Bomb|p2a: Tentacruel
|-resisted|p2a: Tentacruel
|-damage|p2a: Tentacruel|327\/364
|
|-heal|p2a: Tentacruel|349\/364|[from] item: Black Sludge
|-damage|p1a: Ms. Sunshine|238\/351 brn|[from] brn
|turn|19
|
|switch|p1a: Gurrenlaggan|Excadrill, F|362\/362
|-damage|p1a: Gurrenlaggan|317\/362|[from] Spikes
|-ability|p1a: Gurrenlaggan|Mold Breaker
|move|p2a: Tentacruel|Scald|p1a: Gurrenlaggan
|-supereffective|p1a: Gurrenlaggan
|-damage|p1a: Gurrenlaggan|99\/362
|
|-heal|p2a: Tentacruel|364\/364|[from] item: Black Sludge
|turn|20
|
|switch|p2a: Chansey|Chansey, F|704\/704
|move|p1a: Gurrenlaggan|Rock Slide|p2a: Chansey
|-damage|p2a: Chansey|565\/704
|
|turn|21
|
|switch|p1a: Ms. Sunshine|Venusaur-Mega, F, shiny|238\/351 brn
|-damage|p1a: Ms. Sunshine|195\/351 brn|[from] Spikes
|move|p2a: Chansey|Seismic Toss|p1a: Ms. Sunshine
|-damage|p1a: Ms. Sunshine|95\/351 brn
|
|-damage|p1a: Ms. Sunshine|52\/351 brn|[from] brn
|turn|22
|
|move|p1a: Ms. Sunshine|Synthesis|p1a: Ms. Sunshine
|-heal|p1a: Ms. Sunshine|227\/351 brn
|move|p2a: Chansey|Seismic Toss|p1a: Ms. Sunshine
|-damage|p1a: Ms. Sunshine|127\/351 brn
|
|-damage|p1a: Ms. Sunshine|84\/351 brn|[from] brn
|turn|23
|
|switch|p2a: Tentacruel|Tentacruel, M|364\/364
|move|p1a: Ms. Sunshine|Giga Drain|p2a: Tentacruel
|-damage|p2a: Tentacruel|292\/364
|-damage|p1a: Ms. Sunshine|48\/351 brn|[from] ability: Liquid Ooze|[of] p2a: Tentacruel
|
|-heal|p2a: Tentacruel|314\/364|[from] item: Black Sludge
|-damage|p1a: Ms. Sunshine|5\/351 brn|[from] brn
|turn|24
|
|move|p2a: Tentacruel|Scald|p1a: Ms. Sunshine
|-resisted|p1a: Ms. Sunshine
|-damage|p1a: Ms. Sunshine|0 fnt
|faint|p1a: Ms. Sunshine
|
|-heal|p2a: Tentacruel|336\/364|[from] item: Black Sludge
|
|switch|p1a: Gurrenlaggan|Excadrill, F|99\/362
|-damage|p1a: Gurrenlaggan|54\/362|[from] Spikes
|-ability|p1a: Gurrenlaggan|Mold Breaker
|turn|25
|
|switch|p2a: Chansey|Chansey, F|565\/704
|move|p1a: Gurrenlaggan|Rapid Spin|p2a: Chansey
|-damage|p2a: Chansey|529\/704
|-sideend|p1: ZappyBoy|Spikes|[from] move: Rapid Spin|[of] p1a: Gurrenlaggan
|
|turn|26
|
|switch|p1a: Thundasura|Thundurus, M|299\/299
|move|p2a: Chansey|Seismic Toss|p1a: Thundasura
|-damage|p1a: Thundasura|199\/299
|
|turn|27
|
|move|p1a: Thundasura|Thunder Wave|p2a: Chansey
|-status|p2a: Chansey|par
|move|p2a: Chansey|Toxic|p1a: Thundasura|[miss]
|-miss|p2a: Chansey|p1a: Thundasura
|
|turn|28
|
|switch|p2a: Sableye|Sableye-Mega, F|117\/304
|move|p1a: Thundasura|Focus Blast|p2a: Sableye
|-immune|p2a: Sableye|[msg]
|
|turn|29
|
|switch|p2a: Shedinja|Shedinja|1\/1 par
|move|p1a: Thundasura|Thunderbolt|p2a: Shedinja
|-activate|p2a: Shedinja|ability: Wonder Guard
|
|turn|30
|
|switch|p1a: Gurrenlaggan|Excadrill, F|54\/362
|-ability|p1a: Gurrenlaggan|Mold Breaker
|cant|p2a: Shedinja|par
|
|turn|31
|
|switch|p2a: Chansey|Chansey, F|529\/704
|move|p1a: Gurrenlaggan|Rock Slide|p2a: Chansey
|-damage|p2a: Chansey|400\/704
|
|turn|32
|
|switch|p1a: Mario|Breloom, M, shiny|262\/262
|move|p2a: Chansey|Soft-Boiled|p2a: Chansey
|-heal|p2a: Chansey|704\/704
|
|turn|33
|
|switch|p2a: Shedinja|Shedinja|1\/1 par
|move|p1a: Mario|Spore|p2a: Shedinja
|-fail|p2a: Shedinja
|
|turn|34
|
|move|p1a: Mario|Rock Tomb|p2a: Shedinja
|-crit|p2a: Shedinja
|-supereffective|p2a: Shedinja
|-enditem|p2a: Shedinja|Focus Sash
|-damage|p2a: Shedinja|1\/1 par
|-unboost|p2a: Shedinja|spe|1
|move|p2a: Shedinja|Will-O-Wisp|p1a: Mario
|-status|p1a: Mario|brn
|
|-damage|p1a: Mario|230\/262 brn|[from] brn
|turn|35
|
|switch|p2a: Sableye|Sableye-Mega, F|117\/304
|move|p1a: Mario|Rock Tomb|p2a: Sableye
|-damage|p2a: Sableye|82\/304
|-unboost|p2a: Sableye|spe|1
|
|-damage|p1a: Mario|198\/262 brn|[from] brn
|turn|36
|
|move|p1a: Mario|Bullet Seed|p2a: Sableye
|-damage|p2a: Sableye|57\/304
|-damage|p2a: Sableye|32\/304
|-damage|p2a: Sableye|7\/304
|-damage|p2a: Sableye|0 fnt
|-hitcount|p2a: Sableye|4
|faint|p2a: Sableye
|
|-damage|p1a: Mario|166\/262 brn|[from] brn
|
|switch|p2a: Tentacruel|Tentacruel, M|336\/364
|turn|37
|
|move|p1a: Mario|Spore|p2a: Tentacruel
|-status|p2a: Tentacruel|slp
|cant|p2a: Tentacruel|slp
|
|-heal|p2a: Tentacruel|358\/364 slp|[from] item: Black Sludge
|-damage|p1a: Mario|134\/262 brn|[from] brn
|turn|38
|
|move|p1a: Mario|Bullet Seed|p2a: Tentacruel
|-damage|p2a: Tentacruel|303\/364 slp
|-damage|p2a: Tentacruel|249\/364 slp
|-damage|p2a: Tentacruel|198\/364 slp
|-damage|p2a: Tentacruel|147\/364 slp
|-damage|p2a: Tentacruel|90\/364 slp
|-hitcount|p2a: Tentacruel|5
|-curestatus|p2a: Tentacruel|slp
|move|p2a: Tentacruel|Knock Off|p1a: Mario
|-resisted|p1a: Mario
|-damage|p1a: Mario|101\/262 brn
|-enditem|p1a: Mario|Focus Sash|[from] move: Knock Off|[of] p2a: Tentacruel
|
|-heal|p2a: Tentacruel|112\/364|[from] item: Black Sludge
|-damage|p1a: Mario|69\/262 brn|[from] brn
|turn|39
|
|switch|p2a: Shedinja|Shedinja|1\/1 par
|move|p1a: Mario|Rock Tomb|p2a: Shedinja
|-supereffective|p2a: Shedinja
|-damage|p2a: Shedinja|0 fnt
|faint|p2a: Shedinja
|
|-damage|p1a: Mario|37\/262 brn|[from] brn
|
|switch|p2a: Chansey|Chansey, F|704\/704
|turn|40
|
|switch|p2a: Tentacruel|Tentacruel, M|112\/364
|move|p1a: Mario|Spore|p2a: Tentacruel
|-status|p2a: Tentacruel|slp
|
|-heal|p2a: Tentacruel|134\/364 slp|[from] item: Black Sludge
|-damage|p1a: Mario|5\/262 brn|[from] brn
|turn|41
|
|move|p1a: Mario|Bullet Seed|p2a: Tentacruel
|-damage|p2a: Tentacruel|77\/364 slp
|-damage|p2a: Tentacruel|22\/364 slp
|-damage|p2a: Tentacruel|0 fnt
|-hitcount|p2a: Tentacruel|3
|faint|p2a: Tentacruel
|
|-damage|p1a: Mario|0 fnt|[from] brn
|faint|p1a: Mario
|
|switch|p1a: Thundasura|Thundurus, M|199\/299
|switch|p2a: Chansey|Chansey, F|704\/704
|turn|42
|
|move|p1a: Thundasura|Thunder Wave|p2a: Chansey
|-status|p2a: Chansey|par
|cant|p2a: Chansey|par
|
|turn|43
|
|switch|p1a: Greninja|Greninja, M|153\/286 brn
|move|p2a: Chansey|Seismic Toss|p1a: Greninja
|-damage|p1a: Greninja|53\/286 brn
|
|-damage|p1a: Greninja|18\/286 brn|[from] brn
|turn|44
|
|move|p1a: Greninja|Hydro Pump|p2a: Chansey
|-start|p1a: Greninja|typechange|Water|[from] Protean
|-damage|p2a: Chansey|575\/704 par
|-damage|p1a: Greninja|0 fnt|[from] item: Life Orb
|faint|p1a: Greninja
|cant|p2a: Chansey|par
|
|
|switch|p1a: Gurrenlaggan|Excadrill, F|54\/362
|-ability|p1a: Gurrenlaggan|Mold Breaker
|turn|45
|
|move|p1a: Gurrenlaggan|Iron Head|p2a: Chansey
|-damage|p2a: Chansey|352\/704 par
|move|p2a: Chansey|Seismic Toss|p1a: Gurrenlaggan
|-damage|p1a: Gurrenlaggan|0 fnt
|faint|p1a: Gurrenlaggan
|
|
|switch|p1a: Thundasura|Thundurus, M|199\/299
|turn|46
|
|move|p1a: Thundasura|Focus Blast|p2a: Chansey
|-supereffective|p2a: Chansey
|-damage|p2a: Chansey|108\/704 par
|-damage|p1a: Thundasura|170\/299|[from] item: Life Orb
|move|p2a: Chansey|Soft-Boiled|p2a: Chansey
|-heal|p2a: Chansey|460\/704 par
|
|turn|47
|
|move|p1a: Thundasura|Focus Blast|p2a: Chansey
|-crit|p2a: Chansey
|-supereffective|p2a: Chansey
|-damage|p2a: Chansey|114\/704 par
|-damage|p1a: Thundasura|141\/299|[from] item: Life Orb
|move|p2a: Chansey|Soft-Boiled|p2a: Chansey
|-heal|p2a: Chansey|466\/704 par
|
|turn|48
|
|move|p1a: Thundasura|Focus Blast|p2a: Chansey
|-supereffective|p2a: Chansey
|-damage|p2a: Chansey|242\/704 par
|-damage|p1a: Thundasura|112\/299|[from] item: Life Orb
|cant|p2a: Chansey|par
|
|turn|49
|
|move|p1a: Thundasura|Focus Blast|p2a: Chansey
|-supereffective|p2a: Chansey
|-damage|p2a: Chansey|5\/704 par
|-damage|p1a: Thundasura|83\/299|[from] item: Life Orb
|move|p2a: Chansey|Soft-Boiled|p2a: Chansey
|-heal|p2a: Chansey|357\/704 par
|
|turn|50
|c|âZappyBoy|THIS IS GAY AS FUCK
|-message|ZappyBoy forfeited.
|
|win|CnH2n2
|raw|Ladder updating...
|leave|ZappyBoy
|player|p1
|c|âCnH2n2|Ahahahahahaha
|raw|ZappyBoy's rating: 1412 &rarr; <strong>1396<\/strong><br \/>(-16 for losing)
|raw|CnH2n2's rating: 1483 &rarr; <strong>1499<\/strong><br \/>(+16 for winning)