|join|RoastedChickenWing
|join|ZappyBoy
|player|p1|RoastedChickenWing|100
|player|p2|ZappyBoy|156
|gametype|singles
|gen|6
|tier|OU
|rated
|clearpoke
|poke|p1|Jirachi
|poke|p1|Talonflame, M
|poke|p1|Chansey, F
|poke|p1|Zapdos
|poke|p1|Slowbro, F
|poke|p1|Gyarados, F
|poke|p2|Talonflame, M
|poke|p2|Excadrill, M
|poke|p2|Venusaur, F, shiny
|poke|p2|Thundurus, M
|poke|p2|Breloom, M, shiny
|poke|p2|Ferrothorn, F
|rule|Swagger Clause: Swagger is banned
|rule|Baton Pass Clause: Limit one PokÃ©mon knowing Baton Pass
|rule|Sleep Clause Mod: Limit one foe put to sleep
|rule|Species Clause: Limit one of each PokÃ©mon
|rule|OHKO Clause: OHKO moves are banned
|rule|Moody Clause: Moody is banned
|rule|Evasion Moves Clause: Evasion moves are banned
|rule|Endless Battle Clause: Forcing endless battles is banned
|rule|HP Percentage Mod: HP is shown in percentages
|teampreview
|
|start
|switch|p1a: Jirachi|Jirachi|342\/342
|switch|p2a: Mario|Breloom, M, shiny|262\/262
|turn|1
|
|switch|p2a: Ferrothorn|Ferrothorn, F|352\/352
|move|p1a: Jirachi|Trick|p2a: Ferrothorn
|-activate|p1a: Jirachi|move: Trick|[of] p2a: Ferrothorn
|-item|p2a: Ferrothorn|Choice Scarf|[from] move: Trick
|-item|p1a: Jirachi|Rocky Helmet|[from] move: Trick
|
|turn|2
|
|move|p1a: Jirachi|U-turn|p2a: Ferrothorn
|-damage|p2a: Ferrothorn|306\/352
|-damage|p1a: Jirachi|300\/342|[from] ability: Iron Barbs|[of] p2a: Ferrothorn
|
|switch|p1a: Zapdos|Zapdos|384\/384
|-ability|p1a: Zapdos|Pressure
|move|p2a: Ferrothorn|Knock Off|p1a: Zapdos
|-damage|p1a: Zapdos|322\/384
|-damage|p2a: Ferrothorn|248\/352|[from] item: Rocky Helmet|[of] p1a: Zapdos
|-enditem|p1a: Zapdos|Rocky Helmet|[from] move: Knock Off|[of] p2a: Ferrothorn
|
|turn|3
|
|move|p1a: Zapdos|Discharge|p2a: Ferrothorn
|-resisted|p2a: Ferrothorn
|-damage|p2a: Ferrothorn|197\/352
|move|p2a: Ferrothorn|Knock Off|p1a: Zapdos
|-damage|p1a: Zapdos|284\/384
|
|turn|4
|
|switch|p2a: Thundasura|Thundurus, M|299\/299
|move|p1a: Zapdos|Discharge|p2a: Thundasura
|-crit|p2a: Thundasura
|-damage|p2a: Thundasura|106\/299
|
|turn|5
|
|move|p2a: Thundasura|Hidden Power|p1a: Zapdos
|-supereffective|p1a: Zapdos
|-damage|p1a: Zapdos|76\/384
|-damage|p2a: Thundasura|77\/299|[from] item: Life Orb
|move|p1a: Zapdos|Discharge|p2a: Thundasura
|-damage|p2a: Thundasura|0 fnt
|faint|p2a: Thundasura
|
|
|switch|p2a: Talonflame|Talonflame, M|298\/298
|turn|6
|
|switch|p1a: Slowbro|Slowbro, F|394\/394
|move|p2a: Talonflame|Brave Bird|p1a: Slowbro
|-damage|p1a: Slowbro|169\/394
|-damage|p2a: Talonflame|249\/298|[from] item: Rocky Helmet|[of] p1a: Slowbro
|-damage|p2a: Talonflame|175\/298|[from] recoil|[of] p1a: Slowbro
|
|turn|7
|
|switch|p1a: Chansey|Chansey, F|704\/704
|move|p2a: Talonflame|Brave Bird|p1a: Chansey
|-damage|p1a: Chansey|352\/704
|-damage|p2a: Talonflame|59\/298|[from] recoil|[of] p1a: Chansey
|
|turn|8
|
|move|p2a: Talonflame|Brave Bird|p1a: Chansey
|-crit|p1a: Chansey
|-damage|p1a: Chansey|0 fnt
|-damage|p2a: Talonflame|0 fnt|[from] recoil|[of] p1a: Chansey
|faint|p1a: Chansey
|faint|p2a: Talonflame
|
|
|switch|p1a: Talonflame|Talonflame, M|298\/298
|switch|p2a: Mario|Breloom, M, shiny|262\/262
|turn|9
|
|move|p1a: Talonflame|Brave Bird|p2a: Mario
|-supereffective|p2a: Mario
|-enditem|p2a: Mario|Focus Sash
|-damage|p2a: Mario|1\/262
|-damage|p1a: Talonflame|212\/298|[from] recoil|[of] p2a: Mario
|move|p2a: Mario|Rock Tomb|p1a: Talonflame
|-supereffective|p1a: Talonflame
|-damage|p1a: Talonflame|0 fnt
|faint|p1a: Talonflame
|
|
|switch|p1a: Gyarados|Gyarados, F|332\/332
|turn|10
|
|switch|p2a: Ferrothorn|Ferrothorn, F|197\/352
|move|p1a: Gyarados|Waterfall|p2a: Ferrothorn
|-resisted|p2a: Ferrothorn
|-damage|p2a: Ferrothorn|155\/352
|-damage|p1a: Gyarados|291\/332|[from] ability: Iron Barbs|[of] p2a: Ferrothorn
|
|turn|11
|
|move|p1a: Gyarados|Dragon Dance|p1a: Gyarados
|-boost|p1a: Gyarados|atk|1
|-boost|p1a: Gyarados|spe|1
|move|p2a: Ferrothorn|Leech Seed|p1a: Gyarados|[miss]
|-miss|p2a: Ferrothorn|p1a: Gyarados
|
|turn|12
|
|move|p1a: Gyarados|Taunt|p2a: Ferrothorn
|-start|p2a: Ferrothorn|move: Taunt
|cant|p2a: Ferrothorn|move: Taunt|Leech Seed
|
|turn|13
|
|switch|p2a: Ms. Sunshine|Venusaur, F, shiny|351\/351
|move|p1a: Gyarados|Dragon Dance|p1a: Gyarados
|-boost|p1a: Gyarados|atk|1
|-boost|p1a: Gyarados|spe|1
|
|turn|14
|
|detailschange|p2a: Ms. Sunshine|Venusaur-Mega, F, shiny
|message|Venusaur has Mega Evolved into Mega Venusaur!
|move|p1a: Gyarados|Earthquake|p2a: Ms. Sunshine
|-damage|p2a: Ms. Sunshine|179\/351
|move|p2a: Ms. Sunshine|Leech Seed|p1a: Gyarados
|-start|p1a: Gyarados|move: Leech Seed
|
|-damage|p1a: Gyarados|250\/332|[from] Leech Seed|[of] p2a: Ms. Sunshine
|-heal|p2a: Ms. Sunshine|220\/351|[silent]
|turn|15
|
|move|p1a: Gyarados|Earthquake|p2a: Ms. Sunshine
|-damage|p2a: Ms. Sunshine|24\/351
|move|p2a: Ms. Sunshine|Giga Drain|p1a: Gyarados
|-damage|p1a: Gyarados|154\/332
|-heal|p2a: Ms. Sunshine|72\/351|[from] drain|[of] p1a: Gyarados
|
|-damage|p1a: Gyarados|113\/332|[from] Leech Seed|[of] p2a: Ms. Sunshine
|-heal|p2a: Ms. Sunshine|113\/351|[silent]
|turn|16
|
|switch|p2a: Ferrothorn|Ferrothorn, F|155\/352
|move|p1a: Gyarados|Earthquake|p2a: Ferrothorn
|-damage|p2a: Ferrothorn|8\/352
|
|-damage|p1a: Gyarados|72\/332|[from] Leech Seed|[of] p2a: Ferrothorn
|-heal|p2a: Ferrothorn|49\/352|[silent]
|turn|17
|
|move|p1a: Gyarados|Earthquake|p2a: Ferrothorn
|-damage|p2a: Ferrothorn|0 fnt
|faint|p2a: Ferrothorn
|-boost|p1a: Gyarados|atk|1|[from] ability: Moxie
|
|
|switch|p2a: Mario|Breloom, M, shiny|1\/262
|turn|18
|
|move|p2a: Mario|Mach Punch|p1a: Gyarados
|-resisted|p1a: Gyarados
|-damage|p1a: Gyarados|1\/332
|move|p1a: Gyarados|Earthquake|p2a: Mario
|-resisted|p2a: Mario
|-damage|p2a: Mario|0 fnt
|faint|p2a: Mario
|-boost|p1a: Gyarados|atk|1|[from] ability: Moxie
|
|-message|ZappyBoy forfeited.
|
|win|RoastedChickenWing
|raw|Ladder updating...
|leave|ZappyBoy
|player|p2
|raw|RoastedChickenWing's rating: 1610 &rarr; <strong>1629<\/strong><br \/>(+19 for winning)
|raw|ZappyBoy's rating: 1592 &rarr; <strong>1573<\/strong><br \/>(-19 for losing)