|join|Reverb
|join|ZappyBoy
|player|p1|Reverb|#reverb
|player|p2|ZappyBoy|156
|gametype|singles
|gen|6
|tier|OU
|rated
|clearpoke
|poke|p1|Skarmory, M
|poke|p1|Chansey, F
|poke|p1|Sableye, F
|poke|p1|Quagsire, M
|poke|p1|Cresselia, F
|poke|p1|Gothitelle, M
|poke|p2|Metagross
|poke|p2|Keldeo
|poke|p2|Landorus-Therian, M
|poke|p2|Thundurus, M
|poke|p2|Victini
|poke|p2|Latias, F
|rule|Swagger Clause: Swagger is banned
|rule|Baton Pass Clause: Limit one PokÃ©mon knowing Baton Pass
|rule|Sleep Clause Mod: Limit one foe put to sleep
|rule|Species Clause: Limit one of each PokÃ©mon
|rule|OHKO Clause: OHKO moves are banned
|rule|Moody Clause: Moody is banned
|rule|Evasion Moves Clause: Evasion moves are banned
|rule|Endless Battle Clause: Forcing endless battles is banned
|rule|HP Percentage Mod: HP is shown in percentages
|teampreview
|join|Hippopotas
|leave|Hippopotas
|join|Ox the Box
|join|ryzed
|join|NagariNewMeta
|join|Alkov
|join|Cosine180
|c|âZappyBoy|sighh... really dont like dealing with walls
|
|start
|switch|p1a: Sableye|Sableye, F|304\/304
|switch|p2a: Victini|Victini|341\/341
|turn|1
|
|switch|p1a: Quagsire|Quagsire, M|394\/394
|move|p2a: Victini|U-turn|p1a: Quagsire
|-damage|p1a: Quagsire|337\/394
|c| Alkov|show him the banded v-create
|c| Alkov|oh
|c| NagariNewMeta|reverb you're gonna cause forfeits everywhere
|c| NagariNewMeta|predicted
|c| NagariNewMeta|lol
|join|Albacore
|c| Cosine180|banded tini fucks this team
|
|switch|p2a: Keldeo|Keldeo|353\/353
|
|-heal|p1a: Quagsire|361\/394|[from] item: Leftovers
|turn|2
|c| Cosine180|good thing thats scarfed
|
|switch|p1a: Cresselia|Cresselia, F|444\/444
|move|p2a: Keldeo|Calm Mind|p2a: Keldeo
|-boost|p2a: Keldeo|spa|1
|-boost|p2a: Keldeo|spd|1
|
|turn|3
|c| NagariNewMeta|YES
|
|move|p2a: Keldeo|Scald|p1a: Cresselia
|-damage|p1a: Cresselia|270\/444
|-status|p1a: Cresselia|brn
|move|p1a: Cresselia|Psyshock|p2a: Keldeo
|-supereffective|p2a: Keldeo
|-damage|p2a: Keldeo|203\/353
|
|-heal|p2a: Keldeo|225\/353|[from] item: Leftovers
|-heal|p1a: Cresselia|297\/444 brn|[from] item: Leftovers
|-damage|p1a: Cresselia|242\/444 brn|[from] brn
|turn|4
|
|move|p2a: Keldeo|Calm Mind|p2a: Keldeo
|-boost|p2a: Keldeo|spa|1
|-boost|p2a: Keldeo|spd|1
|move|p1a: Cresselia|Psyshock|p2a: Keldeo
|-supereffective|p2a: Keldeo
|-damage|p2a: Keldeo|57\/353
|
|-heal|p2a: Keldeo|79\/353|[from] item: Leftovers
|-heal|p1a: Cresselia|269\/444 brn|[from] item: Leftovers
|-damage|p1a: Cresselia|214\/444 brn|[from] brn
|turn|5
|c| NagariNewMeta|tbh
|c| NagariNewMeta|you shud have saved him for later
|join|DracoNinja
|
|move|p2a: Keldeo|Scald|p1a: Cresselia
|-damage|p1a: Cresselia|4\/444 brn
|move|p1a: Cresselia|Psyshock|p2a: Keldeo
|-supereffective|p2a: Keldeo
|-damage|p2a: Keldeo|0 fnt
|faint|p2a: Keldeo
|
|-heal|p1a: Cresselia|31\/444 brn|[from] item: Leftovers
|-damage|p1a: Cresselia|0 fnt|[from] brn
|faint|p1a: Cresselia
|c| Ox the Box|yeah
|c| Ox the Box|just had to weakenen cress
|c| Ox the Box|*weaken
|c| NagariNewMeta|sub cm keldeo wins with cress weakened
|join|Dark380
|
|switch|p2a: Victini|Victini|341\/341
|switch|p1a: Sableye|Sableye, F|304\/304
|turn|6
|c| NagariNewMeta|that's how ppl always lose to stall: impatience
|
|switch|p1a: Quagsire|Quagsire, M|361\/394
|move|p2a: Victini|V-create|p1a: Quagsire
|-resisted|p1a: Quagsire
|-damage|p1a: Quagsire|251\/394
|-unboost|p2a: Victini|def|1
|-unboost|p2a: Victini|spd|1
|-unboost|p2a: Victini|spe|1
|
|-heal|p1a: Quagsire|275\/394|[from] item: Leftovers
|turn|7
|join|Cienight
|c| NagariNewMeta|that's the problem with stall, you very often don't have to make a play
|
|switch|p2a: Latias|Latias, F|301\/301
|move|p1a: Quagsire|Scald|p2a: Latias
|-resisted|p2a: Latias
|-damage|p2a: Latias|275\/301
|
|-heal|p1a: Quagsire|299\/394|[from] item: Leftovers
|turn|8
|
|switch|p1a: Chansey|Chansey, F|642\/642
|move|p2a: Latias|Draco Meteor|p1a: Chansey
|-damage|p1a: Chansey|494\/642
|-unboost|p2a: Latias|spa|2
|-damage|p2a: Latias|245\/301|[from] item: Life Orb
|
|turn|9
|join|Topkeka
|join|Glorious Advance
|
|switch|p2a: Landorus-Therian|Landorus-Therian, M|382\/382
|-ability|p2a: Landorus-Therian|Intimidate|[of] p1a: Chansey
|-unboost|p1a: Chansey|atk|1
|move|p1a: Chansey|Stealth Rock|p2a: Landorus-Therian
|-sidestart|p2: ZappyBoy|move: Stealth Rock
|
|turn|10
|c| NagariNewMeta|psyshock plz
|c| NagariNewMeta|nvm
|
|switch|p1a: Skarmory|Skarmory, M|334\/334
|move|p2a: Landorus-Therian|Stealth Rock|p1a: Skarmory
|-sidestart|p1: Reverb|move: Stealth Rock
|
|turn|11
|
|move|p2a: Landorus-Therian|Knock Off|p1a: Skarmory
|-damage|p1a: Skarmory|249\/334
|-enditem|p1a: Skarmory|Shed Shell|[from] move: Knock Off|[of] p2a: Landorus-Therian
|move|p1a: Skarmory|Spikes|p2a: Landorus-Therian
|-sidestart|p2: ZappyBoy|Spikes
|
|turn|12
|
|move|p2a: Landorus-Therian|U-turn|p1a: Skarmory
|-resisted|p1a: Skarmory
|-damage|p1a: Skarmory|233\/334
|join|y4 sucK
|join|glfgl.ctgvv
|
|switch|p2a: Thundurus|Thundurus, M|299\/299
|-damage|p2a: Thundurus|225\/299|[from] Stealth Rock
|move|p1a: Skarmory|Spikes|p2a: Thundurus
|-sidestart|p2: ZappyBoy|Spikes
|
|turn|13
|join|TCMK
|
|switch|p2a: Landorus-Therian|Landorus-Therian, M|382\/382
|-damage|p2a: Landorus-Therian|335\/382|[from] Stealth Rock
|-ability|p2a: Landorus-Therian|Intimidate|[of] p1a: Skarmory
|-unboost|p1a: Skarmory|atk|1
|switch|p1a: Quagsire|Quagsire, M|299\/394
|-damage|p1a: Quagsire|275\/394|[from] Stealth Rock
|
|-heal|p2a: Landorus-Therian|358\/382|[from] item: Leftovers
|-heal|p1a: Quagsire|299\/394|[from] item: Leftovers
|turn|14
|join|haunter
|leave|glfgl.ctgvv
|
|move|p2a: Landorus-Therian|Knock Off|p1a: Quagsire
|-damage|p1a: Quagsire|177\/394
|-enditem|p1a: Quagsire|Leftovers|[from] move: Knock Off|[of] p2a: Landorus-Therian
|move|p1a: Quagsire|Scald|p2a: Landorus-Therian
|-supereffective|p2a: Landorus-Therian
|-damage|p2a: Landorus-Therian|212\/382
|
|-heal|p2a: Landorus-Therian|235\/382|[from] item: Leftovers
|turn|15
|
|move|p2a: Landorus-Therian|Earthquake|p1a: Quagsire
|-damage|p1a: Quagsire|0 fnt
|faint|p1a: Quagsire
|
|-heal|p2a: Landorus-Therian|258\/382|[from] item: Leftovers
|c|+Albacore|is that max atk lando
|
|switch|p1a: Sableye|Sableye, F|304\/304
|-damage|p1a: Sableye|266\/304|[from] Stealth Rock
|turn|16
|
|switch|p2a: Latias|Latias, F|245\/301
|-damage|p2a: Latias|208\/301|[from] Stealth Rock
|detailschange|p1a: Sableye|Sableye-Mega, F
|-mega|p1a: Sableye|Sableye|Sablenite
|move|p1a: Sableye|Will-O-Wisp|p2a: Latias
|-status|p2a: Latias|brn
|
|-damage|p2a: Latias|171\/301 brn|[from] brn
|turn|17
|join|Outrageous Fortune
|c|âZappyBoy|yea max attack
|
|move|p2a: Latias|Defog|p1a: Sableye
|move|p1a: Sableye|Defog|p2a: Latias|[from]Magic Bounce
|-unboost|p2a: Latias|evasion|1
|-sideend|p2: ZappyBoy|Spikes|[from] move: Defog|[of] p2a: Latias
|-sideend|p2: ZappyBoy|Stealth Rock|[from] move: Defog|[of] p2a: Latias
|-sideend|p1: Reverb|Stealth Rock|[from] move: Defog|[of] p1a: Sableye
|move|p1a: Sableye|Calm Mind|p1a: Sableye
|-boost|p1a: Sableye|spa|1
|-boost|p1a: Sableye|spd|1
|
|-damage|p2a: Latias|134\/301 brn|[from] brn
|turn|18
|
|switch|p2a: Victini|Victini|341\/341
|move|p1a: Sableye|Recover|p1a: Sableye
|-heal|p1a: Sableye|304\/304
|
|turn|19
|
|move|p2a: Victini|V-create|p1a: Sableye
|-damage|p1a: Sableye|130\/304
|-unboost|p2a: Victini|def|1
|-unboost|p2a: Victini|spd|1
|-unboost|p2a: Victini|spe|1
|move|p1a: Sableye|Snarl|p2a: Victini
|-supereffective|p2a: Victini
|-damage|p2a: Victini|87\/341
|-unboost|p2a: Victini|spa|1
|
|turn|20
|c| TCMK|why is this sableye still standing
|join|elasmortheria
|c| y4 sucK|wallbroken by bikutini...
|
|switch|p1a: Gothitelle|Gothitelle, M|301\/301
|move|p2a: Victini|V-create|p1a: Gothitelle
|-damage|p1a: Gothitelle|45\/301
|-unboost|p2a: Victini|def|1
|-unboost|p2a: Victini|spd|1
|-unboost|p2a: Victini|spe|1
|
|turn|21
|c|âZappyBoy|its only jolly scarf
|
|move|p1a: Gothitelle|Psychic|p2a: Victini
|-resisted|p2a: Victini
|-damage|p2a: Victini|0 fnt
|faint|p2a: Victini
|
|c| y4 sucK|now sweep with tpunch metagross
|
|switch|p2a: Metagross|Metagross|339\/339
|turn|22
|leave|Cosine180
|
|switch|p1a: Skarmory|Skarmory, M|233\/334
|detailschange|p2a: Metagross|Metagross-Mega
|-mega|p2a: Metagross|Metagross|Metagrossite
|move|p2a: Metagross|Ice Punch|p1a: Skarmory
|-damage|p1a: Skarmory|146\/334
|
|turn|23
|join|TOTEMO
|
|move|p2a: Metagross|Iron Head|p1a: Skarmory
|-resisted|p1a: Skarmory
|-damage|p1a: Skarmory|79\/334
|cant|p1a: Skarmory|flinch
|
|turn|24
|leave|Topkeka
|c| Outrageous Fortune|new
|c| y4 sucK|and
|c| Outrageous Fortune|meta
|
|move|p2a: Metagross|Ice Punch|p1a: Skarmory
|-damage|p1a: Skarmory|0 fnt
|faint|p1a: Skarmory
|
|c| y4 sucK|there
|c| Outrageous Fortune|strats
|c| y4 sucK|it is
|c|+Albacore|LOL
|c|âReverb|wow
|-message|Reverb forfeited.
|
|win|ZappyBoy
|raw|Ladder updating...
|raw|Reverb's rating: 1759 &rarr; <strong>1729<\/strong><br \/>(-30 for losing)
|raw|ZappyBoy's rating: 1586 &rarr; <strong>1615<\/strong><br \/>(+29 for winning)
|c|âZappyBoy|that flinch was all i needed lol
|leave|Outrageous Fortune
|leave|Dark380
|c| y4 sucK|sick
|leave|ZappyBoy
|player|p2
|leave|DracoNinja
|join|CleanerThanRotom-W