|join|ZappyBoy
|join|Cesar 1396
|player|p1|ZappyBoy|1
|player|p2|Cesar 1396|101
|gametype|doubles
|gen|6
|tier|Smogon Doubles
|rated
|clearpoke
|poke|p1|Cresselia, F, shiny
|poke|p1|Aromatisse, M
|poke|p1|Conkeldurr, M
|poke|p1|Mawile, M
|poke|p1|Rhyperior, F, shiny
|poke|p1|Clawitzer, F, shiny
|poke|p2|Crobat, M
|poke|p2|Chandelure, M
|poke|p2|Rampardos, M
|poke|p2|Ursaring, M
|poke|p2|Xatu, F
|poke|p2|Gardevoir, F
|rule|Species Clause: Limit one of each Pokemon
|rule|OHKO Clause: OHKO moves are banned
|rule|Moody Clause: Moody is banned
|rule|Evasion Abilities Clause: Evasion abilities are banned
|rule|Evasion Moves Clause: Evasion moves are banned
|rule|Endless Battle Clause: Forcing endless battles is banned.
|rule|HP Percentage Mod: HP is reported as percentages
|teampreview
|
|start
|switch|p1a: Cresselia|Cresselia, F, shiny|444\/444
|switch|p1b: GoldenArmor|Rhyperior, F, shiny|434\/434
|switch|p2a: Crobat|Crobat, M|312\/312
|switch|p2b: Gardevoir|Gardevoir, F|277\/277
|-ability|p2b: Gardevoir|Solid Rock|[from] ability: Trace|[of] p1b: GoldenArmor
|turn|1
|
|-formechange|p2b: Gardevoir|Gardevoir-Mega
|message|Gardevoir has Mega Evolved into Mega Gardevoir!
|move|p1b: GoldenArmor|Protect|p1b: GoldenArmor
|-singleturn|p1b: GoldenArmor|Protect
|move|p2a: Crobat|Taunt|p1a: Cresselia
|-start|p1a: Cresselia|move: Taunt
|move|p2b: Gardevoir|Hyper Voice|p1a: Cresselia
|-damage|p1a: Cresselia|324\/444
|-activate|p1b: GoldenArmor|Protect
|cant|p1a: Cresselia|move: Taunt|Trick Room
|
|turn|2
|
|move|p2a: Crobat|Brave Bird|p1a: Cresselia
|-damage|p1a: Cresselia|206\/444
|-damage|p2a: Crobat|273\/312|[from] recoil|[of] p1a: Cresselia
|move|p2b: Gardevoir|Hyper Voice|p1b: GoldenArmor
|-damage|p1a: Cresselia|79\/444
|-damage|p1b: GoldenArmor|130\/434
|move|p1a: Cresselia|Psychic|p2a: Crobat
|-supereffective|p2a: Crobat
|-damage|p2a: Crobat|81\/312
|-unboost|p2a: Crobat|spd|1
|move|p1b: GoldenArmor|Rock Slide|p2a: Crobat
|-supereffective|p2a: Crobat
|-damage|p2a: Crobat|0 fnt
|-damage|p2b: Gardevoir|105\/277
|faint|p2a: Crobat
|
|join|mike17070
|
|switch|p2a: Ursaring|Ursaring, M|322\/322
|turn|3
|
|move|p2a: Ursaring|Protect|p2a: Ursaring
|-singleturn|p2a: Ursaring|Protect
|move|p1b: GoldenArmor|Protect|p1b: GoldenArmor
|-singleturn|p1b: GoldenArmor|Protect
|move|p2b: Gardevoir|Hyper Voice|p1a: Cresselia
|-damage|p1a: Cresselia|0 fnt
|-activate|p1b: GoldenArmor|Protect
|faint|p1a: Cresselia
|
|-status|p2a: Ursaring|brn|[from] item: Flame Orb
|leave|mike17070
|
|switch|p1a: Mawile|Mawile, M|304\/304
|-ability|p1a: Mawile|Intimidate|[of] p2a: Ursaring
|-unboost|p2a: Ursaring|atk|1
|-ability|p1a: Mawile|Intimidate|[of] p2b: Gardevoir
|-unboost|p2b: Gardevoir|atk|1
|turn|4
|
|switch|p2b: Chandelure|Chandelure, M|262\/262
|-formechange|p1a: Mawile|Mawile-Mega
|message|Mawile has Mega Evolved into Mega Mawile!
|move|p1a: Mawile|Sucker Punch|p2b: Chandelure
|-fail|p2b: Chandelure
|move|p2a: Ursaring|Close Combat|p1b: GoldenArmor
|-supereffective|p1b: GoldenArmor
|-damage|p1b: GoldenArmor|0 fnt
|-unboost|p2a: Ursaring|def|1
|-unboost|p2a: Ursaring|spd|1
|faint|p1b: GoldenArmor
|
|-damage|p2a: Ursaring|282\/322 brn|[from] brn
|
|switch|p1b: Aromatisse|Aromatisse, M|406\/406
|turn|5
|
|move|p1a: Mawile|Sucker Punch|p2a: Ursaring
|-damage|p2a: Ursaring|0 fnt
|faint|p2a: Ursaring
|move|p2b: Chandelure|Heat Wave|p1b: Aromatisse
|-supereffective|p1a: Mawile
|-damage|p1a: Mawile|14\/304
|-damage|p1b: Aromatisse|297\/406
|move|p1b: Aromatisse|Trick Room|p1b: Aromatisse
|-fieldstart|move: Trick Room|[of] p1b: Aromatisse
|
|-heal|p1b: Aromatisse|322\/406|[from] item: Leftovers
|
|switch|p2a: Rampardos|Rampardos, M|336\/336
|turn|6
|
|move|p2b: Chandelure|Protect|p2b: Chandelure
|-singleturn|p2b: Chandelure|Protect
|move|p1b: Aromatisse|Dazzling Gleam|p2b: Chandelure
|-damage|p2a: Rampardos|215\/336
|-activate|p2b: Chandelure|Protect
|move|p1a: Mawile|Play Rough|p2a: Rampardos
|-damage|p2a: Rampardos|0 fnt
|faint|p2a: Rampardos
|
|-heal|p1b: Aromatisse|347\/406|[from] item: Leftovers
|
|switch|p2a: Gardevoir|Gardevoir, F|105\/277
|-formechange|p2a: Gardevoir|Gardevoir-Mega
|turn|7
|
|move|p1a: Mawile|Sucker Punch|p2a: Gardevoir
|-fail|p2a: Gardevoir
|move|p1b: Aromatisse|Dazzling Gleam|p2b: Chandelure
|-damage|p2a: Gardevoir|54\/277
|-resisted|p2b: Chandelure
|-damage|p2b: Chandelure|223\/262
|move|p2b: Chandelure|Heat Wave|p1b: Aromatisse
|-supereffective|p1a: Mawile
|-damage|p1a: Mawile|0 fnt
|-damage|p1b: Aromatisse|229\/406
|faint|p1a: Mawile
|move|p2a: Gardevoir|Trick Room|p2a: Gardevoir
|-fieldend|move: Trick Room
|
|-heal|p1b: Aromatisse|254\/406|[from] item: Leftovers
|
|switch|p1a: Conkeldurr|Conkeldurr, M|414\/414
|turn|8
|
|move|p1a: Conkeldurr|Mach Punch|p2a: Gardevoir
|-resisted|p2a: Gardevoir
|-damage|p2a: Gardevoir|26\/277
|move|p2a: Gardevoir|Hyper Voice|p1a: Conkeldurr
|-supereffective|p1a: Conkeldurr
|-damage|p1a: Conkeldurr|0 fnt
|-damage|p1b: Aromatisse|97\/406
|faint|p1a: Conkeldurr
|move|p2b: Chandelure|Shadow Ball|p1b: Aromatisse
|-damage|p1b: Aromatisse|0 fnt
|faint|p1b: Aromatisse
|
|
|switch|p1a: STD|Clawitzer, F, shiny|346\/346
|turn|9
|
|move|p2a: Gardevoir|Hyper Voice|p1a: STD
|-damage|p1a: STD|55\/346
|move|p2b: Chandelure|Energy Ball|p1a: STD
|-supereffective|p1a: STD
|-damage|p1a: STD|0 fnt
|faint|p1a: STD
|
|win|Cesar 1396
|raw|Ladder updating...
|raw|ZappyBoy's rating: 1584 &rarr; <strong>1558<\/strong><br \/>(-26 for losing)
|raw|Cesar 1396's rating: 1472 &rarr; <strong>1498<\/strong><br \/>(+26 for winning)
|leave|ZappyBoy
|player|p1