|join|ZappyBoy
|join|Mr.Manny
|player|p1|ZappyBoy|156
|player|p2|Mr.Manny|140
|gametype|doubles
|gen|6
|tier|Smogon Doubles
|rated
|clearpoke
|poke|p1|Azumarill, M
|poke|p1|Mew
|poke|p1|Amoonguss, F
|poke|p1|Medicham, M
|poke|p1|Clefable, M
|poke|p1|Greninja, M
|poke|p2|Magcargo, F
|poke|p2|Aromatisse, F
|poke|p2|Amoonguss, M
|poke|p2|Gastrodon, M
|poke|p2|Aggron, M
|poke|p2|Hypno, M
|rule|Species Clause: Limit one of each Pokemon
|rule|OHKO Clause: OHKO moves are banned
|rule|Moody Clause: Moody is banned
|rule|Evasion Abilities Clause: Evasion abilities are banned
|rule|Evasion Moves Clause: Evasion moves are banned
|rule|Endless Battle Clause: Forcing endless battles is banned.
|rule|HP Percentage Mod: HP is reported as percentages
|teampreview
|
|start
|switch|p1a: Azumarill|Azumarill, M|404\/404
|switch|p1b: Mew|Mew|403\/403
|switch|p2a: Hypno|Hypno, M|373\/373
|switch|p2b: Amoonguss|Amoonguss, M|431\/431
|-activate|p2a: Hypno|ability: Forewarn|Play Rough|p1a: Azumarill
|turn|1
|
|move|p1b: Mew|Fake Out|p2a: Hypno
|-damage|p2a: Hypno|327\/373
|move|p1a: Azumarill|Play Rough|p2a: Hypno
|-damage|p2a: Hypno|89\/373
|move|p2b: Amoonguss|Spore|p1a: Azumarill
|-status|p1a: Azumarill|slp
|cant|p2a: Hypno|flinch
|
|-heal|p2a: Hypno|112\/373|[from] item: Leftovers
|turn|2
|
|move|p2b: Amoonguss|Rage Powder|p2b: Amoonguss
|-start|p2b: Amoonguss|move: Rage Powder
|move|p1b: Mew|Transform|p2a: Hypno
|-transform|p1b: Mew|p2b: Amoonguss
|cant|p1a: Azumarill|slp
|move|p2a: Hypno|Trick Room|p2a: Hypno
|-fieldstart|move: Trick Room|[of] p2a: Hypno
|
|-heal|p2a: Hypno|135\/373|[from] item: Leftovers
|turn|3
|
|switch|p1b: Clefable|Clefable, M|394\/394
|move|p2b: Amoonguss|Giga Drain|p1a: Azumarill
|-supereffective|p1a: Azumarill
|-damage|p1a: Azumarill|234\/404 slp
|move|p2a: Hypno|Swagger|p1b: Clefable
|-boost|p1b: Clefable|atk|2
|-start|p1b: Clefable|confusion
|cant|p1a: Azumarill|slp
|
|-heal|p2a: Hypno|158\/373|[from] item: Leftovers
|turn|4
|
|switch|p1b: Mew|Mew|403\/403
|move|p2b: Amoonguss|Giga Drain|p1a: Azumarill
|-supereffective|p1a: Azumarill
|-damage|p1a: Azumarill|36\/404 slp
|-enditem|p1a: Azumarill|Sitrus Berry|[eat]
|-heal|p1a: Azumarill|137\/404 slp|[from] item: Sitrus Berry
|move|p2a: Hypno|Seismic Toss|p1a: Azumarill
|-damage|p1a: Azumarill|37\/404 slp
|cant|p1a: Azumarill|slp
|
|-heal|p2a: Hypno|181\/373|[from] item: Leftovers
|turn|5
|
|move|p1b: Mew|Fake Out|p2b: Amoonguss
|-damage|p2b: Amoonguss|401\/431
|-damage|p1b: Mew|336\/403|[from] item: Rocky Helmet|[of] p2b: Amoonguss
|cant|p2b: Amoonguss|flinch
|move|p2a: Hypno|Swagger|p1b: Mew
|-boost|p1b: Mew|atk|2
|-start|p1b: Mew|confusion
|-curestatus|p1a: Azumarill|slp
|move|p1a: Azumarill|Play Rough|p2a: Hypno
|-damage|p2a: Hypno|0 fnt
|faint|p2a: Hypno
|
|-heal|p1b: Mew|361\/403|[from] item: Leftovers
|
|switch|p2a: Aggron|Aggron, M|341\/341
|turn|6
|
|detailschange|p2a: Aggron|Aggron-Mega, M
|message|Aggron has Mega Evolved into Mega Aggron!
|move|p1a: Azumarill|Aqua Jet|p2a: Aggron
|-damage|p2a: Aggron|304\/341
|move|p2b: Amoonguss|Giga Drain|p1a: Azumarill
|-supereffective|p1a: Azumarill
|-damage|p1a: Azumarill|0 fnt
|-heal|p2b: Amoonguss|420\/431|[from] drain|[of] p1a: Azumarill
|faint|p1a: Azumarill
|move|p2a: Aggron|Curse|p2a: Aggron
|-boost|p2a: Aggron|atk|1
|-boost|p2a: Aggron|def|1
|-unboost|p2a: Aggron|spe|1
|-activate|p1b: Mew|confusion
|-damage|p1b: Mew|293\/403|[from] confusion
|
|-heal|p1b: Mew|318\/403|[from] item: Leftovers
|-fieldend|move: Trick Room
|
|switch|p1a: Medicham|Medicham, M|324\/324
|turn|7
|
|detailschange|p1a: Medicham|Medicham-Mega, M
|message|Medicham has Mega Evolved into Mega Medicham!
|move|p2b: Amoonguss|Rage Powder|p2b: Amoonguss
|-start|p2b: Amoonguss|move: Rage Powder
|-activate|p1b: Mew|confusion
|move|p1b: Mew|Reflect|p1b: Mew
|-sidestart|p1: ZappyBoy|Reflect
|move|p1a: Medicham|Psych Up|p1b: Mew
|-copyboost|p1a: Medicham|p2b: Amoonguss|[from] move: Psych Up
|move|p2a: Aggron|Iron Head|p1a: Medicham
|-damage|p1a: Medicham|174\/324
|
|-heal|p1b: Mew|343\/403|[from] item: Leftovers
|turn|8
|
|switch|p1b: Amoonguss|Amoonguss, F|432\/432
|move|p2b: Amoonguss|Rage Powder|p2b: Amoonguss
|-start|p2b: Amoonguss|move: Rage Powder
|move|p1a: Medicham|Psych Up|p2a: Aggron
|-copyboost|p1a: Medicham|p2b: Amoonguss|[from] move: Psych Up
|move|p2a: Aggron|Iron Head|p1a: Medicham
|-damage|p1a: Medicham|22\/324
|
|turn|9
|
|move|p1b: Amoonguss|Rage Powder|p1b: Amoonguss
|-start|p1b: Amoonguss|move: Rage Powder
|move|p2b: Amoonguss|Rage Powder|p2b: Amoonguss
|-start|p2b: Amoonguss|move: Rage Powder
|move|p1a: Medicham|Drain Punch|p2a: Aggron
|-resisted|p2b: Amoonguss
|-damage|p2b: Amoonguss|310\/431
|-heal|p1a: Medicham|77\/324|[from] drain|[of] p2b: Amoonguss
|-damage|p1a: Medicham|23\/324|[from] item: Rocky Helmet|[of] p2b: Amoonguss
|move|p2a: Aggron|Rock Slide|p1b: Amoonguss
|-resisted|p1a: Medicham
|-damage|p1a: Medicham|0 fnt
|-damage|p1b: Amoonguss|383\/432
|faint|p1a: Medicham
|
|-heal|p1b: Amoonguss|410\/432|[from] item: Black Sludge
|
|switch|p1a: Greninja|Greninja, M|286\/286
|turn|10
|
|move|p1b: Amoonguss|Rage Powder|p1b: Amoonguss
|-start|p1b: Amoonguss|move: Rage Powder
|-start|p1a: Greninja|typechange|Water|[from] Protean
|move|p1a: Greninja|Hydro Pump|p2a: Aggron
|-crit|p2a: Aggron
|-damage|p2a: Aggron|19\/341
|-damage|p1a: Greninja|258\/286|[from] item: Life Orb
|move|p2a: Aggron|Curse|p2a: Aggron
|-boost|p2a: Aggron|atk|1
|-boost|p2a: Aggron|def|1
|-unboost|p2a: Aggron|spe|1
|move|p2b: Amoonguss|Spore|p1a: Greninja
|-status|p1a: Greninja|slp
|
|-heal|p1b: Amoonguss|432\/432|[from] item: Black Sludge
|turn|11
|
|switch|p1a: Mew|Mew|343\/403
|move|p1b: Amoonguss|Spore|p2a: Aggron
|-status|p2a: Aggron|slp
|cant|p2a: Aggron|slp
|move|p2b: Amoonguss|Giga Drain|p1a: Mew
|-damage|p1a: Mew|288\/403
|-heal|p2b: Amoonguss|338\/431|[from] drain|[of] p1a: Mew
|
|-heal|p1a: Mew|313\/403|[from] item: Leftovers
|-sideend|p1: ZappyBoy|Reflect
|turn|12
|
|move|p1a: Mew|Transform|p2a: Aggron
|-transform|p1a: Mew|p2a: Aggron
|move|p1b: Amoonguss|Sludge Bomb|p2b: Amoonguss
|-damage|p2b: Amoonguss|230\/431
|-curestatus|p2a: Aggron|slp
|move|p2a: Aggron|Rock Slide|p1a: Mew
|-resisted|p1a: Mew
|-damage|p1a: Mew|300\/403
|-miss|p2a: Aggron|p1b: Amoonguss
|move|p2b: Amoonguss|Giga Drain|p1a: Mew
|-resisted|p1a: Mew
|-damage|p1a: Mew|261\/403
|-heal|p2b: Amoonguss|250\/431|[from] drain|[of] p1a: Mew
|
|-heal|p1a: Mew|286\/403|[from] item: Leftovers
|turn|13
|
|move|p2b: Amoonguss|Rage Powder|p2b: Amoonguss
|-start|p2b: Amoonguss|move: Rage Powder
|move|p1b: Amoonguss|Spore|p2a: Aggron
|-status|p2a: Aggron|slp
|cant|p2a: Aggron|slp
|move|p1a: Mew|Rock Slide|p2a: Aggron
|-resisted|p2a: Aggron
|-damage|p2a: Aggron|7\/341 slp
|-miss|p1a: Mew|p2b: Amoonguss
|
|-heal|p1a: Mew|311\/403|[from] item: Leftovers
|turn|14
|
|move|p1b: Amoonguss|Sludge Bomb|p2b: Amoonguss
|-damage|p2b: Amoonguss|141\/431
|move|p1a: Mew|Iron Head|p2b: Amoonguss
|-damage|p2b: Amoonguss|0 fnt
|-status|p1a: Mew|slp
|-damage|p1a: Mew|244\/403 slp|[from] item: Rocky Helmet|[of] p2b: Amoonguss
|faint|p2b: Amoonguss
|cant|p2a: Aggron|slp
|
|-heal|p1a: Mew|269\/403 slp|[from] item: Leftovers
|
|switch|p2b: Magcargo|Magcargo, F|303\/303
|turn|15
|
|move|p1b: Amoonguss|Sludge Bomb|p2b: Magcargo
|-resisted|p2b: Magcargo
|-damage|p2b: Magcargo|247\/303
|-curestatus|p2a: Aggron|slp
|move|p2a: Aggron|Rock Slide|p1b: Amoonguss
|-resisted|p1a: Mew
|-damage|p1a: Mew|256\/403 slp
|-miss|p2a: Aggron|p1b: Amoonguss
|cant|p1a: Mew|slp
|move|p2b: Magcargo|Heat Wave|p1b: Amoonguss
|-supereffective|p1a: Mew
|-damage|p1a: Mew|81\/403 slp
|-supereffective|p1b: Amoonguss
|-damage|p1b: Amoonguss|166\/432
|
|-heal|p1b: Amoonguss|193\/432|[from] item: Black Sludge
|-heal|p1a: Mew|106\/403 slp|[from] item: Leftovers
|turn|16
|
|move|p1b: Amoonguss|Spore|p2b: Magcargo
|-status|p2b: Magcargo|slp
|move|p2a: Aggron|Rock Slide|p1a: Mew
|-resisted|p1a: Mew
|-damage|p1a: Mew|93\/403 slp
|-damage|p1b: Amoonguss|78\/432
|cant|p1a: Mew|slp
|cant|p2b: Magcargo|slp
|
|-heal|p1b: Amoonguss|105\/432|[from] item: Black Sludge
|-heal|p1a: Mew|118\/403 slp|[from] item: Leftovers
|turn|17
|chat|Mr.Manny|aaaaaah boooo
|
|move|p1b: Amoonguss|Protect|p1b: Amoonguss
|-singleturn|p1b: Amoonguss|Protect
|cant|p1a: Mew|slp
|move|p2a: Aggron|Rock Slide|p1b: Amoonguss
|-miss|p2a: Aggron|p1a: Mew
|-activate|p1b: Amoonguss|Protect
|-curestatus|p2b: Magcargo|slp
|move|p2b: Magcargo|Heat Wave|p1a: Mew
|-supereffective|p1a: Mew
|-damage|p1a: Mew|0 fnt
|-activate|p1b: Amoonguss|Protect
|faint|p1a: Mew
|
|-heal|p1b: Amoonguss|132\/432|[from] item: Black Sludge
|
|switch|p1a: Clefable|Clefable, M|394\/394
|turn|18
|
|move|p1b: Amoonguss|Rage Powder|p1b: Amoonguss
|-start|p1b: Amoonguss|move: Rage Powder
|move|p1a: Clefable|Charge Beam|p2a: Aggron
|-damage|p2a: Aggron|0 fnt
|faint|p2a: Aggron
|move|p2b: Magcargo|Heat Wave|p1b: Amoonguss
|-miss|p2b: Magcargo|p1a: Clefable
|-supereffective|p1b: Amoonguss
|-damage|p1b: Amoonguss|0 fnt
|faint|p1b: Amoonguss
|
|
|switch|p1b: Greninja|Greninja, M|258\/286 slp
|switch|p2a: Gastrodon|Gastrodon, M|425\/425
|turn|19
|
|cant|p1b: Greninja|slp
|move|p1a: Clefable|Cosmic Power|p1a: Clefable
|-boost|p1a: Clefable|def|1
|-boost|p1a: Clefable|spd|1
|move|p2a: Gastrodon|Earth Power|p1a: Clefable
|-damage|p1a: Clefable|285\/394
|move|p2b: Magcargo|Heat Wave|p1b: Greninja
|-damage|p1a: Clefable|210\/394
|-resisted|p1b: Greninja
|-damage|p1b: Greninja|192\/286 slp
|
|-heal|p1a: Clefable|234\/394|[from] item: Leftovers
|turn|20
|
|cant|p1b: Greninja|slp
|move|p1a: Clefable|Cosmic Power|p1a: Clefable
|-boost|p1a: Clefable|def|1
|-boost|p1a: Clefable|spd|1
|move|p2a: Gastrodon|Earth Power|p1a: Clefable
|-damage|p1a: Clefable|162\/394
|move|p2b: Magcargo|Heat Wave|p1b: Greninja
|-damage|p1a: Clefable|110\/394
|-status|p1a: Clefable|brn
|-miss|p2b: Magcargo|p1b: Greninja
|
|-heal|p1a: Clefable|134\/394 brn|[from] item: Leftovers
|-damage|p1a: Clefable|85\/394 brn|[from] brn
|turn|21
|
|-curestatus|p1b: Greninja|slp
|-start|p1b: Greninja|typechange|Ground|[from] Protean
|move|p1b: Greninja|Spikes|p2a: Gastrodon
|-sidestart|p2: Mr.Manny|Spikes
|move|p1a: Clefable|Moonlight|p1a: Clefable
|-heal|p1a: Clefable|282\/394 brn
|move|p2a: Gastrodon|Earth Power|p1a: Clefable
|-damage|p1a: Clefable|207\/394 brn
|move|p2b: Magcargo|Heat Wave|p1b: Greninja
|-damage|p1a: Clefable|149\/394 brn
|-crit|p1b: Greninja
|-damage|p1b: Greninja|0 fnt
|faint|p1b: Greninja
|
|-heal|p1a: Clefable|173\/394 brn|[from] item: Leftovers
|-damage|p1a: Clefable|124\/394 brn|[from] brn
|turn|22
|
|move|p1a: Clefable|Moonblast|p2a: Gastrodon
|-damage|p2a: Gastrodon|262\/425
|-unboost|p2a: Gastrodon|spa|1
|move|p2a: Gastrodon|Earth Power|p1a: Clefable
|-damage|p1a: Clefable|48\/394 brn
|move|p2b: Magcargo|Heat Wave|p1a: Clefable
|-miss|p2b: Magcargo|p1a: Clefable
|
|-heal|p1a: Clefable|72\/394 brn|[from] item: Leftovers
|-heal|p2a: Gastrodon|288\/425|[from] item: Leftovers
|-damage|p1a: Clefable|23\/394 brn|[from] brn
|turn|23
|
|move|p1a: Clefable|Moonblast|p2a: Gastrodon
|-damage|p2a: Gastrodon|108\/425
|move|p2a: Gastrodon|Earth Power|p1a: Clefable
|-damage|p1a: Clefable|0 fnt
|faint|p1a: Clefable
|
|win|Mr.Manny
|raw|Ladder updating...
|raw|ZappyBoy's rating: 1486 &rarr; <strong>1457<\/strong><br \/>(-29 for losing)
|raw|Mr.Manny's rating: 1332 &rarr; <strong>1360<\/strong><br \/>(+28 for winning)
|chat|Mr.Manny|gg