|join|40 the kid1
|join|delicieuxstuff
|player|p1|40 the kid1|169
|player|p2|delicieuxstuff|170
|gametype|singles
|gen|6
|tier|OU
|rated
|clearpoke
|poke|p1|Diancie
|poke|p1|Azumarill, M
|poke|p1|Talonflame, F
|poke|p1|Ferrothorn, M
|poke|p1|Mew
|poke|p1|Latias, F
|poke|p2|Sableye, M
|poke|p2|Chansey, F
|poke|p2|Quagsire, F
|poke|p2|Bisharp, M
|poke|p2|Gothitelle, F
|poke|p2|Skarmory, F
|rule|Swagger Clause: Swagger is banned
|rule|Baton Pass Clause: Limit one PokÃ©mon knowing Baton Pass
|rule|Sleep Clause Mod: Limit one foe put to sleep
|rule|Species Clause: Limit one of each PokÃ©mon
|rule|OHKO Clause: OHKO moves are banned
|rule|Moody Clause: Moody is banned
|rule|Evasion Moves Clause: Evasion moves are banned
|rule|Endless Battle Clause: Forcing endless battles is banned
|rule|HP Percentage Mod: HP is shown in percentages
|teampreview
|
|start
|switch|p1a: Diancie|Diancie|241\/241
|switch|p2a: Bisharp|Bisharp, M|319\/319
|turn|1
|
|switch|p2a: Sableye|Sableye, M|304\/304
|detailschange|p1a: Diancie|Diancie-Mega
|-mega|p1a: Diancie|Diancie|Diancite
|move|p1a: Diancie|Protect|p1a: Diancie
|-fail|p1a: Diancie
|
|turn|2
|
|switch|p1a: Mew|Mew|404\/404
|switch|p2a: Chansey|Chansey, F|703\/703
|
|turn|3
|
|move|p1a: Mew|Knock Off|p2a: Chansey
|-damage|p2a: Chansey|593\/703
|-enditem|p2a: Chansey|Eviolite|[from] move: Knock Off|[of] p1a: Mew
|move|p2a: Chansey|Stealth Rock|p1a: Mew
|-sidestart|p1: 40 the kid1|move: Stealth Rock
|
|turn|4
|
|move|p1a: Mew|Will-O-Wisp|p2a: Chansey|[miss]
|-miss|p1a: Mew|p2a: Chansey
|move|p2a: Chansey|Soft-Boiled|p2a: Chansey
|-heal|p2a: Chansey|703\/703
|
|turn|5
|
|switch|p2a: Gothitelle|Gothitelle, F|334\/334
|move|p1a: Mew|Knock Off|p2a: Gothitelle
|-supereffective|p2a: Gothitelle
|-damage|p2a: Gothitelle|174\/334
|-enditem|p2a: Gothitelle|Choice Scarf|[from] move: Knock Off|[of] p1a: Mew
|
|turn|6
|
|move|p1a: Mew|Taunt|p2a: Gothitelle
|-start|p2a: Gothitelle|move: Taunt
|cant|p2a: Gothitelle|move: Taunt|Rest
|
|turn|7
|
|switch|p2a: Chansey|Chansey, F|703\/703
|move|p1a: Mew|Taunt|p2a: Chansey
|-start|p2a: Chansey|move: Taunt
|
|turn|8
|
|move|p1a: Mew|Will-O-Wisp|p2a: Chansey
|-status|p2a: Chansey|brn
|move|p2a: Chansey|Seismic Toss|p1a: Mew
|-damage|p1a: Mew|304\/404
|
|-heal|p1a: Mew|329\/404|[from] item: Leftovers
|-damage|p2a: Chansey|616\/703 brn|[from] brn
|turn|9
|
|switch|p2a: Sableye|Sableye, M|304\/304
|move|p1a: Mew|Will-O-Wisp|p2a: Sableye
|-status|p2a: Sableye|brn
|
|-heal|p1a: Mew|354\/404|[from] item: Leftovers
|-damage|p2a: Sableye|266\/304 brn|[from] brn
|turn|10
|-message|delicieuxstuff forfeited.
|
|win|40 the kid1
|raw|Ladder updating...
|leave|delicieuxstuff
|player|p2
|raw|40 the kid1's rating: 1660 &rarr; <strong>1680<\/strong><br \/>(+20 for winning)
|raw|delicieuxstuff's rating: 1662 &rarr; <strong>1642<\/strong><br \/>(-20 for losing)