|join|40 the kid1
|join|Siruh
|player|p1|40 the kid1|169
|player|p2|Siruh|265
|gametype|singles
|gen|6
|tier|OU
|rated
|clearpoke
|poke|p1|Diancie
|poke|p1|Azumarill, M
|poke|p1|Talonflame, F
|poke|p1|Ferrothorn, F
|poke|p1|Mew
|poke|p1|Latios, M
|poke|p2|Tyranitar, M
|poke|p2|Landorus-Therian, M
|poke|p2|Mandibuzz, F
|poke|p2|Excadrill, M
|poke|p2|Zygarde
|poke|p2|Cradily, M
|rule|Swagger Clause: Swagger is banned
|rule|Baton Pass Clause: Limit one PokÃ©mon knowing Baton Pass
|rule|Sleep Clause Mod: Limit one foe put to sleep
|rule|Species Clause: Limit one of each PokÃ©mon
|rule|OHKO Clause: OHKO moves are banned
|rule|Moody Clause: Moody is banned
|rule|Evasion Moves Clause: Evasion moves are banned
|rule|Endless Battle Clause: Forcing endless battles is banned
|rule|HP Percentage Mod: HP is shown in percentages
|teampreview
|
|start
|switch|p1a: Diancie|Diancie|241\/241
|switch|p2a: Tyranitar|Tyranitar, M|404\/404
|-weather|Sandstorm
|turn|1
|
|detailschange|p1a: Diancie|Diancie-Mega
|-mega|p1a: Diancie|Diancie|Diancite
|move|p1a: Diancie|Protect|p1a: Diancie
|-singleturn|p1a: Diancie|Protect
|move|p2a: Tyranitar|Stealth Rock|p1a: Diancie
|move|p1a: Diancie|Stealth Rock|p2a: Tyranitar|[from]Magic Bounce
|-sidestart|p2: Siruh|move: Stealth Rock
|
|-weather|Sandstorm|[upkeep]
|turn|2
|c|âSiruh|;_;
|
|move|p1a: Diancie|Moonblast|p2a: Tyranitar
|-supereffective|p2a: Tyranitar
|-damage|p2a: Tyranitar|128\/404
|move|p2a: Tyranitar|Earth Power|p1a: Diancie
|-supereffective|p1a: Diancie
|-damage|p1a: Diancie|131\/241
|
|-weather|Sandstorm|[upkeep]
|turn|3
|
|switch|p2a: Cradily|Cradily, M|376\/376
|-damage|p2a: Cradily|329\/376|[from] Stealth Rock
|move|p1a: Diancie|Earth Power|p2a: Cradily
|-damage|p2a: Cradily|271\/376
|
|-weather|Sandstorm|[upkeep]
|-heal|p2a: Cradily|294\/376|[from] item: Leftovers
|turn|4
|
|switch|p1a: Mew|Mew|404\/404
|move|p2a: Cradily|Sludge Bomb|p1a: Mew
|-damage|p1a: Mew|355\/404
|
|-weather|Sandstorm|[upkeep]
|-damage|p1a: Mew|330\/404|[from] sandstorm
|-heal|p1a: Mew|355\/404|[from] item: Leftovers
|-heal|p2a: Cradily|317\/376|[from] item: Leftovers
|turn|5
|join|Apathos
|
|switch|p2a: Excadrill|Excadrill, M|361\/361
|-damage|p2a: Excadrill|350\/361|[from] Stealth Rock
|move|p1a: Mew|Will-O-Wisp|p2a: Excadrill|[miss]
|-miss|p1a: Mew|p2a: Excadrill
|
|-weather|Sandstorm|[upkeep]
|-damage|p1a: Mew|330\/404|[from] sandstorm
|-heal|p1a: Mew|355\/404|[from] item: Leftovers
|turn|6
|join|RICEMAN
|
|move|p2a: Excadrill|Iron Head|p1a: Mew
|-damage|p1a: Mew|152\/404
|-damage|p2a: Excadrill|314\/361|[from] item: Life Orb
|move|p1a: Mew|Will-O-Wisp|p2a: Excadrill
|-status|p2a: Excadrill|brn
|
|-weather|Sandstorm|[upkeep]
|-damage|p1a: Mew|127\/404|[from] sandstorm
|-heal|p1a: Mew|152\/404|[from] item: Leftovers
|-damage|p2a: Excadrill|269\/361 brn|[from] brn
|turn|7
|
|move|p2a: Excadrill|Swords Dance|p2a: Excadrill
|-boost|p2a: Excadrill|atk|2
|move|p1a: Mew|Roost|p1a: Mew
|-heal|p1a: Mew|354\/404
|
|-weather|Sandstorm|[upkeep]
|-damage|p1a: Mew|329\/404|[from] sandstorm
|-heal|p1a: Mew|354\/404|[from] item: Leftovers
|-damage|p2a: Excadrill|224\/361 brn|[from] brn
|turn|8
|
|switch|p1a: Ferrothorn|Ferrothorn, F|352\/352
|move|p2a: Excadrill|Swords Dance|p2a: Excadrill
|-boost|p2a: Excadrill|atk|2
|
|-weather|none
|-damage|p2a: Excadrill|179\/361 brn|[from] brn
|turn|9
|
|switch|p1a: Talonflame|Talonflame, F|297\/297
|move|p2a: Excadrill|Earthquake|p1a: Talonflame
|-immune|p1a: Talonflame|[msg]
|
|-damage|p2a: Excadrill|134\/361 brn|[from] brn
|turn|10
|c| RICEMAN|>baited
|
|switch|p2a: Landorus-Therian|Landorus-Therian, M|319\/319
|-damage|p2a: Landorus-Therian|280\/319|[from] Stealth Rock
|-ability|p2a: Landorus-Therian|Intimidate|[of] p1a: Talonflame
|-unboost|p1a: Talonflame|atk|1
|move|p1a: Talonflame|Flare Blitz|p2a: Landorus-Therian
|-damage|p2a: Landorus-Therian|147\/319
|-damage|p1a: Talonflame|253\/297|[from] recoil|[of] p2a: Landorus-Therian
|
|turn|11
|
|switch|p1a: Ferrothorn|Ferrothorn, F|352\/352
|move|p2a: Landorus-Therian|Knock Off|p1a: Ferrothorn
|-damage|p1a: Ferrothorn|268\/352
|-damage|p2a: Landorus-Therian|108\/319|[from] ability: Iron Barbs|[of] p1a: Ferrothorn
|-enditem|p1a: Ferrothorn|Leftovers|[from] move: Knock Off|[of] p2a: Landorus-Therian
|
|turn|12
|
|switch|p2a: Tyranitar|Tyranitar, M|128\/404
|-damage|p2a: Tyranitar|78\/404|[from] Stealth Rock
|-weather|Sandstorm
|switch|p1a: Diancie|Diancie-Mega|131\/241
|
|-weather|Sandstorm|[upkeep]
|turn|13
|
|switch|p2a: Cradily|Cradily, M|317\/376
|-damage|p2a: Cradily|270\/376|[from] Stealth Rock
|move|p1a: Diancie|Moonblast|p2a: Cradily
|-damage|p2a: Cradily|174\/376
|
|-weather|Sandstorm|[upkeep]
|-heal|p2a: Cradily|197\/376|[from] item: Leftovers
|turn|14
|
|move|p1a: Diancie|Diamond Storm|p2a: Cradily
|-damage|p2a: Cradily|10\/376
|-boost|p1a: Diancie|def|1
|move|p2a: Cradily|Stealth Rock|p1a: Diancie
|move|p1a: Diancie|Stealth Rock|p2a: Cradily|[from]Magic Bounce
|-fail|p2a: Cradily
|
|-weather|Sandstorm|[upkeep]
|-heal|p2a: Cradily|33\/376|[from] item: Leftovers
|turn|15
|
|move|p1a: Diancie|Moonblast|p2a: Cradily
|-damage|p2a: Cradily|0 fnt
|faint|p2a: Cradily
|
|-weather|Sandstorm|[upkeep]
|c|â40 the kid1|lmfao
|
|switch|p2a: Excadrill|Excadrill, M|134\/361 brn
|-damage|p2a: Excadrill|123\/361 brn|[from] Stealth Rock
|turn|16
|c|â40 the kid1|kid
|c|âSiruh|:(
|
|move|p1a: Diancie|Protect|p1a: Diancie
|-singleturn|p1a: Diancie|Protect
|move|p2a: Excadrill|Iron Head|p1a: Diancie
|-activate|p1a: Diancie|Protect
|
|-weather|Sandstorm|[upkeep]
|-damage|p2a: Excadrill|78\/361 brn|[from] brn
|turn|17
|c| RICEMAN|implying
|c|â40 the kid1|lmao
|
|switch|p1a: Ferrothorn|Ferrothorn, F|268\/352
|move|p2a: Excadrill|Swords Dance|p2a: Excadrill
|-boost|p2a: Excadrill|atk|2
|
|-weather|Sandstorm|[upkeep]
|-damage|p2a: Excadrill|33\/361 brn|[from] brn
|turn|18
|c| RICEMAN|oml
|
|move|p1a: Ferrothorn|Protect|p1a: Ferrothorn
|-singleturn|p1a: Ferrothorn|Protect
|move|p2a: Excadrill|Iron Head|p1a: Ferrothorn
|-activate|p1a: Ferrothorn|Protect
|
|-weather|Sandstorm|[upkeep]
|-damage|p2a: Excadrill|0 fnt|[from] brn
|faint|p2a: Excadrill
|
|switch|p2a: Zygarde|Zygarde|357\/357
|-damage|p2a: Zygarde|335\/357|[from] Stealth Rock
|-ability|p2a: Zygarde|Aura Break
|turn|19
|
|switch|p1a: Mew|Mew|354\/404
|move|p2a: Zygarde|Dragon Dance|p2a: Zygarde
|-boost|p2a: Zygarde|atk|1
|-boost|p2a: Zygarde|spe|1
|
|-weather|none
|-heal|p1a: Mew|379\/404|[from] item: Leftovers
|turn|20
|
|switch|p2a: Tyranitar|Tyranitar, M|78\/404
|-damage|p2a: Tyranitar|28\/404|[from] Stealth Rock
|-weather|Sandstorm
|move|p1a: Mew|Will-O-Wisp|p2a: Tyranitar
|-status|p2a: Tyranitar|brn
|
|-weather|Sandstorm|[upkeep]
|-damage|p1a: Mew|354\/404|[from] sandstorm
|-heal|p1a: Mew|379\/404|[from] item: Leftovers
|-damage|p2a: Tyranitar|0 fnt|[from] brn
|faint|p2a: Tyranitar
|
|switch|p2a: Mandibuzz|Mandibuzz, F|424\/424
|-damage|p2a: Mandibuzz|318\/424|[from] Stealth Rock
|turn|21
|
|move|p1a: Mew|Taunt|p2a: Mandibuzz
|-start|p2a: Mandibuzz|move: Taunt
|move|p2a: Mandibuzz|Foul Play|p1a: Mew
|-supereffective|p1a: Mew
|-damage|p1a: Mew|155\/404
|
|-weather|Sandstorm|[upkeep]
|-damage|p1a: Mew|130\/404|[from] sandstorm
|-heal|p1a: Mew|155\/404|[from] item: Leftovers
|-heal|p2a: Mandibuzz|344\/424|[from] item: Leftovers
|turn|22
|
|move|p1a: Mew|Will-O-Wisp|p2a: Mandibuzz|[miss]
|-miss|p1a: Mew|p2a: Mandibuzz
|move|p2a: Mandibuzz|Foul Play|p1a: Mew
|-supereffective|p1a: Mew
|-damage|p1a: Mew|0 fnt
|faint|p1a: Mew
|
|-weather|Sandstorm|[upkeep]
|-heal|p2a: Mandibuzz|370\/424|[from] item: Leftovers
|
|switch|p1a: Diancie|Diancie-Mega|131\/241
|turn|23
|
|switch|p2a: Landorus-Therian|Landorus-Therian, M|108\/319
|-damage|p2a: Landorus-Therian|69\/319|[from] Stealth Rock
|-ability|p2a: Landorus-Therian|Intimidate|[of] p1a: Diancie
|-unboost|p1a: Diancie|atk|1
|move|p1a: Diancie|Moonblast|p2a: Landorus-Therian
|-damage|p2a: Landorus-Therian|0 fnt
|faint|p2a: Landorus-Therian
|
|-weather|Sandstorm|[upkeep]
|
|switch|p2a: Mandibuzz|Mandibuzz, F|370\/424
|-damage|p2a: Mandibuzz|264\/424|[from] Stealth Rock
|turn|24
|
|move|p1a: Diancie|Moonblast|p2a: Mandibuzz
|-supereffective|p2a: Mandibuzz
|-damage|p2a: Mandibuzz|0 fnt
|faint|p2a: Mandibuzz
|
|-weather|Sandstorm|[upkeep]
|
|switch|p2a: Zygarde|Zygarde|335\/357
|-damage|p2a: Zygarde|313\/357|[from] Stealth Rock
|-ability|p2a: Zygarde|Aura Break
|turn|25
|
|move|p1a: Diancie|Moonblast|p2a: Zygarde
|-crit|p2a: Zygarde
|-supereffective|p2a: Zygarde
|-damage|p2a: Zygarde|0 fnt
|faint|p2a: Zygarde
|
|win|40 the kid1
|raw|Ladder updating...
|raw|40 the kid1's rating: 1571 &rarr; <strong>1581<\/strong><br \/>(+10 for winning)
|raw|Siruh's rating: 1392 &rarr; <strong>1381<\/strong><br \/>(-11 for losing)