|join|Alkov
|join|40 the kid1
|player|p1|Alkov|256
|player|p2|40 the kid1|169
|gametype|singles
|gen|6
|tier|OU
|rated
|clearpoke
|poke|p1|Infernape, F
|poke|p1|Scizor, M
|poke|p1|Azumarill, F
|poke|p1|Bisharp, M, shiny
|poke|p1|Latias, F
|poke|p1|Greninja, M, shiny
|poke|p2|Magnezone
|poke|p2|Slowbro, M
|poke|p2|Landorus, M
|poke|p2|Gengar, F
|poke|p2|Lopunny, M
|poke|p2|Azumarill, F
|rule|Swagger Clause: Swagger is banned
|rule|Baton Pass Clause: Limit one PokÃ©mon knowing Baton Pass
|rule|Sleep Clause Mod: Limit one foe put to sleep
|rule|Species Clause: Limit one of each PokÃ©mon
|rule|OHKO Clause: OHKO moves are banned
|rule|Moody Clause: Moody is banned
|rule|Evasion Moves Clause: Evasion moves are banned
|rule|Endless Battle Clause: Forcing endless battles is banned
|rule|HP Percentage Mod: HP is shown in percentages
|teampreview
|join|jake5
|
|start
|switch|p1a: Infernape|Infernape, F|294\/294
|switch|p2a: Lopunny|Lopunny, M|271\/271
|turn|1
|
|switch|p1a: Scizor|Scizor, M|289\/289
|detailschange|p2a: Lopunny|Lopunny-Mega, M
|-mega|p2a: Lopunny|Lopunny|Lopunnite
|move|p2a: Lopunny|High Jump Kick|p1a: Scizor
|-crit|p1a: Scizor
|-damage|p1a: Scizor|0 fnt
|faint|p1a: Scizor
|
|c| jake5|shame that guy went offline :[, he was 1788
|c| jake5|ah well
|c|âAlkov|,.......................
|c| jake5|dis man making plays
|
|switch|p1a: Infernape|Infernape, F|294\/294
|turn|2
|
|move|p2a: Lopunny|Return|p1a: Infernape
|-damage|p1a: Infernape|33\/294
|move|p1a: Infernape|Stealth Rock|p2a: Lopunny
|-sidestart|p2: 40 the kid1|move: Stealth Rock
|
|turn|3
|
|switch|p2a: Slowbro|Slowbro, M|394\/394
|-damage|p2a: Slowbro|345\/394|[from] Stealth Rock
|move|p1a: Infernape|Vacuum Wave|p2a: Slowbro
|-crit|p2a: Slowbro
|-resisted|p2a: Slowbro
|-damage|p2a: Slowbro|291\/394
|
|-heal|p2a: Slowbro|315\/394|[from] item: Leftovers
|turn|4
|c| jake5|.........
|
|switch|p2a: Gengar|Gengar, F|261\/261
|-damage|p2a: Gengar|229\/261|[from] Stealth Rock
|move|p1a: Infernape|Endeavor|p2a: Gengar
|-immune|p2a: Gengar|[msg]
|
|turn|5
|c| jake5|dis man making plays
|
|move|p2a: Gengar|Sludge Wave|p1a: Infernape
|-crit|p1a: Infernape
|-damage|p1a: Infernape|0 fnt
|-damage|p2a: Gengar|203\/261|[from] item: Life Orb
|faint|p1a: Infernape
|
|
|switch|p1a: Bisharp|Bisharp, M, shiny|271\/271
|turn|6
|
|move|p2a: Gengar|Focus Blast|p1a: Bisharp
|-supereffective|p1a: Bisharp
|-damage|p1a: Bisharp|0 fnt
|-damage|p2a: Gengar|177\/261|[from] item: Life Orb
|faint|p1a: Bisharp
|
|
|switch|p1a: Greninja|Greninja, M, shiny|285\/285
|turn|7
|c| jake5|one man is getting played
|
|move|p1a: Greninja|Ice Beam|p2a: Gengar
|-start|p1a: Greninja|typechange|Ice|[from] Protean
|-damage|p2a: Gengar|0 fnt
|-damage|p1a: Greninja|257\/285|[from] item: Life Orb
|faint|p2a: Gengar
|
|
|switch|p2a: Lopunny|Lopunny-Mega, M|271\/271
|-damage|p2a: Lopunny|255\/271|[from] Stealth Rock
|turn|8
|
|switch|p1a: Latias|Latias, F|319\/319
|move|p2a: Lopunny|Return|p1a: Latias
|-damage|p1a: Latias|109\/319
|
|turn|9
|
|move|p2a: Lopunny|Return|p1a: Latias
|-damage|p1a: Latias|0 fnt
|faint|p1a: Latias
|
|
|switch|p1a: Azumarill|Azumarill, F|362\/362
|turn|10
|join|ulcer
|
|move|p2a: Lopunny|Return|p1a: Azumarill
|-crit|p1a: Azumarill
|-damage|p1a: Azumarill|16\/362
|-enditem|p1a: Azumarill|Sitrus Berry|[eat]
|-heal|p1a: Azumarill|106\/362|[from] item: Sitrus Berry
|move|p1a: Azumarill|Belly Drum|p1a: Azumarill
|-fail|p1a: Azumarill
|
|turn|11
|
|move|p1a: Azumarill|Aqua Jet|p2a: Lopunny
|-damage|p2a: Lopunny|162\/271
|move|p2a: Lopunny|Return|p1a: Azumarill
|-damage|p1a: Azumarill|0 fnt
|faint|p1a: Azumarill
|
|-message|Alkov forfeited.
|
|win|40 the kid1
|raw|Ladder updating...
|join|Prankster
|raw|Alkov's rating: 1663 &rarr; <strong>1637<\/strong><br \/>(-26 for losing)
|raw|40 the kid1's rating: 1553 &rarr; <strong>1579<\/strong><br \/>(+26 for winning)
|leave|Alkov
|player|p1
|leave|Prankster