|join|40 the kid1
|join|Professional2341
|player|p1|40 the kid1|169
|player|p2|Professional2341|293
|gametype|singles
|gen|6
|tier|OU
|rated
|clearpoke
|poke|p1|Diancie
|poke|p1|Azumarill, M
|poke|p1|Talonflame, M
|poke|p1|Ferrothorn, M
|poke|p1|Mew
|poke|p1|Latias, F
|poke|p2|Serperior, F
|poke|p2|Altaria, M
|poke|p2|Keldeo
|poke|p2|Rotom-Wash
|poke|p2|Landorus-Therian, M
|poke|p2|Magnezone
|rule|Swagger Clause: Swagger is banned
|rule|Baton Pass Clause: Limit one PokÃ©mon knowing Baton Pass
|rule|Sleep Clause Mod: Limit one foe put to sleep
|rule|Species Clause: Limit one of each PokÃ©mon
|rule|OHKO Clause: OHKO moves are banned
|rule|Moody Clause: Moody is banned
|rule|Evasion Moves Clause: Evasion moves are banned
|rule|Endless Battle Clause: Forcing endless battles is banned
|rule|HP Percentage Mod: HP is shown in percentages
|teampreview
|join|Biz
|join|hand relief
|c| Biz|first for top spoiler: 30
|join|breeloom
|join|Outrageous Fortune
|join|Updated Kanto
|join|Yiffeon
|
|start
|switch|p1a: Mew|Mew|404\/404
|switch|p2a: Landorus-Therian|Landorus-Therian, M|369\/369
|-ability|p2a: Landorus-Therian|Intimidate|[of] p1a: Mew
|-unboost|p1a: Mew|atk|1
|turn|1
|
|move|p1a: Mew|Will-O-Wisp|p2a: Landorus-Therian
|-status|p2a: Landorus-Therian|brn
|move|p2a: Landorus-Therian|Stealth Rock|p1a: Mew
|-sidestart|p1: 40 the kid1|move: Stealth Rock
|
|-damage|p2a: Landorus-Therian|323\/369 brn|[from] brn
|turn|2
|
|move|p1a: Mew|Knock Off|p2a: Landorus-Therian
|-damage|p2a: Landorus-Therian|283\/369 brn
|-damage|p1a: Mew|337\/404|[from] item: Rocky Helmet|[of] p2a: Landorus-Therian
|-enditem|p2a: Landorus-Therian|Rocky Helmet|[from] move: Knock Off|[of] p1a: Mew
|move|p2a: Landorus-Therian|U-turn|p1a: Mew
|-supereffective|p1a: Mew
|-damage|p1a: Mew|263\/404
|join|bellicose
|
|switch|p2a: Serperior|Serperior, F|293\/293
|
|-heal|p1a: Mew|288\/404|[from] item: Leftovers
|turn|3
|
|move|p2a: Serperior|Leaf Storm|p1a: Mew
|-damage|p1a: Mew|123\/404
|-boost|p2a: Serperior|spa|2
|-damage|p2a: Serperior|264\/293|[from] item: Life Orb
|move|p1a: Mew|Will-O-Wisp|p2a: Serperior
|-status|p2a: Serperior|brn
|
|-heal|p1a: Mew|148\/404|[from] item: Leftovers
|-damage|p2a: Serperior|228\/293 brn|[from] brn
|turn|4
|
|switch|p1a: Ferrothorn|Ferrothorn, M|352\/352
|-damage|p1a: Ferrothorn|330\/352|[from] Stealth Rock
|move|p2a: Serperior|Giga Drain|p1a: Ferrothorn
|-resisted|p1a: Ferrothorn
|-damage|p1a: Ferrothorn|283\/352
|-heal|p2a: Serperior|252\/293 brn|[from] drain|[of] p1a: Ferrothorn
|-damage|p2a: Serperior|223\/293 brn|[from] item: Life Orb
|
|-heal|p1a: Ferrothorn|305\/352|[from] item: Leftovers
|-damage|p2a: Serperior|187\/293 brn|[from] brn
|turn|5
|
|move|p1a: Ferrothorn|Protect|p1a: Ferrothorn
|-singleturn|p1a: Ferrothorn|Protect
|move|p2a: Serperior|Hidden Power|p1a: Ferrothorn
|-activate|p1a: Ferrothorn|Protect
|
|-heal|p1a: Ferrothorn|327\/352|[from] item: Leftovers
|-damage|p2a: Serperior|151\/293 brn|[from] brn
|turn|6
|
|switch|p1a: Talonflame|Talonflame, M|297\/297
|-damage|p1a: Talonflame|149\/297|[from] Stealth Rock
|move|p2a: Serperior|Hidden Power|p1a: Talonflame
|-resisted|p1a: Talonflame
|-damage|p1a: Talonflame|70\/297
|-damage|p2a: Serperior|122\/293 brn|[from] item: Life Orb
|
|-damage|p2a: Serperior|86\/293 brn|[from] brn
|turn|7
|join|craing
|
|switch|p2a: Rotom-Wash|Rotom-Wash|304\/304
|move|p1a: Talonflame|U-turn|p2a: Rotom-Wash
|-damage|p2a: Rotom-Wash|259\/304
|
|switch|p1a: Ferrothorn|Ferrothorn, M|327\/352
|-damage|p1a: Ferrothorn|305\/352|[from] Stealth Rock
|
|-heal|p2a: Rotom-Wash|278\/304|[from] item: Leftovers
|-heal|p1a: Ferrothorn|327\/352|[from] item: Leftovers
|turn|8
|join|mouse de frank
|
|move|p2a: Rotom-Wash|Will-O-Wisp|p1a: Ferrothorn
|-status|p1a: Ferrothorn|brn
|move|p1a: Ferrothorn|Stealth Rock|p2a: Rotom-Wash
|-sidestart|p2: Professional2341|move: Stealth Rock
|
|-heal|p2a: Rotom-Wash|297\/304|[from] item: Leftovers
|-heal|p1a: Ferrothorn|349\/352 brn|[from] item: Leftovers
|-damage|p1a: Ferrothorn|305\/352 brn|[from] brn
|turn|9
|join|chumped
|
|switch|p1a: Latias|Latias, F|301\/301
|-damage|p1a: Latias|264\/301|[from] Stealth Rock
|move|p2a: Rotom-Wash|Volt Switch|p1a: Latias
|-resisted|p1a: Latias
|-damage|p1a: Latias|231\/301
|
|switch|p2a: Serperior|Serperior, F|86\/293 brn
|-damage|p2a: Serperior|50\/293 brn|[from] Stealth Rock
|
|-damage|p2a: Serperior|14\/293 brn|[from] brn
|turn|10
|
|switch|p1a: Talonflame|Talonflame, M|70\/297
|-damage|p1a: Talonflame|0 fnt|[from] Stealth Rock
|faint|p1a: Talonflame
|move|p2a: Serperior|Dragon Pulse|p1: Talonflame|[notarget]
|-notarget
|
|-damage|p2a: Serperior|0 fnt|[from] brn
|faint|p2a: Serperior
|
|switch|p2a: Keldeo|Keldeo|323\/323
|switch|p1a: Diancie|Diancie|241\/241
|-damage|p2a: Keldeo|303\/323|[from] Stealth Rock
|-damage|p1a: Diancie|211\/241|[from] Stealth Rock
|turn|11
|
|detailschange|p1a: Diancie|Diancie-Mega
|-mega|p1a: Diancie|Diancie|Diancite
|move|p1a: Diancie|Protect|p1a: Diancie
|-singleturn|p1a: Diancie|Protect
|move|p2a: Keldeo|Scald|p1a: Diancie
|-activate|p1a: Diancie|Protect
|
|-heal|p2a: Keldeo|323\/323|[from] item: Leftovers
|turn|12
|
|switch|p2a: Magnezone|Magnezone|343\/343
|-damage|p2a: Magnezone|322\/343|[from] Stealth Rock
|move|p1a: Diancie|Moonblast|p2a: Magnezone
|-resisted|p2a: Magnezone
|-damage|p2a: Magnezone|212\/343
|
|-heal|p2a: Magnezone|233\/343|[from] item: Leftovers
|turn|13
|
|switch|p2a: Landorus-Therian|Landorus-Therian, M|283\/369 brn
|-damage|p2a: Landorus-Therian|237\/369 brn|[from] Stealth Rock
|-ability|p2a: Landorus-Therian|Intimidate|[of] p1a: Diancie
|-unboost|p1a: Diancie|atk|1
|move|p1a: Diancie|Earth Power|p2a: Landorus-Therian
|-immune|p2a: Landorus-Therian|[msg]
|
|-damage|p2a: Landorus-Therian|191\/369 brn|[from] brn
|turn|14
|c| mouse de frank|predicted
|c| mouse de frank|tbh
|
|move|p1a: Diancie|Moonblast|p2a: Landorus-Therian
|-damage|p2a: Landorus-Therian|0 fnt
|faint|p2a: Landorus-Therian
|
|
|switch|p2a: Rotom-Wash|Rotom-Wash|297\/304
|-damage|p2a: Rotom-Wash|259\/304|[from] Stealth Rock
|turn|15
|
|switch|p1a: Latias|Latias, F|231\/301
|-damage|p1a: Latias|194\/301|[from] Stealth Rock
|move|p2a: Rotom-Wash|Hydro Pump|p1a: Latias
|-resisted|p1a: Latias
|-damage|p1a: Latias|144\/301
|
|-heal|p2a: Rotom-Wash|278\/304|[from] item: Leftovers
|turn|16
|
|move|p1a: Latias|Draco Meteor|p2a: Rotom-Wash
|-damage|p2a: Rotom-Wash|27\/304
|-unboost|p1a: Latias|spa|2
|-damage|p1a: Latias|114\/301|[from] item: Life Orb
|move|p2a: Rotom-Wash|Volt Switch|p1a: Latias
|-resisted|p1a: Latias
|-damage|p1a: Latias|79\/301
|
|switch|p2a: Altaria|Altaria, M|353\/353
|-damage|p2a: Altaria|265\/353|[from] Stealth Rock
|
|turn|17
|
|move|p1a: Latias|Healing Wish|p1a: Latias
|faint|p1a: Latias
|move|p2a: Altaria|Dragon Dance|p2a: Altaria
|-boost|p2a: Altaria|atk|1
|-boost|p2a: Altaria|spe|1
|
|join|Verlisifag
|
|switch|p1a: Ferrothorn|Ferrothorn, M|305\/352 brn
|-heal|p1a: Ferrothorn|352\/352|[from] move: Healing Wish
|-damage|p1a: Ferrothorn|330\/352|[from] Stealth Rock
|turn|18
|join|mershed potata
|
|move|p2a: Altaria|Earthquake|p1a: Ferrothorn
|-damage|p1a: Ferrothorn|259\/352
|move|p1a: Ferrothorn|Gyro Ball|p2a: Altaria
|-damage|p2a: Altaria|84\/353
|
|-heal|p1a: Ferrothorn|281\/352|[from] item: Leftovers
|turn|19
|leave|Verlisifag
|
|move|p2a: Altaria|Roost|p2a: Altaria
|-heal|p2a: Altaria|261\/353
|move|p1a: Ferrothorn|Leech Seed|p2a: Altaria|[miss]
|-miss|p1a: Ferrothorn|p2a: Altaria
|
|-heal|p1a: Ferrothorn|303\/352|[from] item: Leftovers
|turn|20
|
|switch|p2a: Rotom-Wash|Rotom-Wash|27\/304
|-damage|p2a: Rotom-Wash|0 fnt|[from] Stealth Rock
|faint|p2a: Rotom-Wash
|move|p1a: Ferrothorn|Leech Seed|p2: Rotom-Wash|[notarget]
|-notarget
|
|-heal|p1a: Ferrothorn|325\/352|[from] item: Leftovers
|leave|Updated Kanto
|
|switch|p2a: Magnezone|Magnezone|233\/343
|-damage|p2a: Magnezone|212\/343|[from] Stealth Rock
|turn|21
|
|move|p2a: Magnezone|Substitute|p2a: Magnezone
|-start|p2a: Magnezone|Substitute
|-damage|p2a: Magnezone|127\/343
|move|p1a: Ferrothorn|Gyro Ball|p2a: Magnezone
|-resisted|p2a: Magnezone
|-activate|p2a: Magnezone|Substitute|[damage]
|
|-heal|p2a: Magnezone|148\/343|[from] item: Leftovers
|-heal|p1a: Ferrothorn|347\/352|[from] item: Leftovers
|turn|22
|
|move|p2a: Magnezone|Hidden Power|p1a: Ferrothorn
|-supereffective|p1a: Ferrothorn
|-damage|p1a: Ferrothorn|119\/352
|move|p1a: Ferrothorn|Gyro Ball|p2a: Magnezone
|-resisted|p2a: Magnezone
|-activate|p2a: Magnezone|Substitute|[damage]
|
|-heal|p2a: Magnezone|169\/343|[from] item: Leftovers
|-heal|p1a: Ferrothorn|141\/352|[from] item: Leftovers
|turn|23
|
|move|p2a: Magnezone|Hidden Power|p1a: Ferrothorn
|-supereffective|p1a: Ferrothorn
|-damage|p1a: Ferrothorn|0 fnt
|faint|p1a: Ferrothorn
|
|-heal|p2a: Magnezone|190\/343|[from] item: Leftovers
|
|switch|p1a: Mew|Mew|148\/404
|-damage|p1a: Mew|98\/404|[from] Stealth Rock
|turn|24
|
|move|p1a: Mew|Taunt|p2a: Magnezone
|-start|p2a: Magnezone|move: Taunt
|move|p2a: Magnezone|Thunderbolt|p1a: Mew
|-damage|p1a: Mew|0 fnt
|faint|p1a: Mew
|
|-heal|p2a: Magnezone|211\/343|[from] item: Leftovers
|
|switch|p1a: Azumarill|Azumarill, M|386\/386
|-damage|p1a: Azumarill|338\/386|[from] Stealth Rock
|turn|25
|
|move|p1a: Azumarill|Aqua Jet|p2a: Magnezone
|-end|p2a: Magnezone|Substitute
|move|p2a: Magnezone|Flash Cannon|p1a: Azumarill
|-damage|p1a: Azumarill|154\/386
|-enditem|p1a: Azumarill|Sitrus Berry|[eat]
|-heal|p1a: Azumarill|250\/386|[from] item: Sitrus Berry
|
|-heal|p2a: Magnezone|232\/343|[from] item: Leftovers
|turn|26
|join|MoB Barley
|
|move|p2a: Magnezone|Flash Cannon|p1a: Azumarill
|-damage|p1a: Azumarill|73\/386
|move|p1a: Azumarill|Knock Off|p2a: Magnezone
|-crit|p2a: Magnezone
|-damage|p2a: Magnezone|57\/343
|-enditem|p2a: Magnezone|Leftovers|[from] move: Knock Off|[of] p1a: Azumarill
|
|-end|p2a: Magnezone|move: Taunt
|turn|27
|
|move|p1a: Azumarill|Belly Drum|p1a: Azumarill
|-fail|p1a: Azumarill
|move|p2a: Magnezone|Hidden Power|p1a: Azumarill
|-resisted|p1a: Azumarill
|-damage|p1a: Azumarill|23\/386
|
|turn|28
|c| mouse de frank|um
|c| MoB Barley|lol
|c| MoB Barley|what is this
|
|switch|p2a: Altaria|Altaria, M|261\/353
|-damage|p2a: Altaria|173\/353|[from] Stealth Rock
|move|p1a: Azumarill|Play Rough|p2a: Altaria
|-supereffective|p2a: Altaria
|-damage|p2a: Altaria|0 fnt
|faint|p2a: Altaria
|
|c| mouse de frank|plays
|
|switch|p2a: Keldeo|Keldeo|323\/323
|-damage|p2a: Keldeo|303\/323|[from] Stealth Rock
|turn|29
|c| MoB Barley|calm  mind
|
|move|p2a: Keldeo|Substitute|p2a: Keldeo
|-start|p2a: Keldeo|Substitute
|-damage|p2a: Keldeo|223\/323
|move|p1a: Azumarill|Play Rough|p2a: Keldeo
|-supereffective|p2a: Keldeo
|-end|p2a: Keldeo|Substitute
|
|-heal|p2a: Keldeo|243\/323|[from] item: Leftovers
|turn|30
|c| Biz|playing smart
|c|âProfessional2341|well
|c| mouse de frank|comp misses
|c|âProfessional2341|my only way of winning
|c| craing|waterfall breaks sub :0
|c|âProfessional2341|is hoping for miss
|c| Biz|you lose, sir
|c|âProfessional2341|yh
|join|Updated Kanto
|join|MmM44
|
|move|p2a: Keldeo|Substitute|p2a: Keldeo
|-start|p2a: Keldeo|Substitute
|-damage|p2a: Keldeo|163\/323
|move|p1a: Azumarill|Knock Off|p2a: Keldeo
|-resisted|p2a: Keldeo
|-activate|p2a: Keldeo|Substitute|[damage]
|
|-heal|p2a: Keldeo|183\/323|[from] item: Leftovers
|turn|31
|c| mershed potata|o
|c| craing|-
|c| craing|50-50
|c| craing|:O
|
|move|p2a: Keldeo|Substitute|p2a: Keldeo
|-fail|p2a: Keldeo|move: Substitute
|move|p1a: Azumarill|Knock Off|p2a: Keldeo
|-resisted|p2a: Keldeo
|-end|p2a: Keldeo|Substitute
|
|-heal|p2a: Keldeo|203\/323|[from] item: Leftovers
|turn|32
|c|âProfessional2341|dang
|
|move|p2a: Keldeo|Substitute|p2a: Keldeo
|-start|p2a: Keldeo|Substitute
|-damage|p2a: Keldeo|123\/323
|move|p1a: Azumarill|Play Rough|p2a: Keldeo
|-supereffective|p2a: Keldeo
|-end|p2a: Keldeo|Substitute
|
|-heal|p2a: Keldeo|143\/323|[from] item: Leftovers
|turn|33
|join|flyingsweater
|
|move|p2a: Keldeo|Substitute|p2a: Keldeo
|-start|p2a: Keldeo|Substitute
|-damage|p2a: Keldeo|63\/323
|move|p1a: Azumarill|Play Rough|p2a: Keldeo
|-supereffective|p2a: Keldeo
|-end|p2a: Keldeo|Substitute
|
|-heal|p2a: Keldeo|83\/323|[from] item: Leftovers
|turn|34
|
|move|p1a: Azumarill|Aqua Jet|p2a: Keldeo
|-resisted|p2a: Keldeo
|-damage|p2a: Keldeo|38\/323
|move|p2a: Keldeo|Substitute|p2a: Keldeo
|-fail|p2a: Keldeo|move: Substitute|[weak]
|
|-heal|p2a: Keldeo|58\/323|[from] item: Leftovers
|turn|35
|leave|MmM44
|c|âProfessional2341|scew the cancel button
|
|move|p1a: Azumarill|Aqua Jet|p2a: Keldeo
|-resisted|p2a: Keldeo
|-damage|p2a: Keldeo|13\/323
|move|p2a: Keldeo|Scald|p1a: Azumarill
|-resisted|p1a: Azumarill
|-damage|p1a: Azumarill|0 fnt
|faint|p1a: Azumarill
|
|-heal|p2a: Keldeo|33\/323|[from] item: Leftovers
|c| flyingsweater|are you kidding me
|
|switch|p1a: Diancie|Diancie-Mega|211\/241
|-damage|p1a: Diancie|181\/241|[from] Stealth Rock
|turn|36
|join|TFL
|c|âProfessional2341|please tell me
|c|âProfessional2341|you are rock polish
|c|âProfessional2341|and are running rash
|leave|TFL
|c| Biz|its specs
|c| Biz|i mean
|
|move|p1a: Diancie|Earth Power|p2a: Keldeo
|-damage|p2a: Keldeo|0 fnt
|faint|p2a: Keldeo
|
|c| Biz|not scarf
|c| Biz|CM
|c|â40 the kid1|:x
|leave|craing
|c| Biz|he wins
|
|switch|p2a: Magnezone|Magnezone|57\/343
|-damage|p2a: Magnezone|36\/343|[from] Stealth Rock
|turn|37
|c|âProfessional2341|gg doe
|c|â40 the kid1|gg
|
|move|p1a: Diancie|Earth Power|p2a: Magnezone
|-supereffective|p2a: Magnezone
|-damage|p2a: Magnezone|0 fnt
|faint|p2a: Magnezone
|
|win|40 the kid1
|raw|Ladder updating...
|leave|mouse de frank
|raw|40 the kid1's rating: 1769 &rarr; <strong>1776<\/strong><br \/>(+7 for winning)
|raw|Professional2341's rating: 1515 &rarr; <strong>1507<\/strong><br \/>(-8 for losing)
|leave|Professional2341
|leave|Outrageous Fortune
|player|p2
|leave|Biz