|join|Friytrr
|join|40 the kid1
|player|p1|Friytrr|229
|player|p2|40 the kid1|169
|gametype|singles
|gen|6
|tier|OU
|rated
|clearpoke
|poke|p1|Chansey, F
|poke|p1|Skarmory, M
|poke|p1|Quagsire, M
|poke|p1|Cresselia, F
|poke|p1|Gothitelle, F
|poke|p1|Sableye, F
|poke|p2|Diancie
|poke|p2|Azumarill, F
|poke|p2|Talonflame, F
|poke|p2|Ferrothorn, M
|poke|p2|Mew
|poke|p2|Latias, F
|rule|Swagger Clause: Swagger is banned
|rule|Baton Pass Clause: Limit one PokÃ©mon knowing Baton Pass
|rule|Sleep Clause Mod: Limit one foe put to sleep
|rule|Species Clause: Limit one of each PokÃ©mon
|rule|OHKO Clause: OHKO moves are banned
|rule|Moody Clause: Moody is banned
|rule|Evasion Moves Clause: Evasion moves are banned
|rule|Endless Battle Clause: Forcing endless battles is banned
|rule|HP Percentage Mod: HP is shown in percentages
|teampreview
|c|âFriytrr|glhf
|join|hand relief
|
|start
|switch|p1a: Sweet Dreams|Cresselia, F|443\/443
|switch|p2a: Diancie|Diancie|241\/241
|turn|1
|
|detailschange|p2a: Diancie|Diancie-Mega
|-mega|p2a: Diancie|Diancie|Diancite
|move|p2a: Diancie|Moonblast|p1a: Sweet Dreams
|-damage|p1a: Sweet Dreams|283\/443
|move|p1a: Sweet Dreams|Skill Swap|p2a: Diancie
|-activate|p1a: Sweet Dreams|move: Skill Swap|Magic Bounce|Levitate|[of] p2a: Diancie
|
|-heal|p1a: Sweet Dreams|310\/443|[from] item: Leftovers
|turn|2
|
|switch|p2a: Ferrothorn|Ferrothorn, M|352\/352
|move|p1a: Sweet Dreams|Thunder Wave|p2a: Ferrothorn
|-status|p2a: Ferrothorn|par
|
|-heal|p1a: Sweet Dreams|337\/443|[from] item: Leftovers
|turn|3
|
|switch|p1a: 1 inch neck|Gothitelle, F|301\/301
|move|p2a: Ferrothorn|Stealth Rock|p1a: 1 inch neck
|-sidestart|p1: Friytrr|move: Stealth Rock
|
|turn|4
|
|move|p1a: 1 inch neck|Trick|p2a: Ferrothorn
|-activate|p1a: 1 inch neck|move: Trick|[of] p2a: Ferrothorn
|-item|p2a: Ferrothorn|Choice Scarf|[from] move: Trick
|-item|p1a: 1 inch neck|Leftovers|[from] move: Trick
|move|p2a: Ferrothorn|Gyro Ball|p1a: 1 inch neck
|-crit|p1a: 1 inch neck
|-damage|p1a: 1 inch neck|18\/301
|
|-heal|p1a: 1 inch neck|36\/301|[from] item: Leftovers
|turn|5
|
|move|p1a: 1 inch neck|Rest|p1a: 1 inch neck
|-status|p1a: 1 inch neck|slp
|-heal|p1a: 1 inch neck|301\/301 slp|[silent]
|-status|p1a: 1 inch neck|slp|[from] move: Rest
|move|p2a: Ferrothorn|Gyro Ball|p1a: 1 inch neck
|-damage|p1a: 1 inch neck|124\/301 slp
|
|-heal|p1a: 1 inch neck|142\/301 slp|[from] item: Leftovers
|turn|6
|join|Prankster
|
|switch|p1a: Bravest Bird|Skarmory, M|333\/333
|-damage|p1a: Bravest Bird|292\/333|[from] Stealth Rock
|move|p2a: Ferrothorn|Gyro Ball|p1a: Bravest Bird
|-resisted|p1a: Bravest Bird
|-damage|p1a: Bravest Bird|245\/333
|
|turn|7
|
|switch|p2a: Mew|Mew|404\/404
|move|p1a: Bravest Bird|Defog|p2a: Mew
|-unboost|p2a: Mew|evasion|1
|-sideend|p1: Friytrr|Stealth Rock|[from] move: Defog|[of] p1a: Bravest Bird
|
|turn|8
|
|switch|p1a: Hardboiled|Chansey, F|641\/641
|move|p2a: Mew|Will-O-Wisp|p1a: Hardboiled|[miss]
|-miss|p2a: Mew|p1a: Hardboiled
|
|turn|9
|
|move|p2a: Mew|Taunt|p1a: Hardboiled
|-start|p1a: Hardboiled|move: Taunt
|move|p1a: Hardboiled|Seismic Toss|p2a: Mew
|-damage|p2a: Mew|304\/404
|
|-heal|p2a: Mew|329\/404|[from] item: Leftovers
|turn|10
|
|switch|p1a: Gold-diggers|Sableye, F|303\/303
|move|p2a: Mew|Will-O-Wisp|p1a: Gold-diggers
|-status|p1a: Gold-diggers|brn
|
|-heal|p2a: Mew|354\/404|[from] item: Leftovers
|-damage|p1a: Gold-diggers|266\/303 brn|[from] brn
|turn|11
|
|switch|p2a: Diancie|Diancie-Mega|241\/241
|move|p1a: Gold-diggers|Will-O-Wisp|p2a: Diancie
|move|p2a: Diancie|Will-O-Wisp|p1a: Gold-diggers|[from]Magic Bounce
|-fail|p1a: Gold-diggers|brn
|
|-damage|p1a: Gold-diggers|229\/303 brn|[from] brn
|turn|12
|
|switch|p2a: Mew|Mew|354\/404
|switch|p1a: Sweet Dreams|Cresselia, F|337\/443
|
|-heal|p2a: Mew|379\/404|[from] item: Leftovers
|-heal|p1a: Sweet Dreams|364\/443|[from] item: Leftovers
|turn|13
|
|switch|p1a: Gold-diggers|Sableye, F|229\/303 brn
|move|p2a: Mew|Taunt|p1a: Gold-diggers
|-start|p1a: Gold-diggers|move: Taunt
|
|-heal|p2a: Mew|404\/404|[from] item: Leftovers
|-damage|p1a: Gold-diggers|192\/303 brn|[from] brn
|turn|14
|
|detailschange|p1a: Gold-diggers|Sableye-Mega, F
|-mega|p1a: Gold-diggers|Sableye|Sablenite
|move|p2a: Mew|Knock Off|p1a: Gold-diggers
|-damage|p1a: Gold-diggers|158\/303 brn
|move|p1a: Gold-diggers|Snarl|p2a: Mew
|-supereffective|p2a: Mew
|-damage|p2a: Mew|312\/404
|-unboost|p2a: Mew|spa|1
|
|-heal|p2a: Mew|337\/404|[from] item: Leftovers
|-damage|p1a: Gold-diggers|121\/303 brn|[from] brn
|turn|15
|
|switch|p1a: Bravest Bird|Skarmory, M|245\/333
|move|p2a: Mew|Knock Off|p1a: Bravest Bird
|-damage|p1a: Bravest Bird|203\/333
|-enditem|p1a: Bravest Bird|Shed Shell|[from] move: Knock Off|[of] p2a: Mew
|
|-heal|p2a: Mew|362\/404|[from] item: Leftovers
|turn|16
|
|switch|p2a: Diancie|Diancie-Mega|241\/241
|switch|p1a: Gold-diggers|Sableye-Mega, F|121\/303 brn
|
|-damage|p1a: Gold-diggers|84\/303 brn|[from] brn
|turn|17
|
|switch|p1a: Hardboiled|Chansey, F|641\/641
|move|p2a: Diancie|Diamond Storm|p1a: Hardboiled
|-damage|p1a: Hardboiled|392\/641
|
|turn|18
|
|switch|p2a: Mew|Mew|362\/404
|move|p1a: Hardboiled|Soft-Boiled|p1a: Hardboiled
|-heal|p1a: Hardboiled|641\/641
|
|-heal|p2a: Mew|387\/404|[from] item: Leftovers
|turn|19
|
|move|p2a: Mew|Knock Off|p1a: Hardboiled
|-damage|p1a: Hardboiled|535\/641
|-enditem|p1a: Hardboiled|Eviolite|[from] move: Knock Off|[of] p2a: Mew
|move|p1a: Hardboiled|Heal Bell|p1a: Hardboiled
|-cureteam|p1a: Hardboiled|[from] move: HealBell
|
|-heal|p2a: Mew|404\/404|[from] item: Leftovers
|turn|20
|
|switch|p2a: Diancie|Diancie-Mega|241\/241
|move|p1a: Hardboiled|Stealth Rock|p2a: Diancie
|move|p2a: Diancie|Stealth Rock|p1a: Hardboiled|[from]Magic Bounce
|-sidestart|p1: Friytrr|move: Stealth Rock
|
|turn|21
|
|switch|p1a: Bravest Bird|Skarmory, M|203\/333
|-damage|p1a: Bravest Bird|162\/333|[from] Stealth Rock
|move|p2a: Diancie|Diamond Storm|p1a: Bravest Bird
|-damage|p1a: Bravest Bird|63\/333
|
|turn|22
|
|move|p2a: Diancie|Moonblast|p1a: Bravest Bird
|-resisted|p1a: Bravest Bird
|-damage|p1a: Bravest Bird|0 fnt
|faint|p1a: Bravest Bird
|
|-message|Friytrr forfeited.
|
|win|40 the kid1
|raw|Ladder updating...
|leave|Friytrr
|player|p1
|c|â40 the kid1|el gg
|raw|Friytrr's rating: 1636 &rarr; <strong>1614<\/strong><br \/>(-22 for losing)
|raw|40 the kid1's rating: 1597 &rarr; <strong>1619<\/strong><br \/>(+22 for winning)