|join|A-Shwan
|join|IDerpy
|player|p1|A-Shwan|29
|player|p2|IDerpy|201
|gametype|singles
|gen|6
|tier|UU
|rated
|rule|Sleep Clause Mod: Limit one foe put to sleep
|rule|Species Clause: Limit one of each PokÃ©mon
|rule|OHKO Clause: OHKO moves are banned
|rule|Moody Clause: Moody is banned
|rule|Evasion Moves Clause: Evasion moves are banned
|rule|Endless Battle Clause: Forcing endless battles is banned
|rule|HP Percentage Mod: HP is shown in percentages
|clearpoke
|poke|p1|Mienshao, M
|poke|p1|Krookodile, M
|poke|p1|Crobat, M
|poke|p1|Suicune
|poke|p1|Ampharos, M
|poke|p1|Umbreon, M
|poke|p2|Shaymin
|poke|p2|Swampert, F
|poke|p2|Crobat, M
|poke|p2|Hydreigon, F
|poke|p2|Jirachi
|poke|p2|Diancie
|rule|Swagger Clause: Swagger is banned
|rule|Baton Pass Clause: Limit one PokÃ©mon knowing Baton Pass
|teampreview
|c|âIDerpy|glhf
|c|âA-Shwan|glhf
|
|start
|switch|p1a: Zappy Pappy|Ampharos, M|383\/383
|switch|p2a: Diancie|Diancie|304\/304
|turn|1
|
|detailschange|p1a: Zappy Pappy|Ampharos-Mega, M
|-mega|p1a: Zappy Pappy|Ampharos|Ampharosite
|-ability|p1a: Zappy Pappy|Mold Breaker
|move|p1a: Zappy Pappy|Volt Switch|p2a: Diancie
|-damage|p2a: Diancie|225\/304
|
|switch|p1a: Bruce Wayne|Crobat, M|373\/373
|move|p2a: Diancie|Stealth Rock|p1a: Bruce Wayne
|-sidestart|p1: A-Shwan|move: Stealth Rock
|
|-heal|p2a: Diancie|244\/304|[from] item: Leftovers
|turn|2
|
|move|p1a: Bruce Wayne|Defog|p2a: Diancie
|-fail|p2a: Diancie|unboost|[from] ability: Clear Body|[of] p2a: Diancie
|-sideend|p1: A-Shwan|Stealth Rock|[from] move: Defog|[of] p1a: Bruce Wayne
|move|p2a: Diancie|Diamond Storm|p1a: Bruce Wayne
|-supereffective|p1a: Bruce Wayne
|-damage|p1a: Bruce Wayne|65\/373
|-boost|p2a: Diancie|def|1
|
|-heal|p1a: Bruce Wayne|88\/373|[from] item: Black Sludge
|-heal|p2a: Diancie|263\/304|[from] item: Leftovers
|turn|3
|
|move|p1a: Bruce Wayne|U-turn|p2a: Diancie
|-resisted|p2a: Diancie
|-damage|p2a: Diancie|253\/304
|
|switch|p1a: Bob|Suicune|404\/404
|-ability|p1a: Bob|Pressure
|move|p2a: Diancie|Stealth Rock|p1a: Bob
|-sidestart|p1: A-Shwan|move: Stealth Rock
|
|-heal|p2a: Diancie|272\/304|[from] item: Leftovers
|turn|4
|
|switch|p2a: Lil Bastard|Shaymin|341\/341
|move|p1a: Bob|Calm Mind|p1a: Bob
|-boost|p1a: Bob|spa|1
|-boost|p1a: Bob|spd|1
|
|turn|5
|
|switch|p1a: Bruce Wayne|Crobat, M|88\/373
|-damage|p1a: Bruce Wayne|0 fnt|[from] Stealth Rock
|faint|p1a: Bruce Wayne
|move|p2a: Lil Bastard|Seed Flare|p1: Bruce Wayne|[notarget]
|-notarget
|
|
|switch|p1a: Whoop Ass|Mienshao, M|271\/271
|-damage|p1a: Whoop Ass|255\/271|[from] Stealth Rock
|turn|6
|
|move|p1a: Whoop Ass|U-turn|p2a: Lil Bastard
|-supereffective|p2a: Lil Bastard
|-damage|p2a: Lil Bastard|189\/341
|
|switch|p1a: Zappy Pappy|Ampharos-Mega, M|383\/383
|-damage|p1a: Zappy Pappy|336\/383|[from] Stealth Rock
|-ability|p1a: Zappy Pappy|Mold Breaker
|move|p2a: Lil Bastard|Dazzling Gleam|p1a: Zappy Pappy
|-supereffective|p1a: Zappy Pappy
|-damage|p1a: Zappy Pappy|149\/383
|-damage|p2a: Lil Bastard|155\/341|[from] item: Life Orb
|
|turn|7
|
|switch|p1a: Bob|Suicune|404\/404
|-damage|p1a: Bob|354\/404|[from] Stealth Rock
|-ability|p1a: Bob|Pressure
|move|p2a: Lil Bastard|Synthesis|p2a: Lil Bastard
|-heal|p2a: Lil Bastard|325\/341
|
|-heal|p1a: Bob|379\/404|[from] item: Leftovers
|turn|8
|
|switch|p1a: Blacky Chan|Umbreon, M|394\/394
|-damage|p1a: Blacky Chan|345\/394|[from] Stealth Rock
|move|p2a: Lil Bastard|Earth Power|p1a: Blacky Chan
|-damage|p1a: Blacky Chan|279\/394
|-damage|p2a: Lil Bastard|291\/341|[from] item: Life Orb
|
|-heal|p1a: Blacky Chan|303\/394|[from] item: Leftovers
|turn|9
|
|move|p1a: Blacky Chan|Protect|p1a: Blacky Chan
|-singleturn|p1a: Blacky Chan|Protect
|move|p2a: Lil Bastard|Seed Flare|p1a: Blacky Chan
|-activate|p1a: Blacky Chan|Protect
|
|-heal|p1a: Blacky Chan|327\/394|[from] item: Leftovers
|turn|10
|
|move|p2a: Lil Bastard|Dazzling Gleam|p1a: Blacky Chan
|-supereffective|p1a: Blacky Chan
|-damage|p1a: Blacky Chan|213\/394
|-damage|p2a: Lil Bastard|257\/341|[from] item: Life Orb
|move|p1a: Blacky Chan|Wish|p1a: Blacky Chan
|
|-heal|p1a: Blacky Chan|237\/394|[from] item: Leftovers
|turn|11
|
|switch|p2a: Diancie|Diancie|272\/304
|move|p1a: Blacky Chan|Foul Play|p2a: Diancie
|-resisted|p2a: Diancie
|-damage|p2a: Diancie|239\/304
|
|-heal|p1a: Blacky Chan|394\/394|[from] move: Wish|[wisher] Blacky Chan
|-heal|p2a: Diancie|258\/304|[from] item: Leftovers
|turn|12
|
|switch|p1a: Bob|Suicune|379\/404
|-damage|p1a: Bob|329\/404|[from] Stealth Rock
|-ability|p1a: Bob|Pressure
|move|p2a: Diancie|Moonblast|p1a: Bob
|-damage|p1a: Bob|230\/404
|
|-heal|p1a: Bob|255\/404|[from] item: Leftovers
|-heal|p2a: Diancie|277\/304|[from] item: Leftovers
|turn|13
|
|switch|p1a: Whoop Ass|Mienshao, M|255\/271
|-damage|p1a: Whoop Ass|239\/271|[from] Stealth Rock
|switch|p2a: Jirachi|Jirachi|397\/397
|
|turn|14
|
|move|p1a: Whoop Ass|Knock Off|p2a: Jirachi
|-supereffective|p2a: Jirachi
|-damage|p2a: Jirachi|167\/397
|-enditem|p2a: Jirachi|Leftovers|[from] move: Knock Off|[of] p1a: Whoop Ass
|move|p2a: Jirachi|Doom Desire|p1a: Whoop Ass
|-start|p2a: Jirachi|Doom Desire
|
|turn|15
|
|switch|p1a: Schlong Head|Krookodile, M|332\/332
|-damage|p1a: Schlong Head|312\/332|[from] Stealth Rock
|-ability|p1a: Schlong Head|Intimidate|[of] p2a: Jirachi
|-unboost|p2a: Jirachi|atk|1
|switch|p2a: Idk|Swampert, F|341\/341
|
|turn|16
|
|switch|p1a: Bob|Suicune|255\/404
|-damage|p1a: Bob|205\/404|[from] Stealth Rock
|-ability|p1a: Bob|Pressure
|detailschange|p2a: Idk|Swampert-Mega, F
|-mega|p2a: Idk|Swampert|Swampertite
|move|p2a: Idk|Rain Dance|p2a: Idk
|-weather|RainDance
|
|-weather|RainDance|[upkeep]
|-end|p1a: Bob|move: Doom Desire
|-resisted|p1a: Bob
|-damage|p1a: Bob|137\/404
|-heal|p1a: Bob|162\/404|[from] item: Leftovers
|turn|17
|
|move|p2a: Idk|Earthquake|p1a: Bob
|-damage|p1a: Bob|41\/404
|move|p1a: Bob|Rest|p1a: Bob
|-status|p1a: Bob|slp
|-heal|p1a: Bob|404\/404 slp|[silent]
|-status|p1a: Bob|slp|[from] move: Rest
|
|-weather|RainDance|[upkeep]
|turn|18
|
|switch|p2a: Lil Bastard|Shaymin|257\/341
|cant|p1a: Bob|slp
|move|p1a: Bob|Sleep Talk|p1a: Bob
|move|p1a: Bob|Calm Mind|p1a: Bob|[from]Sleep Talk
|-boost|p1a: Bob|spa|1
|-boost|p1a: Bob|spd|1
|
|-weather|RainDance|[upkeep]
|turn|19
|
|switch|p1a: Zappy Pappy|Ampharos-Mega, M|149\/383
|-damage|p1a: Zappy Pappy|102\/383|[from] Stealth Rock
|-ability|p1a: Zappy Pappy|Mold Breaker
|move|p2a: Lil Bastard|Dazzling Gleam|p1a: Zappy Pappy
|-supereffective|p1a: Zappy Pappy
|-damage|p1a: Zappy Pappy|0 fnt
|-damage|p2a: Lil Bastard|223\/341|[from] item: Life Orb
|faint|p1a: Zappy Pappy
|
|-weather|RainDance|[upkeep]
|
|switch|p1a: Whoop Ass|Mienshao, M|239\/271
|-damage|p1a: Whoop Ass|223\/271|[from] Stealth Rock
|turn|20
|
|switch|p2a: Diancie|Diancie|277\/304
|move|p1a: Whoop Ass|High Jump Kick|p2a: Diancie
|-damage|p2a: Diancie|130\/304
|
|-weather|none
|-heal|p2a: Diancie|149\/304|[from] item: Leftovers
|turn|21
|
|move|p1a: Whoop Ass|High Jump Kick|p2a: Diancie
|-damage|p2a: Diancie|0 fnt
|faint|p2a: Diancie
|
|
|switch|p2a: fatbat|Crobat, M|340\/340
|turn|22
|
|switch|p1a: Bob|Suicune|404\/404 slp
|-damage|p1a: Bob|354\/404 slp|[from] Stealth Rock
|-ability|p1a: Bob|Pressure
|move|p2a: fatbat|Brave Bird|p1a: Bob
|-damage|p1a: Bob|248\/404 slp
|-damage|p2a: fatbat|305\/340|[from] recoil|[of] p1a: Bob
|
|-heal|p2a: fatbat|326\/340|[from] item: Black Sludge
|-heal|p1a: Bob|273\/404 slp|[from] item: Leftovers
|turn|23
|
|switch|p2a: Lil Bastard|Shaymin|223\/341
|switch|p1a: Whoop Ass|Mienshao, M|223\/271
|-damage|p1a: Whoop Ass|207\/271|[from] Stealth Rock
|
|turn|24
|
|move|p1a: Whoop Ass|High Jump Kick|p2a: Lil Bastard
|-crit|p2a: Lil Bastard
|-damage|p2a: Lil Bastard|0 fnt
|faint|p2a: Lil Bastard
|
|
|switch|p2a: Idk|Swampert-Mega, F|341\/341
|turn|25
|
|switch|p1a: Bob|Suicune|273\/404 slp
|-damage|p1a: Bob|223\/404 slp|[from] Stealth Rock
|-ability|p1a: Bob|Pressure
|move|p2a: Idk|Earthquake|p1a: Bob
|-damage|p1a: Bob|88\/404 slp
|
|-heal|p1a: Bob|113\/404 slp|[from] item: Leftovers
|turn|26
|
|move|p2a: Idk|Earthquake|p1a: Bob
|-damage|p1a: Bob|0 fnt
|faint|p1a: Bob
|
|
|switch|p1a: Schlong Head|Krookodile, M|312\/332
|-damage|p1a: Schlong Head|292\/332|[from] Stealth Rock
|-ability|p1a: Schlong Head|Intimidate|[of] p2a: Idk
|-unboost|p2a: Idk|atk|1
|turn|27
|
|switch|p1a: Blacky Chan|Umbreon, M|394\/394
|-damage|p1a: Blacky Chan|345\/394|[from] Stealth Rock
|move|p2a: Idk|Waterfall|p1a: Blacky Chan
|-damage|p1a: Blacky Chan|249\/394
|
|-heal|p1a: Blacky Chan|273\/394|[from] item: Leftovers
|turn|28
|
|move|p2a: Idk|Earthquake|p1a: Blacky Chan
|-damage|p1a: Blacky Chan|153\/394
|move|p1a: Blacky Chan|Foul Play|p2a: Idk
|-damage|p2a: Idk|223\/341
|
|-heal|p1a: Blacky Chan|177\/394|[from] item: Leftovers
|turn|29
|
|move|p2a: Idk|Earthquake|p1a: Blacky Chan
|-damage|p1a: Blacky Chan|59\/394
|move|p1a: Blacky Chan|Wish|p1a: Blacky Chan
|
|-heal|p1a: Blacky Chan|83\/394|[from] item: Leftovers
|turn|30
|
|move|p2a: Idk|Rain Dance|p2a: Idk
|-weather|RainDance
|move|p1a: Blacky Chan|Foul Play|p2a: Idk
|-damage|p2a: Idk|111\/341
|
|-weather|RainDance|[upkeep]
|-heal|p1a: Blacky Chan|280\/394|[from] move: Wish|[wisher] Blacky Chan
|-heal|p1a: Blacky Chan|304\/394|[from] item: Leftovers
|turn|31
|
|move|p2a: Idk|Earthquake|p1a: Blacky Chan
|-damage|p1a: Blacky Chan|193\/394
|move|p1a: Blacky Chan|Wish|p1a: Blacky Chan
|
|-weather|RainDance|[upkeep]
|-heal|p1a: Blacky Chan|217\/394|[from] item: Leftovers
|turn|32
|
|move|p2a: Idk|Earthquake|p1a: Blacky Chan
|-damage|p1a: Blacky Chan|96\/394
|move|p1a: Blacky Chan|Foul Play|p2a: Idk
|-damage|p2a: Idk|0 fnt
|faint|p2a: Idk
|
|-weather|RainDance|[upkeep]
|-heal|p1a: Blacky Chan|293\/394|[from] move: Wish|[wisher] Blacky Chan
|-heal|p1a: Blacky Chan|317\/394|[from] item: Leftovers
|
|switch|p2a: Darkness|Hydreigon, F|326\/326
|turn|33
|
|move|p1a: Blacky Chan|Protect|p1a: Blacky Chan
|-singleturn|p1a: Blacky Chan|Protect
|move|p2a: Darkness|Draco Meteor|p1a: Blacky Chan
|-activate|p1a: Blacky Chan|Protect
|
|-weather|RainDance|[upkeep]
|-heal|p1a: Blacky Chan|341\/394|[from] item: Leftovers
|turn|34
|
|move|p2a: Darkness|Draco Meteor|p1a: Blacky Chan
|-damage|p1a: Blacky Chan|182\/394
|-unboost|p2a: Darkness|spa|2
|move|p1a: Blacky Chan|Wish|p1a: Blacky Chan
|
|-weather|none
|-heal|p1a: Blacky Chan|206\/394|[from] item: Leftovers
|turn|35
|
|move|p2a: Darkness|Draco Meteor|p1a: Blacky Chan|[miss]
|-miss|p2a: Darkness|p1a: Blacky Chan
|move|p1a: Blacky Chan|Foul Play|p2a: Darkness
|-resisted|p2a: Darkness
|-damage|p2a: Darkness|265\/326
|
|-heal|p1a: Blacky Chan|394\/394|[from] move: Wish|[wisher] Blacky Chan
|turn|36
|
|switch|p2a: Jirachi|Jirachi|167\/397
|move|p1a: Blacky Chan|Foul Play|p2a: Jirachi
|-supereffective|p2a: Jirachi
|-damage|p2a: Jirachi|0 fnt
|faint|p2a: Jirachi
|
|
|switch|p2a: fatbat|Crobat, M|326\/340
|turn|37
|
|move|p2a: fatbat|Brave Bird|p1a: Blacky Chan
|-damage|p1a: Blacky Chan|252\/394
|-damage|p2a: fatbat|279\/340|[from] recoil|[of] p1a: Blacky Chan
|move|p1a: Blacky Chan|Wish|p1a: Blacky Chan
|
|-heal|p2a: fatbat|300\/340|[from] item: Black Sludge
|-heal|p1a: Blacky Chan|276\/394|[from] item: Leftovers
|turn|38
|
|move|p2a: fatbat|Brave Bird|p1a: Blacky Chan
|-damage|p1a: Blacky Chan|119\/394
|-damage|p2a: fatbat|248\/340|[from] recoil|[of] p1a: Blacky Chan
|move|p1a: Blacky Chan|Foul Play|p2a: fatbat
|-damage|p2a: fatbat|85\/340
|
|-heal|p1a: Blacky Chan|316\/394|[from] move: Wish|[wisher] Blacky Chan
|-heal|p2a: fatbat|106\/340|[from] item: Black Sludge
|-heal|p1a: Blacky Chan|340\/394|[from] item: Leftovers
|turn|39
|
|move|p2a: fatbat|Brave Bird|p1a: Blacky Chan
|-damage|p1a: Blacky Chan|196\/394
|-damage|p2a: fatbat|58\/340|[from] recoil|[of] p1a: Blacky Chan
|move|p1a: Blacky Chan|Wish|p1a: Blacky Chan
|
|-heal|p2a: fatbat|79\/340|[from] item: Black Sludge
|-heal|p1a: Blacky Chan|220\/394|[from] item: Leftovers
|turn|40
|-message|IDerpy forfeited.
|
|win|A-Shwan
|raw|Ladder updating...
|leave|IDerpy
|player|p2
|raw|A-Shwan's rating: 1397 &rarr; <strong>1411<\/strong><br \/>(+14 for winning)
|raw|IDerpy's rating: 1279 &rarr; <strong>1262<\/strong><br \/>(-17 for losing)