|join|A-Shwan
|join|Kanapâ¬sh
|player|p1|A-Shwan|29
|player|p2|Kanapâ¬sh|198
|gametype|singles
|gen|6
|tier|UU
|rated
|rule|Sleep Clause Mod: Limit one foe put to sleep
|rule|Species Clause: Limit one of each PokÃ©mon
|rule|OHKO Clause: OHKO moves are banned
|rule|Moody Clause: Moody is banned
|rule|Evasion Moves Clause: Evasion moves are banned
|rule|Endless Battle Clause: Forcing endless battles is banned
|rule|HP Percentage Mod: HP is shown in percentages
|clearpoke
|poke|p1|Arcanine, M
|poke|p1|Raikou
|poke|p1|Shaymin
|poke|p1|Honchkrow, M
|poke|p1|Mienshao, F
|poke|p1|Blastoise, F
|poke|p2|Meloetta
|poke|p2|Escavalier, M
|poke|p2|Entei, shiny
|poke|p2|Florges, F
|poke|p2|Dugtrio, F
|poke|p2|Roserade, M
|rule|Swagger Clause: Swagger is banned
|rule|Baton Pass Clause: Limit one PokÃ©mon knowing Baton Pass
|teampreview
|
|start
|switch|p1a: Raikou|Raikou|322\/322
|switch|p2a: Florges|Florges, F|359\/359
|-ability|p1a: Raikou|Pressure
|turn|1
|
|switch|p2a: Dugtrio|Dugtrio, F|212\/212
|move|p1a: Raikou|Volt Switch|p2a: Dugtrio
|-immune|p2a: Dugtrio|[msg]
|
|turn|2
|
|move|p2a: Dugtrio|Protect|p2a: Dugtrio
|-singleturn|p2a: Dugtrio|Protect
|move|p1a: Raikou|Hidden Power|p2a: Dugtrio
|-activate|p2a: Dugtrio|Protect
|
|turn|3
|
|switch|p2a: Escavalier|Escavalier, M|343\/343
|move|p1a: Raikou|Hidden Power|p2a: Escavalier
|-resisted|p2a: Escavalier
|-damage|p2a: Escavalier|322\/343
|
|turn|4
|
|move|p1a: Raikou|Volt Switch|p2a: Escavalier
|-damage|p2a: Escavalier|253\/343
|
|switch|p1a: Arcanine|Arcanine, M|383\/383
|-ability|p1a: Arcanine|Intimidate|[of] p2a: Escavalier
|-unboost|p2a: Escavalier|atk|1
|move|p2a: Escavalier|Megahorn|p1a: Arcanine
|-resisted|p1a: Arcanine
|-damage|p1a: Arcanine|311\/383
|
|-heal|p1a: Arcanine|334\/383|[from] item: Leftovers
|turn|5
|
|switch|p1a: Blastoise|Blastoise, F|358\/358
|switch|p2a: Entei|Entei, shiny|371\/371
|-ability|p2a: Entei|Pressure
|
|turn|6
|
|switch|p2a: Roserade|Roserade, M|323\/323
|detailschange|p1a: Blastoise|Blastoise-Mega, F
|message|Blastoise has Mega Evolved into Mega Blastoise!
|move|p1a: Blastoise|Scald|p2a: Roserade
|-crit|p2a: Roserade
|-resisted|p2a: Roserade
|-damage|p2a: Roserade|204\/323
|-status|p2a: Roserade|brn
|
|-heal|p2a: Roserade|224\/323 brn|[from] item: Black Sludge
|-damage|p2a: Roserade|184\/323 brn|[from] brn
|turn|7
|
|move|p2a: Roserade|Rest|p2a: Roserade
|-status|p2a: Roserade|slp
|-heal|p2a: Roserade|323\/323 slp|[silent]
|-status|p2a: Roserade|slp|[from] move: Rest
|move|p1a: Blastoise|Ice Beam|p2a: Roserade
|-supereffective|p2a: Roserade
|-damage|p2a: Roserade|83\/323 slp
|
|-heal|p2a: Roserade|103\/323 slp|[from] item: Black Sludge
|turn|8
|
|switch|p2a: Florges|Florges, F|359\/359
|move|p1a: Blastoise|Ice Beam|p2a: Florges
|-damage|p2a: Florges|282\/359
|
|-heal|p2a: Florges|304\/359|[from] item: Leftovers
|turn|9
|
|switch|p1a: Arcanine|Arcanine, M|334\/383
|-ability|p1a: Arcanine|Intimidate|[of] p2a: Florges
|-unboost|p2a: Florges|atk|1
|move|p2a: Florges|Wish|p2a: Florges
|
|-heal|p1a: Arcanine|357\/383|[from] item: Leftovers
|-heal|p2a: Florges|326\/359|[from] item: Leftovers
|turn|10
|
|switch|p2a: Dugtrio|Dugtrio, F|212\/212
|move|p1a: Arcanine|Flare Blitz|p2a: Dugtrio
|-enditem|p2a: Dugtrio|Focus Sash
|-damage|p2a: Dugtrio|1\/212
|-damage|p1a: Arcanine|287\/383|[from] recoil|[of] p2a: Dugtrio
|
|-heal|p2a: Dugtrio|180\/212|[from] move: Wish|[wisher] Florges
|-heal|p1a: Arcanine|310\/383|[from] item: Leftovers
|turn|11
|
|move|p2a: Dugtrio|Earthquake|p1a: Arcanine
|-supereffective|p1a: Arcanine
|-damage|p1a: Arcanine|94\/383
|move|p1a: Arcanine|Will-O-Wisp|p2a: Dugtrio
|-status|p2a: Dugtrio|brn
|
|-heal|p1a: Arcanine|117\/383|[from] item: Leftovers
|-damage|p2a: Dugtrio|154\/212 brn|[from] brn
|turn|12
|
|move|p2a: Dugtrio|Earthquake|p1a: Arcanine
|-supereffective|p1a: Arcanine
|-damage|p1a: Arcanine|0 fnt
|faint|p1a: Arcanine
|
|-damage|p2a: Dugtrio|128\/212 brn|[from] brn
|
|switch|p1a: Shaymin|Shaymin|341\/341
|turn|13
|
|move|p2a: Dugtrio|Stealth Rock|p1a: Shaymin
|-sidestart|p1: A-Shwan|move: Stealth Rock
|move|p1a: Shaymin|Earth Power|p2a: Dugtrio
|-damage|p2a: Dugtrio|0 fnt
|-damage|p1a: Shaymin|307\/341|[from] item: Life Orb
|faint|p2a: Dugtrio
|
|
|switch|p2a: Escavalier|Escavalier, M|253\/343
|turn|14
|
|switch|p1a: Blastoise|Blastoise-Mega, F|358\/358
|-damage|p1a: Blastoise|314\/358|[from] Stealth Rock
|move|p2a: Escavalier|Megahorn|p1a: Blastoise
|-damage|p1a: Blastoise|100\/358
|
|turn|15
|
|move|p1a: Blastoise|Rapid Spin|p2a: Escavalier
|-resisted|p2a: Escavalier
|-damage|p2a: Escavalier|247\/343
|-sideend|p1: A-Shwan|Stealth Rock|[from] move: Rapid Spin|[of] p1a: Blastoise
|move|p2a: Escavalier|Megahorn|p1a: Blastoise
|-damage|p1a: Blastoise|0 fnt
|faint|p1a: Blastoise
|
|
|switch|p1a: Honchkrow|Honchkrow, M|341\/341
|turn|16
|
|move|p1a: Honchkrow|Brave Bird|p2a: Escavalier
|-damage|p2a: Escavalier|0 fnt
|-damage|p1a: Honchkrow|259\/341|[from] recoil|[of] p2a: Escavalier
|-damage|p1a: Honchkrow|225\/341|[from] item: Life Orb
|faint|p2a: Escavalier
|-boost|p1a: Honchkrow|atk|1|[from] ability: Moxie
|
|
|switch|p2a: Florges|Florges, F|326\/359
|turn|17
|
|move|p2a: Florges|Protect|p2a: Florges
|-singleturn|p2a: Florges|Protect
|move|p1a: Honchkrow|Substitute|p1a: Honchkrow
|-start|p1a: Honchkrow|Substitute
|-damage|p1a: Honchkrow|140\/341
|
|-heal|p2a: Florges|348\/359|[from] item: Leftovers
|turn|18
|
|move|p1a: Honchkrow|Roost|p1a: Honchkrow
|-heal|p1a: Honchkrow|311\/341
|move|p2a: Florges|Moonblast|p1a: Honchkrow
|-supereffective|p1a: Honchkrow
|-end|p1a: Honchkrow|Substitute
|
|-heal|p2a: Florges|359\/359|[from] item: Leftovers
|turn|19
|
|move|p1a: Honchkrow|Brave Bird|p2a: Florges
|-crit|p2a: Florges
|-damage|p2a: Florges|0 fnt
|-damage|p1a: Honchkrow|193\/341|[from] recoil|[of] p2a: Florges
|-damage|p1a: Honchkrow|159\/341|[from] item: Life Orb
|faint|p2a: Florges
|-boost|p1a: Honchkrow|atk|1|[from] ability: Moxie
|
|chat|Kanapâ¬sh|crit
|chat|Kanapâ¬sh|--'
|chat|A-Shwan|crit didnt mattered
|chat|Kanapâ¬sh|no
|chat|Kanapâ¬sh|i'm full defense
|
|switch|p2a: Meloetta|Meloetta|403\/403
|turn|20
|chat|A-Shwan|cloyster takes 77 percent
|chat|Kanapâ¬sh|play
|
|move|p1a: Honchkrow|Sucker Punch|p2a: Meloetta
|-fail|p2a: Meloetta
|move|p2a: Meloetta|Substitute|p2a: Meloetta
|-start|p2a: Meloetta|Substitute
|-damage|p2a: Meloetta|303\/403
|
|-heal|p2a: Meloetta|328\/403|[from] item: Leftovers
|turn|21
|
|move|p1a: Honchkrow|Substitute|p1a: Honchkrow
|-start|p1a: Honchkrow|Substitute
|-damage|p1a: Honchkrow|74\/341
|move|p2a: Meloetta|Hyper Voice|p1a: Honchkrow
|-damage|p1a: Honchkrow|0 fnt
|faint|p1a: Honchkrow
|
|-heal|p2a: Meloetta|353\/403|[from] item: Leftovers
|
|switch|p1a: Raikou|Raikou|322\/322
|-ability|p1a: Raikou|Pressure
|turn|22
|
|move|p1a: Raikou|Volt Switch|p2a: Meloetta
|-activate|p2a: Meloetta|Substitute|[damage]
|
|switch|p1a: Shaymin|Shaymin|307\/341
|move|p2a: Meloetta|Calm Mind|p2a: Meloetta
|-boost|p2a: Meloetta|spa|1
|-boost|p2a: Meloetta|spd|1
|
|-heal|p2a: Meloetta|378\/403|[from] item: Leftovers
|turn|23
|
|move|p1a: Shaymin|Earth Power|p2a: Meloetta
|-end|p2a: Meloetta|Substitute
|-damage|p1a: Shaymin|273\/341|[from] item: Life Orb
|move|p2a: Meloetta|Substitute|p2a: Meloetta
|-start|p2a: Meloetta|Substitute
|-damage|p2a: Meloetta|278\/403
|
|-heal|p2a: Meloetta|303\/403|[from] item: Leftovers
|turn|24
|
|move|p1a: Shaymin|Seed Flare|p2a: Meloetta
|-end|p2a: Meloetta|Substitute
|-damage|p1a: Shaymin|239\/341|[from] item: Life Orb
|move|p2a: Meloetta|Calm Mind|p2a: Meloetta
|-boost|p2a: Meloetta|spa|1
|-boost|p2a: Meloetta|spd|1
|
|-heal|p2a: Meloetta|328\/403|[from] item: Leftovers
|turn|25
|
|move|p1a: Shaymin|Seed Flare|p2a: Meloetta|[miss]
|-miss|p1a: Shaymin|p2a: Meloetta
|move|p2a: Meloetta|Substitute|p2a: Meloetta
|-start|p2a: Meloetta|Substitute
|-damage|p2a: Meloetta|228\/403
|
|-heal|p2a: Meloetta|253\/403|[from] item: Leftovers
|turn|26
|
|move|p1a: Shaymin|Seed Flare|p2a: Meloetta
|-activate|p2a: Meloetta|Substitute|[damage]
|-damage|p1a: Shaymin|205\/341|[from] item: Life Orb
|move|p2a: Meloetta|Calm Mind|p2a: Meloetta
|-boost|p2a: Meloetta|spa|1
|-boost|p2a: Meloetta|spd|1
|
|-heal|p2a: Meloetta|278\/403|[from] item: Leftovers
|turn|27
|
|move|p1a: Shaymin|Seed Flare|p2a: Meloetta|[miss]
|-miss|p1a: Shaymin|p2a: Meloetta
|move|p2a: Meloetta|Substitute|p2a: Meloetta
|-fail|p2a: Meloetta|move: Substitute
|
|-heal|p2a: Meloetta|303\/403|[from] item: Leftovers
|turn|28
|
|move|p1a: Shaymin|Seed Flare|p2a: Meloetta
|-end|p2a: Meloetta|Substitute
|-damage|p1a: Shaymin|171\/341|[from] item: Life Orb
|move|p2a: Meloetta|Substitute|p2a: Meloetta
|-start|p2a: Meloetta|Substitute
|-damage|p2a: Meloetta|203\/403
|
|-heal|p2a: Meloetta|228\/403|[from] item: Leftovers
|turn|29
|
|move|p1a: Shaymin|Seed Flare|p2a: Meloetta
|-activate|p2a: Meloetta|Substitute|[damage]
|-damage|p1a: Shaymin|137\/341|[from] item: Life Orb
|move|p2a: Meloetta|Psyshock|p1a: Shaymin
|-damage|p1a: Shaymin|0 fnt
|faint|p1a: Shaymin
|
|-heal|p2a: Meloetta|253\/403|[from] item: Leftovers
|
|switch|p1a: Mienshao|Mienshao, F|271\/271
|turn|30
|chat|Kanapâ¬sh|wp
|
|move|p1a: Mienshao|U-turn|p2a: Meloetta
|-supereffective|p2a: Meloetta
|-end|p2a: Meloetta|Substitute
|-damage|p1a: Mienshao|244\/271|[from] item: Life Orb
|
|switch|p1a: Raikou|Raikou|322\/322
|-ability|p1a: Raikou|Pressure
|move|p2a: Meloetta|Substitute|p2a: Meloetta
|-start|p2a: Meloetta|Substitute
|-damage|p2a: Meloetta|153\/403
|
|-heal|p2a: Meloetta|178\/403|[from] item: Leftovers
|turn|31
|chat|Kanapâ¬sh|:)
|
|move|p1a: Raikou|Shadow Ball|p2a: Meloetta
|-immune|p2a: Meloetta|[msg]
|move|p2a: Meloetta|Psyshock|p1a: Raikou
|-damage|p1a: Raikou|0 fnt
|faint|p1a: Raikou
|
|-heal|p2a: Meloetta|203\/403|[from] item: Leftovers
|chat|Kanapâ¬sh|LOL
|chat|A-Shwan|woops
|
|switch|p1a: Mienshao|Mienshao, F|271\/271
|turn|32
|chat|Kanapâ¬sh|ROFL
|chat|A-Shwan|gg
|chat|Kanapâ¬sh|get brainfucked bitch ? 
|chat|Kanapâ¬sh|:)
|
|move|p1a: Mienshao|Knock Off|p2a: Meloetta
|-supereffective|p2a: Meloetta
|-end|p2a: Meloetta|Substitute
|-damage|p1a: Mienshao|244\/271|[from] item: Life Orb
|move|p2a: Meloetta|Psyshock|p1a: Mienshao
|-supereffective|p1a: Mienshao
|-damage|p1a: Mienshao|0 fnt
|faint|p1a: Mienshao
|
|win|Kanapâ¬sh
|raw|Ladder updating...
|raw|A-Shwan's rating: 1181 &rarr; <strong>1161<\/strong><br \/>(-20 for losing)
|raw|Kanapâ¬sh's rating: 1248 &rarr; <strong>1268<\/strong><br \/>(+20 for winning)
|leave|A-Shwan
|player|p1