|join|A-Shwan
|join|SeductiveBadger
|player|p1|A-Shwan|29
|player|p2|SeductiveBadger|153
|gametype|singles
|gen|6
|tier|UU
|rated
|rule|Sleep Clause Mod: Limit one foe put to sleep
|rule|Species Clause: Limit one of each PokÃ©mon
|rule|OHKO Clause: OHKO moves are banned
|rule|Moody Clause: Moody is banned
|rule|Evasion Moves Clause: Evasion moves are banned
|rule|Endless Battle Clause: Forcing endless battles is banned
|rule|HP Percentage Mod: HP is shown in percentages
|clearpoke
|poke|p1|Hydreigon, M
|poke|p1|Jirachi
|poke|p1|Ampharos, M
|poke|p1|Suicune
|poke|p1|Honchkrow, F
|poke|p1|Gligar, F
|poke|p2|Porygon2
|poke|p2|Rotom-Heat
|poke|p2|Haxorus, M, shiny
|poke|p2|Donphan, M
|poke|p2|Blastoise, M
|poke|p2|Metagross, shiny
|rule|Swagger Clause: Swagger is banned
|rule|Baton Pass Clause: Limit one PokÃ©mon knowing Baton Pass
|teampreview
|
|start
|switch|p1a: Ampharos|Ampharos, M|383\/383
|switch|p2a: Donfan|Donphan, M|384\/384
|turn|1
|
|detailschange|p1a: Ampharos|Ampharos-Mega, M
|message|Ampharos has Mega Evolved into Mega Ampharos!
|-ability|p1a: Ampharos|Mold Breaker
|move|p1a: Ampharos|Dragon Pulse|p2a: Donfan
|-damage|p2a: Donfan|140\/384
|move|p2a: Donfan|Stealth Rock|p1a: Ampharos
|-sidestart|p1: A-Shwan|move: Stealth Rock
|
|-heal|p2a: Donfan|164\/384|[from] item: Leftovers
|turn|2
|
|switch|p2a: Metagross|Metagross, shiny|364\/364
|move|p1a: Ampharos|Dragon Pulse|p2a: Metagross
|-resisted|p2a: Metagross
|-damage|p2a: Metagross|313\/364
|
|turn|3
|
|switch|p1a: Suicune|Suicune|404\/404
|-damage|p1a: Suicune|354\/404|[from] Stealth Rock
|-ability|p1a: Suicune|Pressure
|move|p2a: Metagross|Earthquake|p1a: Suicune
|-damage|p1a: Suicune|270\/404
|
|-heal|p1a: Suicune|295\/404|[from] item: Leftovers
|turn|4
|
|switch|p2a: Rotom-Heat|Rotom-Heat|304\/304
|move|p1a: Suicune|Scald|p2a: Rotom-Heat
|-supereffective|p2a: Rotom-Heat
|-damage|p2a: Rotom-Heat|136\/304
|
|-heal|p1a: Suicune|320\/404|[from] item: Leftovers
|turn|5
|
|switch|p2a: Blastoise|Blastoise, M|362\/362
|switch|p1a: Gligar|Gligar, F|334\/334
|-damage|p1a: Gligar|293\/334|[from] Stealth Rock
|
|turn|6
|
|detailschange|p2a: Blastoise|Blastoise-Mega, M
|message|Blastoise has Mega Evolved into Mega Blastoise!
|move|p1a: Gligar|Defog|p2a: Blastoise
|-unboost|p2a: Blastoise|evasion|1
|-sideend|p1: A-Shwan|Stealth Rock|[from] move: Defog|[of] p1a: Gligar
|move|p2a: Blastoise|Water Pulse|p1a: Gligar
|-supereffective|p1a: Gligar
|-damage|p1a: Gligar|0 fnt
|faint|p1a: Gligar
|
|
|switch|p1a: Ampharos|Ampharos-Mega, M|383\/383
|-ability|p1a: Ampharos|Mold Breaker
|turn|7
|
|switch|p2a: Metagross|Metagross, shiny|313\/364
|move|p1a: Ampharos|Volt Switch|p2a: Metagross
|-damage|p2a: Metagross|222\/364
|
|switch|p1a: Honchkrow|Honchkrow, F|341\/341
|
|turn|8
|
|switch|p2a: Porygon2|Porygon2|374\/374
|-ability|p2a: Porygon2|Moxie|[from] ability: Trace|[of] p1a: Honchkrow
|move|p1a: Honchkrow|Substitute|p1a: Honchkrow
|-start|p1a: Honchkrow|Substitute
|-damage|p1a: Honchkrow|256\/341
|
|turn|9
|
|move|p1a: Honchkrow|Brave Bird|p2a: Porygon2
|-damage|p2a: Porygon2|228\/374
|-damage|p1a: Honchkrow|208\/341|[from] recoil|[of] p2a: Porygon2
|-damage|p1a: Honchkrow|174\/341|[from] item: Life Orb
|move|p2a: Porygon2|Thunderbolt|p1a: Honchkrow
|-supereffective|p1a: Honchkrow
|-end|p1a: Honchkrow|Substitute
|
|turn|10
|
|switch|p1a: Ampharos|Ampharos-Mega, M|383\/383
|-ability|p1a: Ampharos|Mold Breaker
|move|p2a: Porygon2|Recover|p2a: Porygon2
|-heal|p2a: Porygon2|374\/374
|
|turn|11
|
|switch|p2a: Metagross|Metagross, shiny|222\/364
|move|p1a: Ampharos|Volt Switch|p2a: Metagross
|-damage|p2a: Metagross|134\/364
|
|switch|p1a: Hydreigon|Hydreigon, M|325\/325
|
|turn|12
|
|switch|p2a: Blastoise|Blastoise-Mega, M|362\/362
|move|p1a: Hydreigon|Dark Pulse|p2a: Blastoise
|-damage|p2a: Blastoise|198\/362
|-damage|p1a: Hydreigon|293\/325|[from] item: Life Orb
|
|turn|13
|
|move|p1a: Hydreigon|Draco Meteor|p2a: Blastoise
|-damage|p2a: Blastoise|0 fnt
|-unboost|p1a: Hydreigon|spa|2
|-damage|p1a: Hydreigon|261\/325|[from] item: Life Orb
|faint|p2a: Blastoise
|
|
|switch|p2a: Haxorus|Haxorus, M, shiny|302\/302
|-ability|p2a: Haxorus|Mold Breaker
|turn|14
|
|move|p2a: Haxorus|Dragon Claw|p1a: Hydreigon
|-supereffective|p1a: Hydreigon
|-damage|p1a: Hydreigon|0 fnt
|faint|p1a: Hydreigon
|
|
|switch|p1a: Suicune|Suicune|320\/404
|-ability|p1a: Suicune|Pressure
|turn|15
|
|switch|p2a: Porygon2|Porygon2|374\/374
|-ability|p2a: Porygon2|Pressure|[from] ability: Trace|[of] p1a: Suicune
|-ability|p2a: Porygon2|Pressure
|move|p1a: Suicune|Rest|p1a: Suicune
|-status|p1a: Suicune|slp
|-heal|p1a: Suicune|404\/404 slp|[silent]
|-status|p1a: Suicune|slp|[from] move: Rest
|
|turn|16
|
|cant|p1a: Suicune|slp
|move|p1a: Suicune|Sleep Talk|p1a: Suicune
|move|p1a: Suicune|Scald|p2a: Porygon2|[from]Sleep Talk
|-damage|p2a: Porygon2|314\/374
|move|p2a: Porygon2|Thunderbolt|p1a: Suicune
|-supereffective|p1a: Suicune
|-damage|p1a: Suicune|270\/404 slp
|
|-heal|p1a: Suicune|295\/404 slp|[from] item: Leftovers
|turn|17
|
|switch|p2a: Rotom-Heat|Rotom-Heat|136\/304
|cant|p1a: Suicune|slp
|move|p1a: Suicune|Sleep Talk|p1a: Suicune
|move|p1a: Suicune|Calm Mind|p1a: Suicune|[from]Sleep Talk
|-boost|p1a: Suicune|spa|1
|-boost|p1a: Suicune|spd|1
|
|-heal|p1a: Suicune|320\/404 slp|[from] item: Leftovers
|turn|18
|
|move|p2a: Rotom-Heat|Trick|p1a: Suicune
|-activate|p2a: Rotom-Heat|move: Trick|[of] p1a: Suicune
|-item|p1a: Suicune|Choice Specs|[from] move: Trick
|-item|p2a: Rotom-Heat|Leftovers|[from] move: Trick
|-curestatus|p1a: Suicune|slp
|move|p1a: Suicune|Rest|p1a: Suicune
|-status|p1a: Suicune|slp
|-heal|p1a: Suicune|404\/404 slp|[silent]
|-status|p1a: Suicune|slp|[from] move: Rest
|
|-heal|p2a: Rotom-Heat|155\/304|[from] item: Leftovers
|turn|19
|
|switch|p1a: Ampharos|Ampharos-Mega, M|383\/383
|-ability|p1a: Ampharos|Mold Breaker
|move|p2a: Rotom-Heat|Volt Switch|p1a: Ampharos
|-resisted|p1a: Ampharos
|-damage|p1a: Ampharos|358\/383
|c|âA-Shwan|wp
|
|switch|p2a: Donfan|Donphan, M|164\/384
|
|-heal|p2a: Donfan|188\/384|[from] item: Leftovers
|turn|20
|
|move|p2a: Donfan|Ice Shard|p1a: Ampharos
|-supereffective|p1a: Ampharos
|-damage|p1a: Ampharos|294\/383
|move|p1a: Ampharos|Dragon Pulse|p2a: Donfan
|-damage|p2a: Donfan|0 fnt
|faint|p2a: Donfan
|
|
|switch|p2a: Haxorus|Haxorus, M, shiny|302\/302
|-ability|p2a: Haxorus|Mold Breaker
|turn|21
|
|switch|p1a: Jirachi|Jirachi|341\/341
|move|p2a: Haxorus|Earthquake|p1a: Jirachi
|-supereffective|p1a: Jirachi
|-damage|p1a: Jirachi|75\/341
|
|turn|22
|
|switch|p2a: Rotom-Heat|Rotom-Heat|155\/304
|move|p1a: Jirachi|Iron Head|p2a: Rotom-Heat
|-resisted|p2a: Rotom-Heat
|-damage|p2a: Rotom-Heat|126\/304
|
|-heal|p2a: Rotom-Heat|145\/304|[from] item: Leftovers
|turn|23
|
|switch|p1a: Suicune|Suicune|404\/404 slp
|-ability|p1a: Suicune|Pressure
|move|p2a: Rotom-Heat|Shadow Ball|p1a: Suicune
|-damage|p1a: Suicune|331\/404 slp
|
|-heal|p2a: Rotom-Heat|164\/304|[from] item: Leftovers
|turn|24
|
|move|p2a: Rotom-Heat|Volt Switch|p1a: Suicune
|-supereffective|p1a: Suicune
|-damage|p1a: Suicune|125\/404 slp
|
|switch|p2a: Porygon2|Porygon2|314\/374
|-ability|p2a: Porygon2|Pressure|[from] ability: Trace|[of] p1a: Suicune
|-ability|p2a: Porygon2|Pressure
|cant|p1a: Suicune|slp
|move|p1a: Suicune|Sleep Talk|p1a: Suicune
|move|p1a: Suicune|Calm Mind|p1a: Suicune|[from]Sleep Talk
|-boost|p1a: Suicune|spa|1
|-boost|p1a: Suicune|spd|1
|
|turn|25
|
|cant|p1a: Suicune|slp
|move|p1a: Suicune|Sleep Talk|p1a: Suicune
|move|p1a: Suicune|Calm Mind|p1a: Suicune|[from]Sleep Talk
|-boost|p1a: Suicune|spa|1
|-boost|p1a: Suicune|spd|1
|move|p2a: Porygon2|Thunderbolt|p1a: Suicune
|-supereffective|p1a: Suicune
|-damage|p1a: Suicune|53\/404 slp
|
|turn|26
|
|switch|p1a: Ampharos|Ampharos-Mega, M|294\/383
|-ability|p1a: Ampharos|Mold Breaker
|move|p2a: Porygon2|Toxic|p1a: Ampharos
|-status|p1a: Ampharos|tox
|
|-damage|p1a: Ampharos|271\/383 tox|[from] psn
|turn|27
|
|switch|p2a: Metagross|Metagross, shiny|134\/364
|move|p1a: Ampharos|Rest|p1a: Ampharos
|-status|p1a: Ampharos|slp
|-heal|p1a: Ampharos|383\/383 slp|[silent]
|-status|p1a: Ampharos|slp|[from] move: Rest
|
|turn|28
|
|switch|p1a: Suicune|Suicune|53\/404 slp
|-ability|p1a: Suicune|Pressure
|move|p2a: Metagross|Meteor Mash|p1a: Suicune
|-resisted|p1a: Suicune
|-damage|p1a: Suicune|0 fnt
|faint|p1a: Suicune
|
|
|switch|p1a: Honchkrow|Honchkrow, F|174\/341
|turn|29
|
|switch|p2a: Porygon2|Porygon2|314\/374
|-ability|p2a: Porygon2|Moxie|[from] ability: Trace|[of] p1a: Honchkrow
|move|p1a: Honchkrow|Substitute|p1a: Honchkrow
|-start|p1a: Honchkrow|Substitute
|-damage|p1a: Honchkrow|89\/341
|
|turn|30
|
|move|p1a: Honchkrow|Roost|p1a: Honchkrow
|-heal|p1a: Honchkrow|260\/341
|move|p2a: Porygon2|Thunderbolt|p1a: Honchkrow
|-end|p1a: Honchkrow|Substitute
|
|turn|31
|
|switch|p1a: Ampharos|Ampharos-Mega, M|383\/383 slp
|-ability|p1a: Ampharos|Mold Breaker
|move|p2a: Porygon2|Toxic|p1a: Ampharos
|-fail|p1a: Ampharos
|
|turn|32
|
|switch|p2a: Haxorus|Haxorus, M, shiny|302\/302
|-ability|p2a: Haxorus|Mold Breaker
|cant|p1a: Ampharos|slp
|move|p1a: Ampharos|Sleep Talk|p1a: Ampharos
|move|p1a: Ampharos|Dragon Pulse|p2a: Haxorus|[from]Sleep Talk
|-supereffective|p2a: Haxorus
|-damage|p2a: Haxorus|0 fnt
|faint|p2a: Haxorus
|
|
|switch|p2a: Metagross|Metagross, shiny|134\/364
|turn|33
|
|move|p2a: Metagross|Earthquake|p1a: Ampharos
|-supereffective|p1a: Ampharos
|-damage|p1a: Ampharos|185\/383 slp
|cant|p1a: Ampharos|slp
|move|p1a: Ampharos|Sleep Talk|p1a: Ampharos
|move|p1a: Ampharos|Volt Switch|p2a: Metagross|[from]Sleep Talk
|-damage|p2a: Metagross|44\/364
|
|switch|p1a: Honchkrow|Honchkrow, F|260\/341
|
|turn|34
|
|switch|p2a: Porygon2|Porygon2|314\/374
|-ability|p2a: Porygon2|Moxie|[from] ability: Trace|[of] p1a: Honchkrow
|move|p1a: Honchkrow|Substitute|p1a: Honchkrow
|-start|p1a: Honchkrow|Substitute
|-damage|p1a: Honchkrow|175\/341
|
|turn|35
|
|move|p1a: Honchkrow|Roost|p1a: Honchkrow
|-heal|p1a: Honchkrow|341\/341
|move|p2a: Porygon2|Thunderbolt|p1a: Honchkrow
|-end|p1a: Honchkrow|Substitute
|
|turn|36
|
|switch|p1a: Ampharos|Ampharos-Mega, M|185\/383 slp
|-ability|p1a: Ampharos|Mold Breaker
|move|p2a: Porygon2|Ice Beam|p1a: Ampharos
|-supereffective|p1a: Ampharos
|-damage|p1a: Ampharos|49\/383 slp
|
|turn|37
|
|move|p2a: Porygon2|Ice Beam|p1a: Ampharos
|-supereffective|p1a: Ampharos
|-damage|p1a: Ampharos|0 fnt
|faint|p1a: Ampharos
|-boost|p2a: Porygon2|atk|1|[from] ability: Moxie
|
|
|switch|p1a: Jirachi|Jirachi|75\/341
|turn|38
|c|âSeductiveBadger|Dat Moxie tho
|c|âA-Shwan|lol
|
|move|p1a: Jirachi|Zen Headbutt|p2a: Porygon2
|-crit|p2a: Porygon2
|-damage|p2a: Porygon2|226\/374
|move|p2a: Porygon2|Thunderbolt|p1a: Jirachi
|-damage|p1a: Jirachi|0 fnt
|faint|p1a: Jirachi
|-boost|p2a: Porygon2|atk|1|[from] ability: Moxie
|
|c|âSeductiveBadger|2X ATT
|
|switch|p1a: Honchkrow|Honchkrow, F|341\/341
|turn|39
|
|move|p1a: Honchkrow|Brave Bird|p2a: Porygon2
|-damage|p2a: Porygon2|70\/374
|-damage|p1a: Honchkrow|290\/341|[from] recoil|[of] p2a: Porygon2
|-damage|p1a: Honchkrow|256\/341|[from] item: Life Orb
|move|p2a: Porygon2|Toxic|p1a: Honchkrow
|-status|p1a: Honchkrow|tox
|
|-damage|p1a: Honchkrow|235\/341 tox|[from] psn
|turn|40
|
|move|p1a: Honchkrow|Brave Bird|p2a: Porygon2
|-damage|p2a: Porygon2|0 fnt
|-damage|p1a: Honchkrow|212\/341 tox|[from] recoil|[of] p2a: Porygon2
|-damage|p1a: Honchkrow|178\/341 tox|[from] item: Life Orb
|faint|p2a: Porygon2
|-boost|p1a: Honchkrow|atk|1|[from] ability: Moxie
|
|-damage|p1a: Honchkrow|136\/341 tox|[from] psn
|
|switch|p2a: Metagross|Metagross, shiny|44\/364
|turn|41
|
|move|p1a: Honchkrow|Sucker Punch|p2a: Metagross
|-supereffective|p2a: Metagross
|-damage|p2a: Metagross|0 fnt
|-damage|p1a: Honchkrow|102\/341 tox|[from] item: Life Orb
|faint|p2a: Metagross
|-boost|p1a: Honchkrow|atk|1|[from] ability: Moxie
|
|-damage|p1a: Honchkrow|39\/341 tox|[from] psn
|
|switch|p2a: Rotom-Heat|Rotom-Heat|164\/304
|turn|42
|
|move|p1a: Honchkrow|Sucker Punch|p2a: Rotom-Heat
|-damage|p2a: Rotom-Heat|0 fnt
|-damage|p1a: Honchkrow|5\/341 tox|[from] item: Life Orb
|faint|p2a: Rotom-Heat
|-boost|p1a: Honchkrow|atk|1|[from] ability: Moxie
|
|win|A-Shwan
|raw|Ladder updating...
|raw|A-Shwan's rating: 1352 &rarr; <strong>1375<\/strong><br \/>(+23 for winning)
|raw|SeductiveBadger's rating: 1399 &rarr; <strong>1377<\/strong><br \/>(-22 for losing)
|c|âSeductiveBadger|Gg
|c|âA-Shwan|gg
|leave|SeductiveBadger
|player|p2