|join|A-Shwan
|join|22dula
|player|p1|A-Shwan|29
|player|p2|22dula|101
|gametype|singles
|gen|6
|tier|UU
|rated
|rule|Sleep Clause Mod: Limit one foe put to sleep
|rule|Species Clause: Limit one of each PokÃ©mon
|rule|OHKO Clause: OHKO moves are banned
|rule|Moody Clause: Moody is banned
|rule|Evasion Moves Clause: Evasion moves are banned
|rule|Endless Battle Clause: Forcing endless battles is banned
|rule|HP Percentage Mod: HP is shown in percentages
|clearpoke
|poke|p1|Crobat, M
|poke|p1|Mienshao, M
|poke|p1|Krookodile, M
|poke|p1|Umbreon, M
|poke|p1|Suicune
|poke|p1|Ampharos, M
|poke|p2|Slurpuff, M
|poke|p2|Alakazam, M
|poke|p2|Arcanine, M
|poke|p2|Azelf
|poke|p2|Zoroark, F
|poke|p2|Clawitzer, F
|rule|Swagger Clause: Swagger is banned
|rule|Baton Pass Clause: Limit one PokÃ©mon knowing Baton Pass
|teampreview
|c|âA-Shwan|glhf
|join|baboosh327
|
|start
|switch|p1a: Zappy Pappy|Ampharos, M|383\/383
|switch|p2a: Azelf|Azelf|291\/291
|turn|1
|c|â22dula|u2
|
|detailschange|p1a: Zappy Pappy|Ampharos-Mega, M
|-mega|p1a: Zappy Pappy|Ampharos|Ampharosite
|-ability|p1a: Zappy Pappy|Mold Breaker
|move|p2a: Azelf|Stealth Rock|p1a: Zappy Pappy
|-sidestart|p1: A-Shwan|move: Stealth Rock
|move|p1a: Zappy Pappy|Volt Switch|p2a: Azelf
|-damage|p2a: Azelf|119\/291
|leave|baboosh327
|
|switch|p1a: Whoop Ass|Mienshao, M|271\/271
|-damage|p1a: Whoop Ass|255\/271|[from] Stealth Rock
|
|turn|2
|
|switch|p2a: Arcanine|Arcanine, M|383\/383
|-ability|p2a: Arcanine|Intimidate|[of] p1a: Whoop Ass
|-unboost|p1a: Whoop Ass|atk|1
|move|p1a: Whoop Ass|U-turn|p2a: Arcanine
|-resisted|p2a: Arcanine
|-damage|p2a: Arcanine|361\/383
|-damage|p1a: Whoop Ass|210\/271|[from] item: Rocky Helmet|[of] p2a: Arcanine
|
|switch|p1a: Bob|Suicune|404\/404
|-damage|p1a: Bob|354\/404|[from] Stealth Rock
|-ability|p1a: Bob|Pressure
|
|-heal|p1a: Bob|379\/404|[from] item: Leftovers
|turn|3
|
|move|p2a: Arcanine|Will-O-Wisp|p1a: Bob
|-status|p1a: Bob|brn
|move|p1a: Bob|Scald|p2a: Arcanine
|-supereffective|p2a: Arcanine
|-damage|p2a: Arcanine|167\/383
|
|-heal|p1a: Bob|404\/404 brn|[from] item: Leftovers
|-damage|p1a: Bob|354\/404 brn|[from] brn
|turn|4
|
|switch|p2a: Clawitzer|Clawitzer, F|345\/345
|move|p1a: Bob|Calm Mind|p1a: Bob
|-boost|p1a: Bob|spa|1
|-boost|p1a: Bob|spd|1
|
|-heal|p1a: Bob|379\/404 brn|[from] item: Leftovers
|-damage|p1a: Bob|329\/404 brn|[from] brn
|turn|5
|
|switch|p2a: Azelf|Azelf|119\/291
|move|p1a: Bob|Scald|p2a: Azelf
|-damage|p2a: Azelf|0 fnt
|faint|p2a: Azelf
|
|-heal|p1a: Bob|354\/404 brn|[from] item: Leftovers
|-damage|p1a: Bob|304\/404 brn|[from] brn
|
|switch|p2a: Alakazam|Alakazam, M|251\/251
|turn|6
|
|detailschange|p2a: Alakazam|Alakazam-Mega, M
|-mega|p2a: Alakazam|Alakazam|Alakazite
|-ability|p2a: Alakazam|Pressure|[from] ability: Trace|[of] p1a: Bob
|-ability|p2a: Alakazam|Pressure
|move|p2a: Alakazam|Psyshock|p1a: Bob
|-damage|p1a: Bob|186\/404 brn
|move|p1a: Bob|Scald|p2a: Alakazam
|-damage|p2a: Alakazam|119\/251
|
|-heal|p1a: Bob|211\/404 brn|[from] item: Leftovers
|-damage|p1a: Bob|161\/404 brn|[from] brn
|turn|7
|
|move|p2a: Alakazam|Calm Mind|p2a: Alakazam
|-boost|p2a: Alakazam|spa|1
|-boost|p2a: Alakazam|spd|1
|move|p1a: Bob|Rest|p1a: Bob
|-status|p1a: Bob|slp
|-heal|p1a: Bob|404\/404 slp|[silent]
|-status|p1a: Bob|slp|[from] move: Rest
|
|turn|8
|
|switch|p1a: Blacky Chan|Umbreon, M|394\/394
|-damage|p1a: Blacky Chan|345\/394|[from] Stealth Rock
|move|p2a: Alakazam|Calm Mind|p2a: Alakazam
|-boost|p2a: Alakazam|spa|1
|-boost|p2a: Alakazam|spd|1
|
|-heal|p1a: Blacky Chan|369\/394|[from] item: Leftovers
|turn|9
|
|switch|p2a: Slurpuff|Slurpuff, M|306\/306
|move|p1a: Blacky Chan|Foul Play|p2a: Slurpuff
|-resisted|p2a: Slurpuff
|-damage|p2a: Slurpuff|237\/306
|
|-heal|p1a: Blacky Chan|393\/394|[from] item: Leftovers
|turn|10
|
|switch|p1a: Bruce Wayne|Crobat, M|373\/373
|-damage|p1a: Bruce Wayne|280\/373|[from] Stealth Rock
|move|p2a: Slurpuff|Belly Drum|p2a: Slurpuff
|-damage|p2a: Slurpuff|84\/306
|-setboost|p2a: Slurpuff|atk|6|[from] move: Belly Drum
|-enditem|p2a: Slurpuff|Sitrus Berry|[eat]
|-heal|p2a: Slurpuff|160\/306|[from] item: Sitrus Berry
|
|-heal|p1a: Bruce Wayne|303\/373|[from] item: Black Sludge
|turn|11
|
|move|p2a: Slurpuff|Return|p1a: Bruce Wayne
|-damage|p1a: Bruce Wayne|0 fnt
|faint|p1a: Bruce Wayne
|
|
|switch|p1a: Whoop Ass|Mienshao, M|210\/271
|-damage|p1a: Whoop Ass|194\/271|[from] Stealth Rock
|turn|12
|
|move|p1a: Whoop Ass|High Jump Kick|p2a: Slurpuff
|-resisted|p2a: Slurpuff
|-damage|p2a: Slurpuff|0 fnt
|faint|p2a: Slurpuff
|
|
|switch|p2a: Arcanine|Arcanine, M|167\/383
|-ability|p2a: Arcanine|Intimidate|[of] p1a: Whoop Ass
|-unboost|p1a: Whoop Ass|atk|1
|turn|13
|
|move|p1a: Whoop Ass|High Jump Kick|p2a: Arcanine
|-crit|p2a: Arcanine
|-damage|p2a: Arcanine|0 fnt
|-damage|p1a: Whoop Ass|149\/271|[from] item: Rocky Helmet|[of] p2a: Arcanine
|faint|p2a: Arcanine
|
|
|switch|p2a: Clawitzer|Clawitzer, F|345\/345
|turn|14
|
|switch|p1a: Zappy Pappy|Ampharos-Mega, M|383\/383
|-damage|p1a: Zappy Pappy|336\/383|[from] Stealth Rock
|-ability|p1a: Zappy Pappy|Mold Breaker
|move|p2a: Clawitzer|Aura Sphere|p1a: Zappy Pappy
|-damage|p1a: Zappy Pappy|208\/383
|
|turn|15
|
|switch|p1a: Bob|Suicune|404\/404 slp
|-damage|p1a: Bob|354\/404 slp|[from] Stealth Rock
|-ability|p1a: Bob|Pressure
|move|p2a: Clawitzer|Ice Beam|p1a: Bob
|-resisted|p1a: Bob
|-damage|p1a: Bob|306\/404 slp
|
|-heal|p1a: Bob|331\/404 slp|[from] item: Leftovers
|turn|16
|
|cant|p1a: Bob|slp
|move|p1a: Bob|Sleep Talk|p1a: Bob
|move|p1a: Bob|Rest|p1a: Bob|[from]Sleep Talk
|-fail|p1a: Bob
|move|p2a: Clawitzer|Dark Pulse|p1a: Bob
|-damage|p1a: Bob|208\/404 slp
|
|-heal|p1a: Bob|233\/404 slp|[from] item: Leftovers
|turn|17
|
|cant|p1a: Bob|slp
|move|p1a: Bob|Sleep Talk|p1a: Bob
|move|p1a: Bob|Rest|p1a: Bob|[from]Sleep Talk
|-fail|p1a: Bob
|move|p2a: Clawitzer|Dark Pulse|p1a: Bob
|-damage|p1a: Bob|101\/404 slp
|
|-heal|p1a: Bob|126\/404 slp|[from] item: Leftovers
|turn|18
|
|switch|p2a: Alakazam|Alakazam-Mega, M|261\/261
|-curestatus|p1a: Bob|slp
|move|p1a: Bob|Rest|p1a: Bob
|-status|p1a: Bob|slp
|-heal|p1a: Bob|404\/404 slp|[silent]
|-status|p1a: Bob|slp|[from] move: Rest
|
|turn|19
|
|move|p2a: Alakazam|Nasty Plot|p2a: Alakazam
|-boost|p2a: Alakazam|spa|2
|cant|p1a: Bob|slp
|move|p1a: Bob|Sleep Talk|p1a: Bob
|move|p1a: Bob|Scald|p2a: Alakazam|[from]Sleep Talk
|replace|p2a: Zoroark|Zoroark, F|261\/261
|-damage|p2a: Zoroark|125\/261
|
|turn|20
|
|move|p2a: Zoroark|Dark Pulse|p1a: Bob
|-damage|p1a: Bob|88\/404 slp
|-damage|p2a: Zoroark|99\/261|[from] item: Life Orb
|cant|p1a: Bob|slp
|cant|p1a: Bob|flinch
|
|-heal|p1a: Bob|113\/404 slp|[from] item: Leftovers
|turn|21
|
|move|p2a: Zoroark|Dark Pulse|p1a: Bob
|-damage|p1a: Bob|0 fnt
|-damage|p2a: Zoroark|73\/261|[from] item: Life Orb
|faint|p1a: Bob
|
|
|switch|p1a: Whoop Ass|Mienshao, M|149\/271
|-damage|p1a: Whoop Ass|133\/271|[from] Stealth Rock
|turn|22
|
|move|p2a: Zoroark|Sucker Punch|p1a: Whoop Ass
|-resisted|p1a: Whoop Ass
|-damage|p1a: Whoop Ass|33\/271
|-damage|p2a: Zoroark|47\/261|[from] item: Life Orb
|move|p1a: Whoop Ass|U-turn|p2a: Zoroark
|-supereffective|p2a: Zoroark
|-damage|p2a: Zoroark|0 fnt
|faint|p2a: Zoroark
|
|switch|p1a: Blacky Chan|Umbreon, M|393\/394
|-damage|p1a: Blacky Chan|344\/394|[from] Stealth Rock
|
|-heal|p1a: Blacky Chan|368\/394|[from] item: Leftovers
|
|switch|p2a: Clawitzer|Clawitzer, F|345\/345
|turn|23
|
|switch|p1a: Zappy Pappy|Ampharos-Mega, M|208\/383
|-damage|p1a: Zappy Pappy|161\/383|[from] Stealth Rock
|-ability|p1a: Zappy Pappy|Mold Breaker
|move|p2a: Clawitzer|Aura Sphere|p1a: Zappy Pappy
|-damage|p1a: Zappy Pappy|19\/383
|
|turn|24
|
|move|p2a: Clawitzer|Ice Beam|p1a: Zappy Pappy
|-supereffective|p1a: Zappy Pappy
|-damage|p1a: Zappy Pappy|0 fnt
|faint|p1a: Zappy Pappy
|
|
|switch|p1a: Schlong Head|Krookodile, M|332\/332
|-damage|p1a: Schlong Head|312\/332|[from] Stealth Rock
|-ability|p1a: Schlong Head|Intimidate|[of] p2a: Clawitzer
|-unboost|p2a: Clawitzer|atk|1
|turn|25
|
|move|p1a: Schlong Head|Earthquake|p2a: Clawitzer
|-damage|p2a: Clawitzer|65\/345
|move|p2a: Clawitzer|Scald|p1a: Schlong Head
|-supereffective|p1a: Schlong Head
|-damage|p1a: Schlong Head|0 fnt
|faint|p1a: Schlong Head
|
|
|switch|p1a: Blacky Chan|Umbreon, M|368\/394
|-damage|p1a: Blacky Chan|319\/394|[from] Stealth Rock
|turn|26
|
|move|p1a: Blacky Chan|Foul Play|p2a: Clawitzer
|-damage|p2a: Clawitzer|11\/345
|move|p2a: Clawitzer|Aura Sphere|p1a: Blacky Chan
|-supereffective|p1a: Blacky Chan
|-damage|p1a: Blacky Chan|131\/394
|
|-heal|p1a: Blacky Chan|155\/394|[from] item: Leftovers
|turn|27
|
|move|p1a: Blacky Chan|Foul Play|p2a: Clawitzer
|-damage|p2a: Clawitzer|0 fnt
|faint|p2a: Clawitzer
|
|-heal|p1a: Blacky Chan|179\/394|[from] item: Leftovers
|
|switch|p2a: Alakazam|Alakazam-Mega, M|119\/251
|-ability|p2a: Alakazam|Synchronize|[from] ability: Trace|[of] p1a: Blacky Chan
|turn|28
|
|move|p2a: Alakazam|Focus Blast|p1a: Blacky Chan
|-crit|p1a: Blacky Chan
|-supereffective|p1a: Blacky Chan
|-damage|p1a: Blacky Chan|0 fnt
|faint|p1a: Blacky Chan
|
|
|switch|p1a: Whoop Ass|Mienshao, M|33\/271
|-damage|p1a: Whoop Ass|17\/271|[from] Stealth Rock
|turn|29
|
|move|p1a: Whoop Ass|High Jump Kick|p2a: Alakazam
|-resisted|p2a: Alakazam
|-damage|p2a: Alakazam|0 fnt
|faint|p2a: Alakazam
|
|win|A-Shwan
|raw|Ladder updating...
|raw|A-Shwan's rating: 1472 &rarr; <strong>1492<\/strong><br \/>(+20 for winning)
|raw|22dula's rating: 1471 &rarr; <strong>1451<\/strong><br \/>(-20 for losing)
|c|âA-Shwan|gg
|c|â22dula|gg