|join|A-Shwan
|join|Saumbohdhe
|player|p1|A-Shwan|29
|player|p2|Saumbohdhe|196
|gametype|singles
|gen|6
|tier|UU
|rated
|rule|Sleep Clause Mod: Limit one foe put to sleep
|rule|Species Clause: Limit one of each PokÃ©mon
|rule|OHKO Clause: OHKO moves are banned
|rule|Moody Clause: Moody is banned
|rule|Evasion Moves Clause: Evasion moves are banned
|rule|Endless Battle Clause: Forcing endless battles is banned
|rule|HP Percentage Mod: HP is shown in percentages
|clearpoke
|poke|p1|Mienshao, M
|poke|p1|Krookodile, M
|poke|p1|Togekiss, F
|poke|p1|Crobat, M
|poke|p1|Suicune
|poke|p1|Ampharos, M
|poke|p2|Dugtrio, M
|poke|p2|Lucario, M
|poke|p2|Forretress, M
|poke|p2|Gastrodon, M
|poke|p2|Raikou, shiny
|poke|p2|Snorlax, F, shiny
|rule|Swagger Clause: Swagger is banned
|rule|Baton Pass Clause: Limit one PokÃ©mon knowing Baton Pass
|teampreview
|
|start
|switch|p1a: Ampharos|Ampharos, M|383\/383
|switch|p2a: Forretress|Forretress, M|354\/354
|turn|1
|
|switch|p2a: Dugtrio|Dugtrio, M|212\/212
|detailschange|p1a: Ampharos|Ampharos-Mega, M
|message|Ampharos has Mega Evolved into Mega Ampharos!
|-ability|p1a: Ampharos|Mold Breaker
|move|p1a: Ampharos|Dragon Pulse|p2a: Dugtrio
|-enditem|p2a: Dugtrio|Focus Sash
|-damage|p2a: Dugtrio|1\/212
|
|turn|2
|
|move|p2a: Dugtrio|Earthquake|p1a: Ampharos
|-supereffective|p1a: Ampharos
|-damage|p1a: Ampharos|203\/383
|move|p1a: Ampharos|Dragon Pulse|p2a: Dugtrio
|-damage|p2a: Dugtrio|0 fnt
|faint|p2a: Dugtrio
|
|
|switch|p2a: Snorlax|Snorlax, F, shiny|497\/497
|turn|3
|
|move|p1a: Ampharos|Volt Switch|p2a: Snorlax
|-damage|p2a: Snorlax|391\/497
|
|switch|p1a: Krookodile|Krookodile, M|332\/332
|-ability|p1a: Krookodile|Intimidate|[of] p2a: Snorlax
|-unboost|p2a: Snorlax|atk|1
|move|p2a: Snorlax|Body Slam|p1a: Krookodile
|-damage|p1a: Krookodile|241\/332
|
|-heal|p2a: Snorlax|422\/497|[from] item: Leftovers
|turn|4
|
|switch|p2a: Gastrodon|Gastrodon, M|426\/426
|move|p1a: Krookodile|Earthquake|p2a: Gastrodon
|-damage|p2a: Gastrodon|213\/426
|
|-heal|p2a: Gastrodon|239\/426|[from] item: Leftovers
|turn|5
|
|switch|p1a: Ampharos|Ampharos-Mega, M|203\/383
|-ability|p1a: Ampharos|Mold Breaker
|move|p2a: Gastrodon|Recover|p2a: Gastrodon
|-heal|p2a: Gastrodon|426\/426
|
|turn|6
|
|switch|p2a: Raikou|Raikou, shiny|329\/329
|-ability|p2a: Raikou|Pressure
|move|p1a: Ampharos|Rest|p1a: Ampharos
|-status|p1a: Ampharos|slp
|-heal|p1a: Ampharos|383\/383 slp|[silent]
|-status|p1a: Ampharos|slp|[from] move: Rest
|
|turn|7
|
|move|p2a: Raikou|Substitute|p2a: Raikou
|-start|p2a: Raikou|Substitute
|-damage|p2a: Raikou|247\/329
|cant|p1a: Ampharos|slp
|move|p1a: Ampharos|Sleep Talk|p1a: Ampharos
|move|p1a: Ampharos|Rest|p1a: Ampharos|[from]Sleep Talk
|-fail|p1a: Ampharos
|
|-heal|p2a: Raikou|267\/329|[from] item: Leftovers
|turn|8
|
|move|p2a: Raikou|Calm Mind|p2a: Raikou
|-boost|p2a: Raikou|spa|1
|-boost|p2a: Raikou|spd|1
|cant|p1a: Ampharos|slp
|move|p1a: Ampharos|Sleep Talk|p1a: Ampharos
|move|p1a: Ampharos|Dragon Pulse|p2a: Raikou|[from]Sleep Talk
|-end|p2a: Raikou|Substitute
|
|-heal|p2a: Raikou|287\/329|[from] item: Leftovers
|turn|9
|
|move|p2a: Raikou|Calm Mind|p2a: Raikou
|-boost|p2a: Raikou|spa|1
|-boost|p2a: Raikou|spd|1
|-curestatus|p1a: Ampharos|slp
|move|p1a: Ampharos|Dragon Pulse|p2a: Raikou
|-damage|p2a: Raikou|211\/329
|
|-heal|p2a: Raikou|231\/329|[from] item: Leftovers
|turn|10
|
|switch|p1a: Crobat|Crobat, M|373\/373
|move|p2a: Raikou|Substitute|p2a: Raikou
|-start|p2a: Raikou|Substitute
|-damage|p2a: Raikou|149\/329
|
|-heal|p2a: Raikou|169\/329|[from] item: Leftovers
|turn|11
|
|move|p1a: Crobat|Brave Bird|p2a: Raikou
|-resisted|p2a: Raikou
|-damage|p2a: Raikou|86\/329
|-damage|p1a: Crobat|346\/373|[from] recoil|[of] p2a: Raikou
|move|p2a: Raikou|Thunderbolt|p1a: Crobat
|-supereffective|p1a: Crobat
|-damage|p1a: Crobat|0 fnt
|faint|p1a: Crobat
|
|-heal|p2a: Raikou|106\/329|[from] item: Leftovers
|
|switch|p1a: Ampharos|Ampharos-Mega, M|383\/383
|-ability|p1a: Ampharos|Mold Breaker
|turn|12
|
|move|p2a: Raikou|Hidden Power|p1a: Ampharos
|-supereffective|p1a: Ampharos
|-damage|p1a: Ampharos|153\/383
|move|p1a: Ampharos|Dragon Pulse|p2a: Raikou
|-activate|p2a: Raikou|Substitute|[damage]
|
|-heal|p2a: Raikou|126\/329|[from] item: Leftovers
|turn|13
|
|move|p2a: Raikou|Hidden Power|p1a: Ampharos
|-supereffective|p1a: Ampharos
|-damage|p1a: Ampharos|0 fnt
|faint|p1a: Ampharos
|
|-heal|p2a: Raikou|146\/329|[from] item: Leftovers
|
|switch|p1a: Mienshao|Mienshao, M|271\/271
|turn|14
|
|move|p1a: Mienshao|U-turn|p2a: Raikou
|-end|p2a: Raikou|Substitute
|
|switch|p1a: Krookodile|Krookodile, M|241\/332
|-ability|p1a: Krookodile|Intimidate|[of] p2a: Raikou
|-unboost|p2a: Raikou|atk|1
|move|p2a: Raikou|Thunderbolt|p1a: Krookodile
|-immune|p1a: Krookodile|[msg]
|
|-heal|p2a: Raikou|166\/329|[from] item: Leftovers
|turn|15
|
|move|p2a: Raikou|Hidden Power|p1a: Krookodile
|-supereffective|p1a: Krookodile
|-damage|p1a: Krookodile|0 fnt
|faint|p1a: Krookodile
|
|-heal|p2a: Raikou|186\/329|[from] item: Leftovers
|
|switch|p1a: Mienshao|Mienshao, M|271\/271
|turn|16
|
|switch|p2a: Forretress|Forretress, M|354\/354
|move|p1a: Mienshao|High Jump Kick|p2a: Forretress
|-damage|p2a: Forretress|207\/354
|
|-heal|p2a: Forretress|229\/354|[from] item: Leftovers
|turn|17
|
|move|p1a: Mienshao|High Jump Kick|p2a: Forretress
|-damage|p2a: Forretress|88\/354
|move|p2a: Forretress|Gyro Ball|p1a: Mienshao
|-damage|p1a: Mienshao|39\/271
|
|-heal|p2a: Forretress|110\/354|[from] item: Leftovers
|turn|18
|
|move|p1a: Mienshao|High Jump Kick|p2a: Forretress
|-damage|p2a: Forretress|0 fnt
|faint|p2a: Forretress
|
|
|switch|p2a: Lucario|Lucario, M|281\/281
|turn|19
|
|switch|p1a: Togekiss|Togekiss, F|373\/373
|move|p2a: Lucario|Extreme Speed|p1a: Togekiss
|-damage|p1a: Togekiss|263\/373
|-damage|p2a: Lucario|253\/281|[from] item: Life Orb
|
|-heal|p1a: Togekiss|286\/373|[from] item: Leftovers
|turn|20
|
|switch|p2a: Gastrodon|Gastrodon, M|426\/426
|switch|p1a: Mienshao|Mienshao, M|39\/271
|
|turn|21
|
|move|p1a: Mienshao|High Jump Kick|p2a: Gastrodon
|-damage|p2a: Gastrodon|161\/426
|move|p2a: Gastrodon|Earth Power|p1a: Mienshao
|-damage|p1a: Mienshao|0 fnt
|faint|p1a: Mienshao
|
|-heal|p2a: Gastrodon|187\/426|[from] item: Leftovers
|
|switch|p1a: Togekiss|Togekiss, F|286\/373
|turn|22
|
|move|p1a: Togekiss|Air Slash|p2a: Gastrodon
|-damage|p2a: Gastrodon|55\/426
|cant|p2a: Gastrodon|flinch
|
|-heal|p1a: Togekiss|309\/373|[from] item: Leftovers
|-heal|p2a: Gastrodon|81\/426|[from] item: Leftovers
|turn|23
|
|move|p1a: Togekiss|Air Slash|p2a: Gastrodon
|-damage|p2a: Gastrodon|0 fnt
|faint|p2a: Gastrodon
|
|-heal|p1a: Togekiss|332\/373|[from] item: Leftovers
|
|switch|p2a: Snorlax|Snorlax, F, shiny|422\/497
|turn|24
|
|switch|p1a: Suicune|Suicune|404\/404
|-ability|p1a: Suicune|Pressure
|move|p2a: Snorlax|Body Slam|p1a: Suicune
|-damage|p1a: Suicune|335\/404
|
|-heal|p1a: Suicune|360\/404|[from] item: Leftovers
|-heal|p2a: Snorlax|453\/497|[from] item: Leftovers
|turn|25
|
|switch|p2a: Raikou|Raikou, shiny|186\/329
|-ability|p2a: Raikou|Pressure
|move|p1a: Suicune|Calm Mind|p1a: Suicune
|-boost|p1a: Suicune|spa|1
|-boost|p1a: Suicune|spd|1
|
|-heal|p2a: Raikou|206\/329|[from] item: Leftovers
|-heal|p1a: Suicune|385\/404|[from] item: Leftovers
|turn|26
|
|move|p2a: Raikou|Calm Mind|p2a: Raikou
|-boost|p2a: Raikou|spa|1
|-boost|p2a: Raikou|spd|1
|move|p1a: Suicune|Calm Mind|p1a: Suicune
|-boost|p1a: Suicune|spa|1
|-boost|p1a: Suicune|spd|1
|
|-heal|p2a: Raikou|226\/329|[from] item: Leftovers
|-heal|p1a: Suicune|404\/404|[from] item: Leftovers
|turn|27
|
|move|p2a: Raikou|Calm Mind|p2a: Raikou
|-boost|p2a: Raikou|spa|1
|-boost|p2a: Raikou|spd|1
|move|p1a: Suicune|Scald|p2a: Raikou
|-damage|p2a: Raikou|138\/329
|
|-heal|p2a: Raikou|158\/329|[from] item: Leftovers
|turn|28
|
|move|p2a: Raikou|Thunderbolt|p1a: Suicune
|-supereffective|p1a: Suicune
|-damage|p1a: Suicune|144\/404
|move|p1a: Suicune|Scald|p2a: Raikou
|-damage|p2a: Raikou|77\/329
|
|-heal|p2a: Raikou|97\/329|[from] item: Leftovers
|-heal|p1a: Suicune|169\/404|[from] item: Leftovers
|turn|29
|c|âA-Shwan|gg
|
|move|p2a: Raikou|Thunderbolt|p1a: Suicune
|-supereffective|p1a: Suicune
|-damage|p1a: Suicune|0 fnt
|faint|p1a: Suicune
|
|-heal|p2a: Raikou|117\/329|[from] item: Leftovers
|
|switch|p1a: Togekiss|Togekiss, F|332\/373
|turn|30
|
|move|p2a: Raikou|Thunderbolt|p1a: Togekiss
|-supereffective|p1a: Togekiss
|-damage|p1a: Togekiss|0 fnt
|faint|p1a: Togekiss
|
|win|Saumbohdhe
|raw|Ladder updating...
|raw|A-Shwan's rating: 1517 &rarr; <strong>1489<\/strong><br \/>(-28 for losing)
|raw|Saumbohdhe's rating: 1374 &rarr; <strong>1401<\/strong><br \/>(+27 for winning)
|c|âSaumbohdhe|gg
|leave|A-Shwan
|player|p1