|join|A-Shwan
|join|boss dj
|player|p1|A-Shwan|29
|player|p2|boss dj|163
|gametype|singles
|gen|6
|tier|UU
|rated
|rule|Sleep Clause Mod: Limit one foe put to sleep
|rule|Species Clause: Limit one of each PokÃ©mon
|rule|OHKO Clause: OHKO moves are banned
|rule|Moody Clause: Moody is banned
|rule|Evasion Moves Clause: Evasion moves are banned
|rule|Endless Battle Clause: Forcing endless battles is banned
|rule|HP Percentage Mod: HP is shown in percentages
|clearpoke
|poke|p1|Mienshao, M
|poke|p1|Krookodile, M
|poke|p1|Crobat, M
|poke|p1|Suicune
|poke|p1|Ampharos, M
|poke|p1|Umbreon, M
|poke|p2|Aggron, F
|poke|p2|Tentacruel, M
|poke|p2|Chesnaught, F
|poke|p2|Flygon, M
|poke|p2|Porygon-Z
|poke|p2|Galvantula, M
|rule|Swagger Clause: Swagger is banned
|rule|Baton Pass Clause: Limit one PokÃ©mon knowing Baton Pass
|teampreview
|c|âA-Shwan|glhf
|
|start
|switch|p1a: Zappy Pappy|Ampharos, M|383\/383
|switch|p2a: Aggron|Aggron, F|344\/344
|turn|1
|c|âboss dj|u2
|
|detailschange|p1a: Zappy Pappy|Ampharos-Mega, M
|-mega|p1a: Zappy Pappy|Ampharos|Ampharosite
|-ability|p1a: Zappy Pappy|Mold Breaker
|detailschange|p2a: Aggron|Aggron-Mega, F
|-mega|p2a: Aggron|Aggron|Aggronite
|move|p1a: Zappy Pappy|Volt Switch|p2a: Aggron
|-damage|p2a: Aggron|221\/344
|
|switch|p1a: Bob|Suicune|404\/404
|-ability|p1a: Bob|Pressure
|move|p2a: Aggron|Thunder Wave|p1a: Bob
|-status|p1a: Bob|par
|
|turn|2
|
|switch|p2a: Porygon-Z|Porygon-Z|373\/373
|-boost|p2a: Porygon-Z|spa|1|[from] ability: Download
|move|p1a: Bob|Scald|p2a: Porygon-Z
|-damage|p2a: Porygon-Z|273\/373
|
|turn|3
|
|switch|p1a: Blacky Chan|Umbreon, M|394\/394
|move|p2a: Porygon-Z|Tri Attack|p1a: Blacky Chan
|-damage|p1a: Blacky Chan|174\/394
|
|-heal|p1a: Blacky Chan|198\/394|[from] item: Leftovers
|turn|4
|
|move|p1a: Blacky Chan|Protect|p1a: Blacky Chan
|-singleturn|p1a: Blacky Chan|Protect
|move|p2a: Porygon-Z|Tri Attack|p1a: Blacky Chan
|-activate|p1a: Blacky Chan|Protect
|
|-heal|p1a: Blacky Chan|222\/394|[from] item: Leftovers
|turn|5
|
|switch|p2a: Aggron|Aggron-Mega, F|221\/344
|move|p1a: Blacky Chan|Wish|p1a: Blacky Chan
|
|-heal|p1a: Blacky Chan|246\/394|[from] item: Leftovers
|turn|6
|
|move|p1a: Blacky Chan|Foul Play|p2a: Aggron
|-damage|p2a: Aggron|160\/344
|move|p2a: Aggron|Iron Head|p1a: Blacky Chan
|-damage|p1a: Blacky Chan|125\/394
|
|-heal|p1a: Blacky Chan|322\/394|[from] move: Wish|[wisher] Blacky Chan
|-heal|p1a: Blacky Chan|346\/394|[from] item: Leftovers
|turn|7
|
|move|p1a: Blacky Chan|Heal Bell|p1a: Blacky Chan
|-cureteam|p1a: Blacky Chan|[from] move: HealBell
|move|p2a: Aggron|Stealth Rock|p1a: Blacky Chan
|-sidestart|p1: A-Shwan|move: Stealth Rock
|
|-heal|p1a: Blacky Chan|370\/394|[from] item: Leftovers
|turn|8
|
|switch|p2a: Nirvana|Chesnaught, F|380\/380
|move|p1a: Blacky Chan|Wish|p1a: Blacky Chan
|
|-heal|p1a: Blacky Chan|394\/394|[from] item: Leftovers
|turn|9
|
|switch|p1a: Bruce Wayne|Crobat, M|373\/373
|-damage|p1a: Bruce Wayne|280\/373|[from] Stealth Rock
|move|p2a: Nirvana|Leech Seed|p1a: Bruce Wayne
|-start|p1a: Bruce Wayne|move: Leech Seed
|
|-heal|p1a: Bruce Wayne|373\/373|[from] move: Wish|[wisher] Blacky Chan
|-damage|p1a: Bruce Wayne|327\/373|[from] Leech Seed|[of] p2a: Nirvana
|turn|10
|
|move|p2a: Nirvana|Spiky Shield|p2a: Nirvana
|-singleturn|p2a: Nirvana|move: Protect
|move|p1a: Bruce Wayne|Defog|p2a: Nirvana
|-activate|p2a: Nirvana|move: Protect
|
|-heal|p1a: Bruce Wayne|350\/373|[from] item: Black Sludge
|-damage|p1a: Bruce Wayne|304\/373|[from] Leech Seed|[of] p2a: Nirvana
|turn|11
|
|switch|p2a: Aggron|Aggron-Mega, F|160\/344
|move|p1a: Bruce Wayne|Brave Bird|p2a: Aggron
|-resisted|p2a: Aggron
|-damage|p2a: Aggron|128\/344
|-damage|p1a: Bruce Wayne|293\/373|[from] recoil|[of] p2a: Aggron
|
|-heal|p1a: Bruce Wayne|316\/373|[from] item: Black Sludge
|-damage|p1a: Bruce Wayne|270\/373|[from] Leech Seed|[of] p2a: Aggron
|-heal|p2a: Aggron|174\/344|[silent]
|turn|12
|
|move|p1a: Bruce Wayne|U-turn|p2a: Aggron
|-resisted|p2a: Aggron
|-damage|p2a: Aggron|162\/344
|
|switch|p1a: Bob|Suicune|404\/404
|-damage|p1a: Bob|354\/404|[from] Stealth Rock
|-ability|p1a: Bob|Pressure
|move|p2a: Aggron|Thunder Wave|p1a: Bob
|-status|p1a: Bob|par
|
|-heal|p1a: Bob|379\/404 par|[from] item: Leftovers
|turn|13
|
|switch|p2a: Porygon-Z|Porygon-Z|273\/373
|-boost|p2a: Porygon-Z|spa|1|[from] ability: Download
|switch|p1a: Whoop Ass|Mienshao, M|271\/271
|-damage|p1a: Whoop Ass|255\/271|[from] Stealth Rock
|
|turn|14
|
|switch|p2a: Aggron|Aggron-Mega, F|162\/344
|move|p1a: Whoop Ass|High Jump Kick|p2a: Aggron
|-supereffective|p2a: Aggron
|-damage|p2a: Aggron|0 fnt
|faint|p2a: Aggron
|
|
|switch|p2a: Raw|Flygon, M|302\/302
|turn|15
|
|move|p1a: Whoop Ass|High Jump Kick|p2a: Raw
|-damage|p2a: Raw|0 fnt
|faint|p2a: Raw
|
|
|switch|p2a: Nirvana|Chesnaught, F|380\/380
|turn|16
|
|switch|p1a: Bruce Wayne|Crobat, M|270\/373
|-damage|p1a: Bruce Wayne|177\/373|[from] Stealth Rock
|move|p2a: Nirvana|Leech Seed|p1a: Bruce Wayne
|-start|p1a: Bruce Wayne|move: Leech Seed
|
|-heal|p1a: Bruce Wayne|200\/373|[from] item: Black Sludge
|-damage|p1a: Bruce Wayne|154\/373|[from] Leech Seed|[of] p2a: Nirvana
|turn|17
|
|move|p2a: Nirvana|Spiky Shield|p2a: Nirvana
|-singleturn|p2a: Nirvana|move: Protect
|move|p1a: Bruce Wayne|Roost|p1a: Bruce Wayne
|-heal|p1a: Bruce Wayne|341\/373
|
|-heal|p1a: Bruce Wayne|364\/373|[from] item: Black Sludge
|-damage|p1a: Bruce Wayne|318\/373|[from] Leech Seed|[of] p2a: Nirvana
|turn|18
|
|switch|p2a: Porygon-Z|Porygon-Z|273\/373
|-boost|p2a: Porygon-Z|atk|1|[from] ability: Download
|move|p1a: Bruce Wayne|Defog|p2a: Porygon-Z
|-unboost|p2a: Porygon-Z|evasion|1
|-sideend|p1: A-Shwan|Stealth Rock|[from] move: Defog|[of] p1a: Bruce Wayne
|
|-heal|p1a: Bruce Wayne|341\/373|[from] item: Black Sludge
|-damage|p1a: Bruce Wayne|295\/373|[from] Leech Seed|[of] p2a: Porygon-Z
|-heal|p2a: Porygon-Z|319\/373|[silent]
|turn|19
|
|switch|p1a: Blacky Chan|Umbreon, M|394\/394
|move|p2a: Porygon-Z|Tri Attack|p1a: Blacky Chan
|-damage|p1a: Blacky Chan|243\/394
|
|-heal|p1a: Blacky Chan|267\/394|[from] item: Leftovers
|turn|20
|
|switch|p2a: Nirvana|Chesnaught, F|380\/380
|move|p1a: Blacky Chan|Wish|p1a: Blacky Chan
|
|-heal|p1a: Blacky Chan|291\/394|[from] item: Leftovers
|turn|21
|
|switch|p1a: Bruce Wayne|Crobat, M|295\/373
|switch|p2a: AcDc|Galvantula, M|282\/282
|
|-heal|p1a: Bruce Wayne|373\/373|[from] move: Wish|[wisher] Blacky Chan
|turn|22
|
|move|p1a: Bruce Wayne|Brave Bird|p2a: AcDc
|-damage|p2a: AcDc|75\/282
|-damage|p1a: Bruce Wayne|305\/373|[from] recoil|[of] p2a: AcDc
|move|p2a: AcDc|Volt Switch|p1a: Bruce Wayne
|-supereffective|p1a: Bruce Wayne
|-damage|p1a: Bruce Wayne|65\/373
|
|switch|p2a: Porygon-Z|Porygon-Z|319\/373
|-boost|p2a: Porygon-Z|atk|1|[from] ability: Download
|
|-heal|p1a: Bruce Wayne|88\/373|[from] item: Black Sludge
|turn|23
|
|move|p1a: Bruce Wayne|Brave Bird|p2a: Porygon-Z
|-damage|p2a: Porygon-Z|144\/373
|-damage|p1a: Bruce Wayne|30\/373|[from] recoil|[of] p2a: Porygon-Z
|move|p2a: Porygon-Z|Tri Attack|p1a: Bruce Wayne
|-damage|p1a: Bruce Wayne|0 fnt
|faint|p1a: Bruce Wayne
|
|
|switch|p1a: Whoop Ass|Mienshao, M|255\/271
|turn|24
|
|switch|p2a: Tentacruel|Tentacruel, M|364\/364
|move|p1a: Whoop Ass|High Jump Kick|p2a: Tentacruel|[miss]
|-miss|p1a: Whoop Ass|p2a: Tentacruel
|-damage|p1a: Whoop Ass|120\/271|[from] highjumpkick
|
|turn|25
|
|switch|p1a: Zappy Pappy|Ampharos-Mega, M|383\/383
|-ability|p1a: Zappy Pappy|Mold Breaker
|move|p2a: Tentacruel|Toxic Spikes|p1a: Zappy Pappy
|-sidestart|p1: A-Shwan|move: Toxic Spikes
|
|turn|26
|
|move|p2a: Tentacruel|Toxic Spikes|p1a: Zappy Pappy
|-sidestart|p1: A-Shwan|move: Toxic Spikes
|move|p1a: Zappy Pappy|Volt Switch|p2a: Tentacruel
|-supereffective|p2a: Tentacruel
|-damage|p2a: Tentacruel|202\/364
|
|switch|p1a: Schlong Head|Krookodile, M|332\/332
|-status|p1a: Schlong Head|tox
|-ability|p1a: Schlong Head|Intimidate|[of] p2a: Tentacruel
|-fail|p2a: Tentacruel|unboost|[from] ability: Clear Body|[of] p2a: Tentacruel
|
|-heal|p2a: Tentacruel|224\/364|[from] item: Black Sludge
|-damage|p1a: Schlong Head|312\/332 tox|[from] psn
|turn|27
|
|move|p1a: Schlong Head|Pursuit|p2a: Tentacruel|[from]Pursuit
|-damage|p2a: Tentacruel|0 fnt
|faint|p2a: Tentacruel
|
|-damage|p1a: Schlong Head|272\/332 tox|[from] psn
|
|switch|p2a: AcDc|Galvantula, M|75\/282
|turn|28
|
|switch|p1a: Zappy Pappy|Ampharos-Mega, M|383\/383
|-status|p1a: Zappy Pappy|tox
|-ability|p1a: Zappy Pappy|Mold Breaker
|move|p2a: AcDc|Sticky Web|p1a: Zappy Pappy
|-sidestart|p1: A-Shwan|move: Sticky Web
|
|-damage|p1a: Zappy Pappy|360\/383 tox|[from] psn
|turn|29
|
|switch|p2a: Nirvana|Chesnaught, F|380\/380
|move|p1a: Zappy Pappy|Dragon Pulse|p2a: Nirvana
|-damage|p2a: Nirvana|196\/380
|
|-heal|p2a: Nirvana|219\/380|[from] item: Leftovers
|-damage|p1a: Zappy Pappy|314\/383 tox|[from] psn
|turn|30
|
|move|p2a: Nirvana|Leech Seed|p1a: Zappy Pappy
|-start|p1a: Zappy Pappy|move: Leech Seed
|move|p1a: Zappy Pappy|Dragon Pulse|p2a: Nirvana
|-damage|p2a: Nirvana|33\/380
|
|-heal|p2a: Nirvana|56\/380|[from] item: Leftovers
|-damage|p1a: Zappy Pappy|267\/383 tox|[from] Leech Seed|[of] p2a: Nirvana
|-heal|p2a: Nirvana|103\/380|[silent]
|-damage|p1a: Zappy Pappy|198\/383 tox|[from] psn
|turn|31
|
|switch|p1a: Blacky Chan|Umbreon, M|291\/394
|-status|p1a: Blacky Chan|tox
|-activate|p1a: Blacky Chan|move: Sticky Web
|-unboost|p1a: Blacky Chan|spe|1
|move|p2a: Nirvana|Spiky Shield|p2a: Nirvana
|-fail|p2a: Nirvana
|
|-heal|p2a: Nirvana|126\/380|[from] item: Leftovers
|-heal|p1a: Blacky Chan|315\/394 tox|[from] item: Leftovers
|-damage|p1a: Blacky Chan|291\/394 tox|[from] psn
|turn|32
|
|switch|p2a: AcDc|Galvantula, M|75\/282
|switch|p1a: Zappy Pappy|Ampharos-Mega, M|198\/383 tox
|-activate|p1a: Zappy Pappy|move: Sticky Web
|-unboost|p1a: Zappy Pappy|spe|1
|-ability|p1a: Zappy Pappy|Mold Breaker
|
|-damage|p1a: Zappy Pappy|175\/383 tox|[from] psn
|turn|33
|
|move|p2a: AcDc|Bug Buzz|p1a: Zappy Pappy
|-damage|p1a: Zappy Pappy|58\/383 tox
|move|p1a: Zappy Pappy|Rest|p1a: Zappy Pappy
|-status|p1a: Zappy Pappy|slp
|-heal|p1a: Zappy Pappy|383\/383 slp|[silent]
|-status|p1a: Zappy Pappy|slp|[from] move: Rest
|
|turn|34
|
|move|p2a: AcDc|Bug Buzz|p1a: Zappy Pappy
|-damage|p1a: Zappy Pappy|265\/383 slp
|cant|p1a: Zappy Pappy|slp
|move|p1a: Zappy Pappy|Sleep Talk|p1a: Zappy Pappy
|move|p1a: Zappy Pappy|Rest|p1a: Zappy Pappy|[from]Sleep Talk
|-fail|p1a: Zappy Pappy
|
|turn|35
|
|move|p2a: AcDc|Bug Buzz|p1a: Zappy Pappy
|-damage|p1a: Zappy Pappy|150\/383 slp
|-unboost|p1a: Zappy Pappy|spd|1
|cant|p1a: Zappy Pappy|slp
|move|p1a: Zappy Pappy|Sleep Talk|p1a: Zappy Pappy
|move|p1a: Zappy Pappy|Dragon Pulse|p2a: AcDc|[from]Sleep Talk
|-damage|p2a: AcDc|0 fnt
|faint|p2a: AcDc
|
|
|switch|p2a: Porygon-Z|Porygon-Z|144\/373
|-boost|p2a: Porygon-Z|spa|1|[from] ability: Download
|turn|36
|
|switch|p1a: Schlong Head|Krookodile, M|272\/332 tox
|-activate|p1a: Schlong Head|move: Sticky Web
|-unboost|p1a: Schlong Head|spe|1
|-ability|p1a: Schlong Head|Intimidate|[of] p2a: Porygon-Z
|-unboost|p2a: Porygon-Z|atk|1
|move|p2a: Porygon-Z|Tri Attack|p1a: Schlong Head
|-damage|p1a: Schlong Head|0 fnt
|faint|p1a: Schlong Head
|
|
|switch|p1a: Bob|Suicune|379\/404 par
|-activate|p1a: Bob|move: Sticky Web
|-unboost|p1a: Bob|spe|1
|-ability|p1a: Bob|Pressure
|turn|37
|
|switch|p2a: Nirvana|Chesnaught, F|126\/380
|move|p1a: Bob|Scald|p2a: Nirvana
|-resisted|p2a: Nirvana
|-damage|p2a: Nirvana|70\/380
|
|-heal|p2a: Nirvana|93\/380|[from] item: Leftovers
|-heal|p1a: Bob|404\/404 par|[from] item: Leftovers
|turn|38
|
|move|p2a: Nirvana|Leech Seed|p1a: Bob
|-start|p1a: Bob|move: Leech Seed
|move|p1a: Bob|Scald|p2a: Nirvana
|-crit|p2a: Nirvana
|-resisted|p2a: Nirvana
|-damage|p2a: Nirvana|17\/380
|
|-heal|p2a: Nirvana|40\/380|[from] item: Leftovers
|-damage|p1a: Bob|354\/404 par|[from] Leech Seed|[of] p2a: Nirvana
|-heal|p2a: Nirvana|90\/380|[silent]
|turn|39
|
|switch|p1a: Zappy Pappy|Ampharos-Mega, M|150\/383 slp
|-activate|p1a: Zappy Pappy|move: Sticky Web
|-unboost|p1a: Zappy Pappy|spe|1
|-ability|p1a: Zappy Pappy|Mold Breaker
|move|p2a: Nirvana|Drain Punch|p1a: Zappy Pappy
|-damage|p1a: Zappy Pappy|87\/383 slp
|-heal|p2a: Nirvana|122\/380|[from] drain|[of] p1a: Zappy Pappy
|
|-heal|p2a: Nirvana|145\/380|[from] item: Leftovers
|turn|40
|
|move|p2a: Nirvana|Drain Punch|p1a: Zappy Pappy
|-damage|p1a: Zappy Pappy|21\/383 slp
|-heal|p2a: Nirvana|178\/380|[from] drain|[of] p1a: Zappy Pappy
|-curestatus|p1a: Zappy Pappy|slp
|move|p1a: Zappy Pappy|Rest|p1a: Zappy Pappy
|-status|p1a: Zappy Pappy|slp
|-heal|p1a: Zappy Pappy|383\/383 slp|[silent]
|-status|p1a: Zappy Pappy|slp|[from] move: Rest
|
|-heal|p2a: Nirvana|201\/380|[from] item: Leftovers
|turn|41
|
|move|p2a: Nirvana|Leech Seed|p1a: Zappy Pappy
|-start|p1a: Zappy Pappy|move: Leech Seed
|cant|p1a: Zappy Pappy|slp
|move|p1a: Zappy Pappy|Sleep Talk|p1a: Zappy Pappy
|move|p1a: Zappy Pappy|Rest|p1a: Zappy Pappy|[from]Sleep Talk
|-fail|p1a: Zappy Pappy
|
|-heal|p2a: Nirvana|224\/380|[from] item: Leftovers
|-damage|p1a: Zappy Pappy|336\/383 slp|[from] Leech Seed|[of] p2a: Nirvana
|-heal|p2a: Nirvana|271\/380|[silent]
|turn|42
|
|move|p2a: Nirvana|Drain Punch|p1a: Zappy Pappy
|-damage|p1a: Zappy Pappy|275\/383 slp
|-heal|p2a: Nirvana|302\/380|[from] drain|[of] p1a: Zappy Pappy
|cant|p1a: Zappy Pappy|slp
|move|p1a: Zappy Pappy|Sleep Talk|p1a: Zappy Pappy
|move|p1a: Zappy Pappy|Volt Switch|p2a: Nirvana|[from]Sleep Talk
|-resisted|p2a: Nirvana
|-damage|p2a: Nirvana|219\/380
|
|switch|p1a: Whoop Ass|Mienshao, M|120\/271
|-activate|p1a: Whoop Ass|move: Sticky Web
|-unboost|p1a: Whoop Ass|spe|1
|-status|p1a: Whoop Ass|tox
|
|-heal|p2a: Nirvana|242\/380|[from] item: Leftovers
|-damage|p1a: Whoop Ass|104\/271 tox|[from] psn
|turn|43
|
|switch|p1a: Zappy Pappy|Ampharos-Mega, M|275\/383 slp
|-activate|p1a: Zappy Pappy|move: Sticky Web
|-unboost|p1a: Zappy Pappy|spe|1
|-ability|p1a: Zappy Pappy|Mold Breaker
|move|p2a: Nirvana|Spiky Shield|p2a: Nirvana
|-fail|p2a: Nirvana
|
|-heal|p2a: Nirvana|265\/380|[from] item: Leftovers
|turn|44
|
|move|p2a: Nirvana|Leech Seed|p1a: Zappy Pappy
|-start|p1a: Zappy Pappy|move: Leech Seed
|-curestatus|p1a: Zappy Pappy|slp
|move|p1a: Zappy Pappy|Dragon Pulse|p2a: Nirvana
|-damage|p2a: Nirvana|81\/380
|
|-heal|p2a: Nirvana|104\/380|[from] item: Leftovers
|-damage|p1a: Zappy Pappy|228\/383|[from] Leech Seed|[of] p2a: Nirvana
|-heal|p2a: Nirvana|151\/380|[silent]
|turn|45
|
|switch|p1a: Whoop Ass|Mienshao, M|104\/271 tox
|-activate|p1a: Whoop Ass|move: Sticky Web
|-unboost|p1a: Whoop Ass|spe|1
|move|p2a: Nirvana|Spiky Shield|p2a: Nirvana
|-fail|p2a: Nirvana
|
|-heal|p2a: Nirvana|174\/380|[from] item: Leftovers
|-damage|p1a: Whoop Ass|88\/271 tox|[from] psn
|turn|46
|
|move|p1a: Whoop Ass|High Jump Kick|p2a: Nirvana
|-damage|p2a: Nirvana|0 fnt
|faint|p2a: Nirvana
|
|-damage|p1a: Whoop Ass|56\/271 tox|[from] psn
|
|switch|p2a: Porygon-Z|Porygon-Z|144\/373
|-boost|p2a: Porygon-Z|atk|1|[from] ability: Download
|turn|47
|
|move|p1a: Whoop Ass|High Jump Kick|p2a: Porygon-Z
|-supereffective|p2a: Porygon-Z
|-damage|p2a: Porygon-Z|0 fnt
|faint|p2a: Porygon-Z
|
|win|A-Shwan
|raw|Ladder updating...
|raw|A-Shwan's rating: 1272 &rarr; <strong>1292<\/strong><br \/>(+20 for winning)
|raw|boss dj's rating: 1200 &rarr; <strong>1180<\/strong><br \/>(-20 for losing)
|c|âA-Shwan|gg
|c|âboss dj|gg
|leave|boss dj