|join|A-Shwan
|join|Ninetaails
|player|p1|A-Shwan|29
|player|p2|Ninetaails|50
|gametype|singles
|gen|6
|tier|UU
|rated
|rule|Sleep Clause Mod: Limit one foe put to sleep
|rule|Species Clause: Limit one of each PokÃ©mon
|rule|OHKO Clause: OHKO moves are banned
|rule|Moody Clause: Moody is banned
|rule|Evasion Moves Clause: Evasion moves are banned
|rule|Endless Battle Clause: Forcing endless battles is banned
|rule|HP Percentage Mod: HP is shown in percentages
|clearpoke
|poke|p1|Blissey, F
|poke|p1|Heracross, M
|poke|p1|Slowbro, M
|poke|p1|Victini
|poke|p1|Raikou
|poke|p1|Jirachi
|poke|p2|Sableye, M
|poke|p2|Chandelure, F
|poke|p2|Heracross, M
|poke|p2|Hydreigon, F
|poke|p2|Blissey, F
|poke|p2|Donphan, M
|rule|Swagger Clause: Swagger is banned
|rule|Baton Pass Clause: Limit one PokÃ©mon knowing Baton Pass
|teampreview
|
|start
|switch|p1a: Jirachi|Jirachi|404\/404
|switch|p2a: Sableye|Sableye, M|303\/303
|turn|1
|
|move|p2a: Sableye|Will-O-Wisp|p1a: Jirachi|[miss]
|-miss|p2a: Sableye|p1a: Jirachi
|move|p1a: Jirachi|Iron Head|p2a: Sableye
|-damage|p2a: Sableye|198\/303
|
|-heal|p2a: Sableye|216\/303|[from] item: Leftovers
|turn|2
|
|move|p2a: Sableye|Will-O-Wisp|p1a: Jirachi
|-status|p1a: Jirachi|brn
|move|p1a: Jirachi|Stealth Rock|p2a: Sableye
|-sidestart|p2: Ninetaails|move: Stealth Rock
|
|-heal|p2a: Sableye|234\/303|[from] item: Leftovers
|-damage|p1a: Jirachi|354\/404 brn|[from] brn
|turn|3
|
|move|p2a: Sableye|Taunt|p1a: Jirachi
|-start|p1a: Jirachi|move: Taunt
|move|p1a: Jirachi|U-turn|p2a: Sableye
|-damage|p2a: Sableye|199\/303
|
|switch|p1a: Raikou|Raikou|322\/322
|-ability|p1a: Raikou|Pressure
|
|-heal|p2a: Sableye|217\/303|[from] item: Leftovers
|turn|4
|
|move|p2a: Sableye|Taunt|p1a: Raikou
|-start|p1a: Raikou|move: Taunt
|move|p1a: Raikou|Volt Switch|p2a: Sableye
|-damage|p2a: Sableye|61\/303
|
|switch|p1a: Victini|Victini|341\/341
|
|-heal|p2a: Sableye|79\/303|[from] item: Leftovers
|turn|5
|
|move|p2a: Sableye|Recover|p2a: Sableye
|-heal|p2a: Sableye|231\/303
|move|p1a: Victini|U-turn|p2a: Sableye
|-damage|p2a: Sableye|103\/303
|
|switch|p1a: Raikou|Raikou|322\/322
|-ability|p1a: Raikou|Pressure
|
|-heal|p2a: Sableye|121\/303|[from] item: Leftovers
|turn|6
|
|move|p2a: Sableye|Recover|p2a: Sableye
|-heal|p2a: Sableye|273\/303
|move|p1a: Raikou|Volt Switch|p2a: Sableye
|-damage|p2a: Sableye|114\/303
|
|switch|p1a: Victini|Victini|341\/341
|
|-heal|p2a: Sableye|132\/303|[from] item: Leftovers
|turn|7
|
|switch|p2a: Chandelure|Chandelure, F|262\/262
|-damage|p2a: Chandelure|197\/262|[from] Stealth Rock
|move|p1a: Victini|V-create|p2a: Chandelure
|-start|p2a: Chandelure|ability: Flash Fire
|
|turn|8
|
|switch|p1a: Blissey|Blissey, F|652\/652
|move|p2a: Chandelure|Shadow Ball|p1a: Blissey
|-immune|p1a: Blissey|[msg]
|
|turn|9
|
|switch|p2a: Blissey|Blissey, F|714\/714
|-damage|p2a: Blissey|625\/714|[from] Stealth Rock
|move|p1a: Blissey|Heal Bell|p1a: Blissey
|-cureteam|p1a: Blissey|[from] move: HealBell
|
|-heal|p2a: Blissey|669\/714|[from] item: Leftovers
|turn|10
|
|switch|p1a: Victini|Victini|341\/341
|move|p2a: Blissey|Toxic|p1a: Victini
|-status|p1a: Victini|tox
|
|-heal|p2a: Blissey|713\/714|[from] item: Leftovers
|-damage|p1a: Victini|320\/341 tox|[from] psn
|turn|11
|
|switch|p2a: Chandelure|Chandelure, F|197\/262
|-damage|p2a: Chandelure|132\/262|[from] Stealth Rock
|move|p1a: Victini|U-turn|p2a: Chandelure
|-crit|p2a: Chandelure
|-resisted|p2a: Chandelure
|-damage|p2a: Chandelure|88\/262
|
|switch|p1a: Raikou|Raikou|322\/322
|-ability|p1a: Raikou|Pressure
|
|turn|12
|
|move|p2a: Chandelure|Fire Blast|p1a: Raikou
|-damage|p1a: Raikou|171\/322
|-status|p1a: Raikou|brn
|move|p1a: Raikou|Volt Switch|p2a: Chandelure
|-damage|p2a: Chandelure|0 fnt
|faint|p2a: Chandelure
|
|switch|p1a: Blissey|Blissey, F|652\/652
|
|
|switch|p2a: Donphan|Donphan, M|384\/384
|-damage|p2a: Donphan|360\/384|[from] Stealth Rock
|turn|13
|
|move|p1a: Blissey|Toxic|p2a: Donphan
|-status|p2a: Donphan|tox
|move|p2a: Donphan|Rapid Spin|p1a: Blissey
|-damage|p1a: Blissey|607\/652
|-sideend|p2: Ninetaails|Stealth Rock|[from] move: Rapid Spin|[of] p2a: Donphan
|
|-heal|p1a: Blissey|647\/652|[from] item: Leftovers
|-damage|p2a: Donphan|336\/384 tox|[from] psn
|turn|14
|
|move|p1a: Blissey|Heal Bell|p1a: Blissey
|-cureteam|p1a: Blissey|[from] move: HealBell
|move|p2a: Donphan|Knock Off|p1a: Blissey
|-damage|p1a: Blissey|422\/652
|-enditem|p1a: Blissey|Leftovers|[from] move: Knock Off|[of] p2a: Donphan
|
|-damage|p2a: Donphan|288\/384 tox|[from] psn
|turn|15
|
|switch|p1a: Slowbro|Slowbro, M|393\/393
|move|p2a: Donphan|Earthquake|p1a: Slowbro
|-damage|p1a: Slowbro|267\/393
|
|-heal|p1a: Slowbro|291\/393|[from] item: Leftovers
|-damage|p2a: Donphan|216\/384 tox|[from] psn
|turn|16
|
|move|p2a: Donphan|Knock Off|p1a: Slowbro
|-supereffective|p1a: Slowbro
|-damage|p1a: Slowbro|127\/393
|-enditem|p1a: Slowbro|Leftovers|[from] move: Knock Off|[of] p2a: Donphan
|move|p1a: Slowbro|Scald|p2a: Donphan
|-supereffective|p2a: Donphan
|-damage|p2a: Donphan|22\/384 tox
|
|-damage|p2a: Donphan|0 fnt|[from] psn
|faint|p2a: Donphan
|
|switch|p2a: Hydreigon|Hydreigon, F|326\/326
|turn|17
|
|switch|p1a: Blissey|Blissey, F|422\/652
|move|p2a: Hydreigon|Dark Pulse|p1a: Blissey
|-damage|p1a: Blissey|297\/652
|-damage|p2a: Hydreigon|294\/326|[from] item: Life Orb
|
|turn|18
|
|switch|p2a: Sableye|Sableye, M|132\/303
|move|p1a: Blissey|Soft-Boiled|p1a: Blissey
|-heal|p1a: Blissey|623\/652
|
|-heal|p2a: Sableye|150\/303|[from] item: Leftovers
|turn|19
|
|switch|p1a: Victini|Victini|320\/341
|move|p2a: Sableye|Taunt|p1a: Victini
|-start|p1a: Victini|move: Taunt
|
|-heal|p2a: Sableye|168\/303|[from] item: Leftovers
|turn|20
|
|switch|p2a: Hydreigon|Hydreigon, F|294\/326
|move|p1a: Victini|V-create|p2a: Hydreigon
|-resisted|p2a: Hydreigon
|-damage|p2a: Hydreigon|80\/326
|-unboost|p1a: Victini|def|1
|-unboost|p1a: Victini|spd|1
|-unboost|p1a: Victini|spe|1
|
|turn|21
|
|switch|p1a: Raikou|Raikou|171\/322
|-ability|p1a: Raikou|Pressure
|move|p2a: Hydreigon|Dark Pulse|p1a: Raikou
|-damage|p1a: Raikou|53\/322
|-damage|p2a: Hydreigon|48\/326|[from] item: Life Orb
|
|turn|22
|
|switch|p2a: Blissey|Blissey, F|713\/714
|move|p1a: Raikou|Volt Switch|p2a: Blissey
|-damage|p2a: Blissey|631\/714
|
|switch|p1a: Victini|Victini|320\/341
|
|-heal|p2a: Blissey|675\/714|[from] item: Leftovers
|turn|23
|
|move|p1a: Victini|U-turn|p2a: Blissey
|-damage|p2a: Blissey|494\/714
|
|switch|p1a: Heracross|Heracross, M|302\/302
|move|p2a: Blissey|Stealth Rock|p1a: Heracross
|-sidestart|p1: A-Shwan|move: Stealth Rock
|
|-heal|p2a: Blissey|538\/714|[from] item: Leftovers
|turn|24
|
|switch|p2a: Sableye|Sableye, M|168\/303
|move|p1a: Heracross|Megahorn|p2a: Sableye
|-damage|p2a: Sableye|0 fnt
|faint|p2a: Sableye
|-boost|p1a: Heracross|atk|1|[from] ability: Moxie
|
|
|switch|p2a: Heracross|Heracross, M|302\/302
|turn|25
|
|move|p1a: Heracross|Megahorn|p2a: Heracross
|-resisted|p2a: Heracross
|-damage|p2a: Heracross|102\/302
|move|p2a: Heracross|Close Combat|p1a: Heracross
|-resisted|p1a: Heracross
|-damage|p1a: Heracross|176\/302
|-unboost|p2a: Heracross|def|1
|-unboost|p2a: Heracross|spd|1
|
|turn|26
|
|move|p1a: Heracross|Megahorn|p2a: Heracross
|-resisted|p2a: Heracross
|-damage|p2a: Heracross|0 fnt
|faint|p2a: Heracross
|-boost|p1a: Heracross|atk|1|[from] ability: Moxie
|
|
|switch|p2a: Hydreigon|Hydreigon, F|48\/326
|turn|27
|
|move|p1a: Heracross|Megahorn|p2a: Hydreigon
|-supereffective|p2a: Hydreigon
|-damage|p2a: Hydreigon|0 fnt
|faint|p2a: Hydreigon
|-boost|p1a: Heracross|atk|1|[from] ability: Moxie
|
|
|switch|p2a: Blissey|Blissey, F|538\/714
|turn|28
|
|move|p1a: Heracross|Megahorn|p2a: Blissey
|-damage|p2a: Blissey|0 fnt
|faint|p2a: Blissey
|-boost|p1a: Heracross|atk|1|[from] ability: Moxie
|
|win|A-Shwan
|raw|Ladder updating...
|chat|A-Shwan|gg
|raw|A-Shwan's rating: 1295 &rarr; <strong>1317<\/strong><br \/>(+22 for winning)
|raw|Ninetaails's rating: 1249 &rarr; <strong>1227<\/strong><br \/>(-22 for losing)
|leave|Ninetaails
|player|p2