|join|JinAxel
|join|A-Shwan
|c|âA-Shwan|glhf
|player|p1|JinAxel|153
|player|p2|A-Shwan|29
|gametype|singles
|gen|6
|tier|UU
|rated
|rule|Sleep Clause Mod: Limit one foe put to sleep
|rule|Species Clause: Limit one of each PokÃ©mon
|rule|OHKO Clause: OHKO moves are banned
|rule|Moody Clause: Moody is banned
|rule|Evasion Moves Clause: Evasion moves are banned
|rule|Endless Battle Clause: Forcing endless battles is banned
|rule|HP Percentage Mod: HP is shown in percentages
|clearpoke
|poke|p1|Darmanitan, M
|poke|p1|Galvantula, M
|poke|p1|Zygarde
|poke|p1|Roserade, M
|poke|p1|Blastoise, M
|poke|p1|Azelf
|poke|p2|Mienshao, M
|poke|p2|Krookodile, M
|poke|p2|Crobat, M
|poke|p2|Suicune
|poke|p2|Ampharos, M
|poke|p2|Blissey, F
|rule|Swagger Clause: Swagger is banned
|rule|Baton Pass Clause: Limit one PokÃ©mon knowing Baton Pass
|teampreview
|
|start
|switch|p1a: Darmanitan|Darmanitan, M|351\/351
|switch|p2a: Ampharos|Ampharos, M|383\/383
|turn|1
|
|detailschange|p2a: Ampharos|Ampharos-Mega, M
|-mega|p2a: Ampharos|Ampharos|Ampharosite
|-ability|p2a: Ampharos|Mold Breaker
|move|p1a: Darmanitan|U-turn|p2a: Ampharos
|-damage|p2a: Ampharos|317\/383
|
|switch|p1a: Roserade|Roserade, M|262\/262
|move|p2a: Ampharos|Dragon Pulse|p1a: Roserade
|-damage|p1a: Roserade|123\/262
|
|turn|2
|
|move|p1a: Roserade|Sleep Powder|p2a: Ampharos
|-status|p2a: Ampharos|slp
|cant|p2a: Ampharos|slp
|
|turn|3
|
|move|p1a: Roserade|Toxic Spikes|p2a: Ampharos
|-sidestart|p2: A-Shwan|move: Toxic Spikes
|cant|p2a: Ampharos|slp
|move|p2a: Ampharos|Sleep Talk|p2a: Ampharos
|move|p2a: Ampharos|Dragon Pulse|p1a: Roserade|[from]Sleep Talk
|-damage|p1a: Roserade|0 fnt
|faint|p1a: Roserade
|
|
|switch|p1a: Zygarde|Zygarde|357\/357
|-ability|p1a: Zygarde|Aura Break
|turn|4
|
|switch|p2a: Suicune|Suicune|404\/404
|-status|p2a: Suicune|psn
|-ability|p2a: Suicune|Pressure
|move|p1a: Zygarde|Earthquake|p2a: Suicune
|-damage|p2a: Suicune|292\/404 psn
|
|-heal|p2a: Suicune|317\/404 psn|[from] item: Leftovers
|-damage|p2a: Suicune|267\/404 psn|[from] psn
|turn|5
|
|switch|p1a: Galvantula|Galvantula, M|281\/281
|move|p2a: Suicune|Scald|p1a: Galvantula
|-damage|p1a: Galvantula|142\/281
|
|-heal|p2a: Suicune|292\/404 psn|[from] item: Leftovers
|-damage|p2a: Suicune|242\/404 psn|[from] psn
|turn|6
|
|switch|p2a: Crobat|Crobat, M|373\/373
|move|p1a: Galvantula|Sticky Web|p2a: Crobat
|-sidestart|p2: A-Shwan|move: Sticky Web
|
|turn|7
|
|move|p2a: Crobat|Brave Bird|p1a: Galvantula
|-damage|p1a: Galvantula|0 fnt
|-damage|p2a: Crobat|326\/373|[from] recoil|[of] p1a: Galvantula
|faint|p1a: Galvantula
|
|-heal|p2a: Crobat|349\/373|[from] item: Black Sludge
|
|switch|p1a: Darmanitan|Darmanitan, M|351\/351
|turn|8
|
|move|p1a: Darmanitan|Flare Blitz|p2a: Crobat
|-damage|p2a: Crobat|0 fnt
|-damage|p1a: Darmanitan|236\/351|[from] recoil|[of] p2a: Crobat
|faint|p2a: Crobat
|
|
|switch|p2a: Ampharos|Ampharos-Mega, M|317\/383 slp
|-activate|p2a: Ampharos|move: Sticky Web
|-unboost|p2a: Ampharos|spe|1
|-ability|p2a: Ampharos|Mold Breaker
|turn|9
|
|switch|p1a: Azelf|Azelf|291\/291
|-curestatus|p2a: Ampharos|slp
|move|p2a: Ampharos|Sleep Talk|p2a: Ampharos
|-fail|p2a: Ampharos
|
|turn|10
|
|move|p1a: Azelf|Psychic|p2a: Ampharos
|-damage|p2a: Ampharos|130\/383
|-damage|p1a: Azelf|262\/291|[from] item: Life Orb
|move|p2a: Ampharos|Volt Switch|p1a: Azelf
|-damage|p1a: Azelf|79\/291
|
|switch|p2a: Blissey|Blissey, F|652\/652
|-activate|p2a: Blissey|move: Sticky Web
|-unboost|p2a: Blissey|spe|1
|-status|p2a: Blissey|psn
|
|-damage|p2a: Blissey|571\/652 psn|[from] psn
|turn|11
|
|move|p1a: Azelf|Taunt|p2a: Blissey
|-start|p2a: Blissey|move: Taunt
|cant|p2a: Blissey|move: Taunt|Thunder Wave
|
|-heal|p2a: Blissey|611\/652 psn|[from] item: Leftovers
|-damage|p2a: Blissey|530\/652 psn|[from] psn
|turn|12
|
|move|p1a: Azelf|Psychic|p2a: Blissey
|-damage|p2a: Blissey|405\/652 psn
|-damage|p1a: Azelf|50\/291|[from] item: Life Orb
|move|p2a: Blissey|Seismic Toss|p1a: Azelf
|-damage|p1a: Azelf|0 fnt
|faint|p1a: Azelf
|
|-heal|p2a: Blissey|445\/652 psn|[from] item: Leftovers
|-damage|p2a: Blissey|364\/652 psn|[from] psn
|
|switch|p1a: Zygarde|Zygarde|357\/357
|-ability|p1a: Zygarde|Aura Break
|turn|13
|
|switch|p2a: Krookodile|Krookodile, M|332\/332
|-status|p2a: Krookodile|psn
|-activate|p2a: Krookodile|move: Sticky Web
|-unboost|p2a: Krookodile|spe|1
|-ability|p2a: Krookodile|Intimidate|[of] p1a: Zygarde
|-unboost|p1a: Zygarde|atk|1
|move|p1a: Zygarde|Dragon Dance|p1a: Zygarde
|-boost|p1a: Zygarde|atk|1
|-boost|p1a: Zygarde|spe|1
|
|-damage|p2a: Krookodile|291\/332 psn|[from] psn
|turn|14
|
|move|p1a: Zygarde|Brick Break|p2a: Krookodile
|-supereffective|p2a: Krookodile
|-damage|p2a: Krookodile|105\/332 psn
|move|p2a: Krookodile|Earthquake|p1a: Zygarde
|-damage|p1a: Zygarde|137\/357
|
|-heal|p1a: Zygarde|159\/357|[from] item: Leftovers
|-damage|p2a: Krookodile|64\/332 psn|[from] psn
|turn|15
|
|move|p1a: Zygarde|Brick Break|p2a: Krookodile
|-supereffective|p2a: Krookodile
|-damage|p2a: Krookodile|0 fnt
|faint|p2a: Krookodile
|
|-heal|p1a: Zygarde|181\/357|[from] item: Leftovers
|
|switch|p2a: Suicune|Suicune|242\/404 psn
|-activate|p2a: Suicune|move: Sticky Web
|-unboost|p2a: Suicune|spe|1
|-ability|p2a: Suicune|Pressure
|turn|16
|
|move|p1a: Zygarde|Earthquake|p2a: Suicune
|-damage|p2a: Suicune|142\/404 psn
|move|p2a: Suicune|Rest|p2a: Suicune
|-status|p2a: Suicune|slp
|-heal|p2a: Suicune|404\/404 slp|[silent]
|-status|p2a: Suicune|slp|[from] move: Rest
|
|-heal|p1a: Zygarde|203\/357|[from] item: Leftovers
|turn|17
|
|move|p1a: Zygarde|Dragon Dance|p1a: Zygarde
|-boost|p1a: Zygarde|atk|1
|-boost|p1a: Zygarde|spe|1
|cant|p2a: Suicune|slp
|move|p2a: Suicune|Sleep Talk|p2a: Suicune
|move|p2a: Suicune|Rest|p2a: Suicune|[from]Sleep Talk
|-fail|p2a: Suicune
|
|-heal|p1a: Zygarde|225\/357|[from] item: Leftovers
|turn|18
|
|move|p1a: Zygarde|Dragon Dance|p1a: Zygarde
|-boost|p1a: Zygarde|atk|1
|-boost|p1a: Zygarde|spe|1
|cant|p2a: Suicune|slp
|move|p2a: Suicune|Sleep Talk|p2a: Suicune
|move|p2a: Suicune|Rest|p2a: Suicune|[from]Sleep Talk
|-fail|p2a: Suicune
|
|-heal|p1a: Zygarde|247\/357|[from] item: Leftovers
|turn|19
|
|move|p1a: Zygarde|Dragon Dance|p1a: Zygarde
|-boost|p1a: Zygarde|atk|1
|-boost|p1a: Zygarde|spe|1
|-curestatus|p2a: Suicune|slp
|move|p2a: Suicune|Scald|p1a: Zygarde
|-damage|p1a: Zygarde|160\/357
|
|-heal|p1a: Zygarde|182\/357|[from] item: Leftovers
|turn|20
|
|move|p1a: Zygarde|Earthquake|p2a: Suicune
|-damage|p2a: Suicune|140\/404
|move|p2a: Suicune|Scald|p1a: Zygarde
|-crit|p1a: Zygarde
|-damage|p1a: Zygarde|49\/357
|-status|p1a: Zygarde|brn
|
|-heal|p1a: Zygarde|71\/357 brn|[from] item: Leftovers
|-heal|p2a: Suicune|165\/404|[from] item: Leftovers
|-damage|p1a: Zygarde|27\/357 brn|[from] brn
|turn|21
|
|move|p1a: Zygarde|Earthquake|p2a: Suicune
|-damage|p2a: Suicune|23\/404
|move|p2a: Suicune|Rest|p2a: Suicune
|-status|p2a: Suicune|slp
|-heal|p2a: Suicune|404\/404 slp|[silent]
|-status|p2a: Suicune|slp|[from] move: Rest
|
|-heal|p1a: Zygarde|49\/357 brn|[from] item: Leftovers
|-damage|p1a: Zygarde|5\/357 brn|[from] brn
|turn|22
|
|switch|p2a: Ampharos|Ampharos-Mega, M|130\/383
|-activate|p2a: Ampharos|move: Sticky Web
|-unboost|p2a: Ampharos|spe|1
|-status|p2a: Ampharos|psn
|-ability|p2a: Ampharos|Mold Breaker
|move|p1a: Zygarde|Earthquake|p2a: Ampharos
|-supereffective|p2a: Ampharos
|-damage|p2a: Ampharos|0 fnt
|faint|p2a: Ampharos
|
|-heal|p1a: Zygarde|27\/357 brn|[from] item: Leftovers
|-damage|p1a: Zygarde|0 fnt|[from] brn
|faint|p1a: Zygarde
|
|switch|p1a: Blastoise|Blastoise, M|359\/359
|switch|p2a: Blissey|Blissey, F|364\/652
|-status|p2a: Blissey|psn
|-activate|p2a: Blissey|move: Sticky Web
|-unboost|p2a: Blissey|spe|1
|turn|23
|
|detailschange|p1a: Blastoise|Blastoise-Mega, M
|-mega|p1a: Blastoise|Blastoise|Blastoisinite
|move|p1a: Blastoise|Aura Sphere|p2a: Blissey
|-supereffective|p2a: Blissey
|-damage|p2a: Blissey|150\/652 psn
|move|p2a: Blissey|Thunder Wave|p1a: Blastoise
|-status|p1a: Blastoise|par
|
|-heal|p2a: Blissey|190\/652 psn|[from] item: Leftovers
|-damage|p2a: Blissey|109\/652 psn|[from] psn
|turn|24
|
|move|p2a: Blissey|Soft-Boiled|p2a: Blissey
|-heal|p2a: Blissey|435\/652 psn
|move|p1a: Blastoise|Aura Sphere|p2a: Blissey
|-supereffective|p2a: Blissey
|-damage|p2a: Blissey|241\/652 psn
|
|-heal|p2a: Blissey|281\/652 psn|[from] item: Leftovers
|-damage|p2a: Blissey|200\/652 psn|[from] psn
|turn|25
|
|switch|p1a: Darmanitan|Darmanitan, M|236\/351
|move|p2a: Blissey|Soft-Boiled|p2a: Blissey
|-heal|p2a: Blissey|526\/652 psn
|
|-heal|p2a: Blissey|566\/652 psn|[from] item: Leftovers
|-damage|p2a: Blissey|485\/652 psn|[from] psn
|turn|26
|
|switch|p2a: Mienshao|Mienshao, M|271\/271
|-status|p2a: Mienshao|psn
|-activate|p2a: Mienshao|move: Sticky Web
|-unboost|p2a: Mienshao|spe|1
|move|p1a: Darmanitan|Superpower|p2a: Mienshao
|-damage|p2a: Mienshao|26\/271 psn
|-unboost|p1a: Darmanitan|atk|1
|-unboost|p1a: Darmanitan|def|1
|
|-damage|p2a: Mienshao|0 fnt|[from] psn
|faint|p2a: Mienshao
|
|switch|p2a: Suicune|Suicune|404\/404 slp
|-activate|p2a: Suicune|move: Sticky Web
|-unboost|p2a: Suicune|spe|1
|-ability|p2a: Suicune|Pressure
|turn|27
|
|switch|p1a: Blastoise|Blastoise-Mega, M|359\/359 par
|cant|p2a: Suicune|slp
|move|p2a: Suicune|Sleep Talk|p2a: Suicune
|move|p2a: Suicune|Scald|p1a: Blastoise|[from]Sleep Talk
|-resisted|p1a: Blastoise
|-damage|p1a: Blastoise|320\/359 par
|
|turn|28
|
|cant|p2a: Suicune|slp
|move|p2a: Suicune|Sleep Talk|p2a: Suicune
|move|p2a: Suicune|Rest|p2a: Suicune|[from]Sleep Talk
|-fail|p2a: Suicune
|cant|p1a: Blastoise|par
|
|turn|29
|
|-curestatus|p2a: Suicune|slp
|move|p2a: Suicune|Calm Mind|p2a: Suicune
|-boost|p2a: Suicune|spa|1
|-boost|p2a: Suicune|spd|1
|cant|p1a: Blastoise|par
|
|turn|30
|
|move|p2a: Suicune|Calm Mind|p2a: Suicune
|-boost|p2a: Suicune|spa|1
|-boost|p2a: Suicune|spd|1
|move|p1a: Blastoise|Dark Pulse|p2a: Suicune
|-damage|p2a: Suicune|326\/404
|
|-heal|p2a: Suicune|351\/404|[from] item: Leftovers
|turn|31
|
|move|p2a: Suicune|Calm Mind|p2a: Suicune
|-boost|p2a: Suicune|spa|1
|-boost|p2a: Suicune|spd|1
|move|p1a: Blastoise|Water Pulse|p2a: Suicune
|-resisted|p2a: Suicune
|-damage|p2a: Suicune|320\/404
|
|-heal|p2a: Suicune|345\/404|[from] item: Leftovers
|turn|32
|
|move|p2a: Suicune|Calm Mind|p2a: Suicune
|-boost|p2a: Suicune|spa|1
|-boost|p2a: Suicune|spd|1
|move|p1a: Blastoise|Water Pulse|p2a: Suicune
|-resisted|p2a: Suicune
|-damage|p2a: Suicune|316\/404
|
|-heal|p2a: Suicune|341\/404|[from] item: Leftovers
|turn|33
|
|move|p2a: Suicune|Calm Mind|p2a: Suicune
|-boost|p2a: Suicune|spa|1
|-boost|p2a: Suicune|spd|1
|move|p1a: Blastoise|Water Pulse|p2a: Suicune
|-resisted|p2a: Suicune
|-damage|p2a: Suicune|319\/404
|
|-heal|p2a: Suicune|344\/404|[from] item: Leftovers
|turn|34
|
|move|p2a: Suicune|Calm Mind|p2a: Suicune
|-boost|p2a: Suicune|spa|1
|-boost|p2a: Suicune|spd|1
|move|p1a: Blastoise|Water Pulse|p2a: Suicune
|-resisted|p2a: Suicune
|-damage|p2a: Suicune|323\/404
|
|-heal|p2a: Suicune|348\/404|[from] item: Leftovers
|turn|35
|
|move|p2a: Suicune|Rest|p2a: Suicune
|-status|p2a: Suicune|slp
|-heal|p2a: Suicune|404\/404 slp|[silent]
|-status|p2a: Suicune|slp|[from] move: Rest
|move|p1a: Blastoise|Water Pulse|p2a: Suicune
|-resisted|p2a: Suicune
|-damage|p2a: Suicune|382\/404 slp
|
|-heal|p2a: Suicune|404\/404 slp|[from] item: Leftovers
|turn|36
|
|cant|p2a: Suicune|slp
|move|p2a: Suicune|Sleep Talk|p2a: Suicune
|move|p2a: Suicune|Scald|p1a: Blastoise|[from]Sleep Talk
|-resisted|p1a: Blastoise
|-damage|p1a: Blastoise|173\/359 par
|cant|p1a: Blastoise|par
|
|turn|37
|
|cant|p2a: Suicune|slp
|move|p2a: Suicune|Sleep Talk|p2a: Suicune
|move|p2a: Suicune|Rest|p2a: Suicune|[from]Sleep Talk
|-fail|p2a: Suicune
|move|p1a: Blastoise|Water Pulse|p2a: Suicune
|-resisted|p2a: Suicune
|-damage|p2a: Suicune|384\/404 slp
|
|-heal|p2a: Suicune|404\/404 slp|[from] item: Leftovers
|turn|38
|
|-curestatus|p2a: Suicune|slp
|move|p2a: Suicune|Scald|p1a: Blastoise
|-resisted|p1a: Blastoise
|-damage|p1a: Blastoise|17\/359 par
|cant|p1a: Blastoise|par
|
|turn|39
|
|move|p2a: Suicune|Scald|p1a: Blastoise
|-resisted|p1a: Blastoise
|-damage|p1a: Blastoise|0 fnt
|faint|p1a: Blastoise
|
|
|switch|p1a: Darmanitan|Darmanitan, M|236\/351
|turn|40
|
|move|p1a: Darmanitan|Superpower|p2a: Suicune
|-damage|p2a: Suicune|298\/404
|-unboost|p1a: Darmanitan|atk|1
|-unboost|p1a: Darmanitan|def|1
|move|p2a: Suicune|Scald|p1a: Darmanitan
|-supereffective|p1a: Darmanitan
|-damage|p1a: Darmanitan|0 fnt
|faint|p1a: Darmanitan
|
|win|A-Shwan
|raw|Ladder updating...
|raw|JinAxel's rating: 1113 &rarr; <strong>1093<\/strong><br \/>(-20 for losing)
|raw|A-Shwan's rating: 1192 &rarr; <strong>1211<\/strong><br \/>(+19 for winning)
|leave|JinAxel