|join|opbot
|join|A-Shwan
|c|âopbot|glhf
|player|p1|opbot|83
|player|p2|A-Shwan|29
|gametype|singles
|gen|6
|tier|UU
|rated
|rule|Sleep Clause Mod: Limit one foe put to sleep
|rule|Species Clause: Limit one of each PokÃ©mon
|rule|OHKO Clause: OHKO moves are banned
|rule|Moody Clause: Moody is banned
|rule|Evasion Moves Clause: Evasion moves are banned
|rule|Endless Battle Clause: Forcing endless battles is banned
|rule|HP Percentage Mod: HP is shown in percentages
|clearpoke
|poke|p1|Amoonguss, F
|poke|p1|Alomomola, F
|poke|p1|Florges, F
|poke|p1|Aggron, M
|poke|p1|Cresselia, F
|poke|p1|Donphan, M
|poke|p2|Crobat, M
|poke|p2|Mienshao, M
|poke|p2|Krookodile, M
|poke|p2|Umbreon, M
|poke|p2|Suicune
|poke|p2|Ampharos, M
|rule|Swagger Clause: Swagger is banned
|rule|Baton Pass Clause: Limit one PokÃ©mon knowing Baton Pass
|teampreview
|c|âA-Shwan|glhf
|
|start
|switch|p1a: Cresselia|Cresselia, F|402\/402
|switch|p2a: Zappy Pappy|Ampharos, M|383\/383
|turn|1
|
|detailschange|p2a: Zappy Pappy|Ampharos-Mega, M
|-mega|p2a: Zappy Pappy|Ampharos|Ampharosite
|-ability|p2a: Zappy Pappy|Mold Breaker
|move|p1a: Cresselia|Moonblast|p2a: Zappy Pappy
|-supereffective|p2a: Zappy Pappy
|-damage|p2a: Zappy Pappy|261\/383
|move|p2a: Zappy Pappy|Volt Switch|p1a: Cresselia
|-damage|p1a: Cresselia|302\/402
|
|switch|p2a: Schlong Head|Krookodile, M|332\/332
|-ability|p2a: Schlong Head|Intimidate|[of] p1a: Cresselia
|-unboost|p1a: Cresselia|atk|1
|
|-heal|p1a: Cresselia|327\/402|[from] item: Leftovers
|turn|2
|
|switch|p1a: Aggron|Aggron, M|344\/344
|move|p2a: Schlong Head|Earthquake|p1a: Aggron
|-supereffective|p1a: Aggron
|-activate|p1a: Aggron|Sturdy
|-damage|p1a: Aggron|1\/344
|
|turn|3
|
|switch|p1a: Alomomola|Alomomola, F|529\/529
|move|p2a: Schlong Head|Earthquake|p1a: Alomomola
|-damage|p1a: Alomomola|306\/529
|
|-heal|p1a: Alomomola|339\/529|[from] item: Leftovers
|turn|4
|
|switch|p2a: Zappy Pappy|Ampharos-Mega, M|261\/383
|-ability|p2a: Zappy Pappy|Mold Breaker
|switch|p1a: Cresselia|Cresselia, F|327\/402
|
|-heal|p1a: Cresselia|352\/402|[from] item: Leftovers
|turn|5
|
|move|p1a: Cresselia|Moonblast|p2a: Zappy Pappy
|-supereffective|p2a: Zappy Pappy
|-damage|p2a: Zappy Pappy|143\/383
|-unboost|p2a: Zappy Pappy|spa|1
|move|p2a: Zappy Pappy|Volt Switch|p1a: Cresselia
|-damage|p1a: Cresselia|291\/402
|
|switch|p2a: Schlong Head|Krookodile, M|332\/332
|-ability|p2a: Schlong Head|Intimidate|[of] p1a: Cresselia
|-unboost|p1a: Cresselia|atk|1
|
|-heal|p1a: Cresselia|316\/402|[from] item: Leftovers
|turn|6
|
|move|p2a: Schlong Head|Knock Off|p1a: Cresselia
|-supereffective|p1a: Cresselia
|-damage|p1a: Cresselia|0 fnt
|-enditem|p1a: Cresselia|Leftovers|[from] move: Knock Off|[of] p2a: Schlong Head
|faint|p1a: Cresselia
|
|c|âopbot|that power
|
|switch|p1a: Amoonguss|Amoonguss, F|432\/432
|turn|7
|c|âA-Shwan|yep
|
|move|p2a: Schlong Head|Knock Off|p1a: Amoonguss
|-damage|p1a: Amoonguss|212\/432
|-enditem|p1a: Amoonguss|Black Sludge|[from] move: Knock Off|[of] p2a: Schlong Head
|move|p1a: Amoonguss|Spore|p2a: Schlong Head
|-status|p2a: Schlong Head|slp
|
|turn|8
|
|switch|p2a: Blacky Chan|Umbreon, M|394\/394
|switch|p1a: Donphan|Donphan, M|364\/364
|
|turn|9
|
|move|p2a: Blacky Chan|Heal Bell|p2a: Blacky Chan
|-cureteam|p2a: Blacky Chan|[from] move: HealBell
|move|p1a: Donphan|Knock Off|p2a: Blacky Chan
|-resisted|p2a: Blacky Chan
|-damage|p2a: Blacky Chan|336\/394
|-enditem|p2a: Blacky Chan|Leftovers|[from] move: Knock Off|[of] p1a: Donphan
|
|turn|10
|
|switch|p1a: Alomomola|Alomomola, F|515\/529
|move|p2a: Blacky Chan|Wish|p2a: Blacky Chan
|
|-heal|p1a: Alomomola|529\/529|[from] item: Leftovers
|turn|11
|
|switch|p2a: Zappy Pappy|Ampharos-Mega, M|143\/383
|-ability|p2a: Zappy Pappy|Mold Breaker
|move|p1a: Alomomola|Wish|p1a: Alomomola
|
|-heal|p2a: Zappy Pappy|340\/383|[from] move: Wish|[wisher] Blacky Chan
|turn|12
|
|move|p1a: Alomomola|Toxic|p2a: Zappy Pappy
|-status|p2a: Zappy Pappy|tox
|move|p2a: Zappy Pappy|Dragon Pulse|p1a: Alomomola
|-damage|p1a: Alomomola|238\/529
|
|-heal|p1a: Alomomola|502\/529|[from] move: Wish|[wisher] Alomomola
|-heal|p1a: Alomomola|529\/529|[from] item: Leftovers
|-damage|p2a: Zappy Pappy|317\/383 tox|[from] psn
|turn|13
|
|move|p1a: Alomomola|Protect|p1a: Alomomola
|-singleturn|p1a: Alomomola|Protect
|move|p2a: Zappy Pappy|Volt Switch|p1a: Alomomola
|-activate|p1a: Alomomola|Protect
|
|-damage|p2a: Zappy Pappy|271\/383 tox|[from] psn
|turn|14
|
|switch|p1a: Florges|Florges, F|360\/360
|move|p2a: Zappy Pappy|Volt Switch|p1a: Florges
|-damage|p1a: Florges|281\/360
|
|switch|p2a: Schlong Head|Krookodile, M|332\/332
|-ability|p2a: Schlong Head|Intimidate|[of] p1a: Florges
|-unboost|p1a: Florges|atk|1
|
|-heal|p1a: Florges|303\/360|[from] item: Leftovers
|turn|15
|
|move|p2a: Schlong Head|Earthquake|p1a: Florges
|-damage|p1a: Florges|69\/360
|move|p1a: Florges|Moonblast|p2a: Schlong Head
|-supereffective|p2a: Schlong Head
|-damage|p2a: Schlong Head|24\/332
|
|-heal|p1a: Florges|91\/360|[from] item: Leftovers
|turn|16
|
|switch|p1a: Aggron|Aggron, M|1\/344
|move|p2a: Schlong Head|Earthquake|p1a: Aggron
|-supereffective|p1a: Aggron
|-damage|p1a: Aggron|0 fnt
|faint|p1a: Aggron
|
|
|switch|p1a: Donphan|Donphan, M|364\/364
|turn|17
|
|switch|p2a: Blacky Chan|Umbreon, M|336\/394
|move|p1a: Donphan|Ice Shard|p2a: Blacky Chan
|-damage|p2a: Blacky Chan|289\/394
|
|turn|18
|
|move|p2a: Blacky Chan|Wish|p2a: Blacky Chan
|move|p1a: Donphan|Earthquake|p2a: Blacky Chan
|-damage|p2a: Blacky Chan|126\/394
|
|turn|19
|
|move|p2a: Blacky Chan|Protect|p2a: Blacky Chan
|-singleturn|p2a: Blacky Chan|Protect
|move|p1a: Donphan|Knock Off|p2a: Blacky Chan
|-activate|p2a: Blacky Chan|Protect
|
|-heal|p2a: Blacky Chan|323\/394|[from] move: Wish|[wisher] Blacky Chan
|turn|20
|
|move|p2a: Blacky Chan|Wish|p2a: Blacky Chan
|move|p1a: Donphan|Earthquake|p2a: Blacky Chan
|-damage|p2a: Blacky Chan|158\/394
|
|turn|21
|
|switch|p1a: Amoonguss|Amoonguss, F|356\/432
|move|p2a: Blacky Chan|Protect|p2a: Blacky Chan
|-fail|p2a: Blacky Chan
|
|-heal|p2a: Blacky Chan|355\/394|[from] move: Wish|[wisher] Blacky Chan
|turn|22
|
|switch|p2a: Zappy Pappy|Ampharos-Mega, M|271\/383 tox
|-ability|p2a: Zappy Pappy|Mold Breaker
|move|p1a: Amoonguss|Spore|p2a: Zappy Pappy
|-fail|p2a: Zappy Pappy
|
|-damage|p2a: Zappy Pappy|248\/383 tox|[from] psn
|turn|23
|
|move|p2a: Zappy Pappy|Volt Switch|p1a: Amoonguss
|-resisted|p1a: Amoonguss
|-damage|p1a: Amoonguss|290\/432
|
|switch|p2a: Bruce Wayne|Crobat, M|373\/373
|move|p1a: Amoonguss|Giga Drain|p2a: Bruce Wayne
|-resisted|p2a: Bruce Wayne
|-damage|p2a: Bruce Wayne|351\/373
|-heal|p1a: Amoonguss|301\/432|[from] drain|[of] p2a: Bruce Wayne
|
|-heal|p2a: Bruce Wayne|373\/373|[from] item: Black Sludge
|turn|24
|
|move|p2a: Bruce Wayne|U-turn|p1a: Amoonguss
|-crit|p1a: Amoonguss
|-damage|p1a: Amoonguss|225\/432
|
|switch|p2a: Zappy Pappy|Ampharos-Mega, M|248\/383 tox
|-ability|p2a: Zappy Pappy|Mold Breaker
|move|p1a: Amoonguss|Spore|p2a: Zappy Pappy
|-fail|p2a: Zappy Pappy
|
|-damage|p2a: Zappy Pappy|225\/383 tox|[from] psn
|turn|25
|
|switch|p1a: Donphan|Donphan, M|364\/364
|move|p2a: Zappy Pappy|Dragon Pulse|p1a: Donphan
|-damage|p1a: Donphan|196\/364
|
|-damage|p2a: Zappy Pappy|179\/383 tox|[from] psn
|turn|26
|c|âA-Shwan|assaut vest hmmmm
|
|switch|p2a: Bruce Wayne|Crobat, M|373\/373
|move|p1a: Donphan|Earthquake|p2a: Bruce Wayne
|-immune|p2a: Bruce Wayne|[msg]
|
|turn|27
|
|switch|p1a: Alomomola|Alomomola, F|529\/529
|move|p2a: Bruce Wayne|U-turn|p1a: Alomomola
|-damage|p1a: Alomomola|484\/529
|
|switch|p2a: Zappy Pappy|Ampharos-Mega, M|179\/383 tox
|-ability|p2a: Zappy Pappy|Mold Breaker
|
|-heal|p1a: Alomomola|517\/529|[from] item: Leftovers
|-damage|p2a: Zappy Pappy|156\/383 tox|[from] psn
|turn|28
|
|move|p1a: Alomomola|Protect|p1a: Alomomola
|-singleturn|p1a: Alomomola|Protect
|move|p2a: Zappy Pappy|Rest|p2a: Zappy Pappy
|-status|p2a: Zappy Pappy|slp
|-heal|p2a: Zappy Pappy|383\/383 slp|[silent]
|-status|p2a: Zappy Pappy|slp|[from] move: Rest
|
|-heal|p1a: Alomomola|529\/529|[from] item: Leftovers
|turn|29
|
|switch|p1a: Florges|Florges, F|91\/360
|cant|p2a: Zappy Pappy|slp
|move|p2a: Zappy Pappy|Sleep Talk|p2a: Zappy Pappy
|move|p2a: Zappy Pappy|Volt Switch|p1a: Florges|[from]Sleep Talk
|-damage|p1a: Florges|13\/360
|c|âopbot|aw
|c|âA-Shwan|yessss
|
|switch|p2a: Bruce Wayne|Crobat, M|373\/373
|
|-heal|p1a: Florges|35\/360|[from] item: Leftovers
|turn|30
|
|move|p2a: Bruce Wayne|Brave Bird|p1a: Florges
|-damage|p1a: Florges|0 fnt
|-damage|p2a: Bruce Wayne|361\/373|[from] recoil|[of] p1a: Florges
|faint|p1a: Florges
|
|-heal|p2a: Bruce Wayne|373\/373|[from] item: Black Sludge
|
|switch|p1a: Alomomola|Alomomola, F|529\/529
|turn|31
|
|move|p2a: Bruce Wayne|U-turn|p1a: Alomomola
|-damage|p1a: Alomomola|483\/529
|
|switch|p2a: Zappy Pappy|Ampharos-Mega, M|383\/383 slp
|-ability|p2a: Zappy Pappy|Mold Breaker
|move|p1a: Alomomola|Scald|p2a: Zappy Pappy
|-resisted|p2a: Zappy Pappy
|-damage|p2a: Zappy Pappy|362\/383 slp
|
|-heal|p1a: Alomomola|516\/529|[from] item: Leftovers
|turn|32
|
|move|p1a: Alomomola|Wish|p1a: Alomomola
|cant|p2a: Zappy Pappy|slp
|move|p2a: Zappy Pappy|Sleep Talk|p2a: Zappy Pappy
|move|p2a: Zappy Pappy|Dragon Pulse|p1a: Alomomola|[from]Sleep Talk
|-damage|p1a: Alomomola|234\/529
|
|-heal|p1a: Alomomola|267\/529|[from] item: Leftovers
|turn|33
|
|switch|p1a: Donphan|Donphan, M|196\/364
|switch|p2a: Bob|Suicune|404\/404
|-ability|p2a: Bob|Pressure
|
|-heal|p1a: Donphan|364\/364|[from] move: Wish|[wisher] Alomomola
|turn|34
|
|move|p2a: Bob|Calm Mind|p2a: Bob
|-boost|p2a: Bob|spa|1
|-boost|p2a: Bob|spd|1
|move|p1a: Donphan|Earthquake|p2a: Bob
|-damage|p2a: Bob|286\/404
|
|-heal|p2a: Bob|311\/404|[from] item: Leftovers
|turn|35
|
|switch|p1a: Amoonguss|Amoonguss, F|369\/432
|move|p2a: Bob|Calm Mind|p2a: Bob
|-boost|p2a: Bob|spa|1
|-boost|p2a: Bob|spd|1
|
|-heal|p2a: Bob|336\/404|[from] item: Leftovers
|turn|36
|
|move|p2a: Bob|Calm Mind|p2a: Bob
|-boost|p2a: Bob|spa|1
|-boost|p2a: Bob|spd|1
|move|p1a: Amoonguss|Clear Smog|p2a: Bob
|-damage|p2a: Bob|315\/404
|-clearboost|p2a: Bob
|
|-heal|p2a: Bob|340\/404|[from] item: Leftovers
|turn|37
|
|move|p2a: Bob|Scald|p1a: Amoonguss
|-resisted|p1a: Amoonguss
|-damage|p1a: Amoonguss|320\/432
|move|p1a: Amoonguss|Spore|p2a: Bob
|-status|p2a: Bob|slp
|
|-heal|p2a: Bob|365\/404 slp|[from] item: Leftovers
|turn|38
|
|cant|p2a: Bob|slp
|move|p2a: Bob|Sleep Talk|p2a: Bob
|move|p2a: Bob|Scald|p1a: Amoonguss|[from]Sleep Talk
|-resisted|p1a: Amoonguss
|-damage|p1a: Amoonguss|274\/432
|-status|p1a: Amoonguss|brn
|move|p1a: Amoonguss|Giga Drain|p2a: Bob
|-supereffective|p2a: Bob
|-damage|p2a: Bob|215\/404 slp
|-heal|p1a: Amoonguss|349\/432 brn|[from] drain|[of] p2a: Bob
|
|-heal|p2a: Bob|240\/404 slp|[from] item: Leftovers
|-damage|p1a: Amoonguss|295\/432 brn|[from] brn
|turn|39
|
|switch|p2a: Bruce Wayne|Crobat, M|373\/373
|move|p1a: Amoonguss|Giga Drain|p2a: Bruce Wayne
|-resisted|p2a: Bruce Wayne
|-damage|p2a: Bruce Wayne|352\/373
|-heal|p1a: Amoonguss|306\/432 brn|[from] drain|[of] p2a: Bruce Wayne
|
|-heal|p2a: Bruce Wayne|373\/373|[from] item: Black Sludge
|-damage|p1a: Amoonguss|252\/432 brn|[from] brn
|turn|40
|
|switch|p1a: Alomomola|Alomomola, F|443\/529
|move|p2a: Bruce Wayne|U-turn|p1a: Alomomola
|-damage|p1a: Alomomola|397\/529
|
|switch|p2a: Zappy Pappy|Ampharos-Mega, M|362\/383 slp
|-ability|p2a: Zappy Pappy|Mold Breaker
|
|-heal|p1a: Alomomola|430\/529|[from] item: Leftovers
|turn|41
|
|switch|p1a: Donphan|Donphan, M|364\/364
|-curestatus|p2a: Zappy Pappy|slp
|move|p2a: Zappy Pappy|Volt Switch|p1a: Donphan
|-immune|p1a: Donphan|[msg]
|
|turn|42
|
|switch|p2a: Bruce Wayne|Crobat, M|373\/373
|move|p1a: Donphan|Knock Off|p2a: Bruce Wayne
|-damage|p2a: Bruce Wayne|232\/373
|-enditem|p2a: Bruce Wayne|Black Sludge|[from] move: Knock Off|[of] p1a: Donphan
|
|turn|43
|
|move|p1a: Donphan|Ice Shard|p2a: Bruce Wayne
|-supereffective|p2a: Bruce Wayne
|-damage|p2a: Bruce Wayne|106\/373
|move|p2a: Bruce Wayne|U-turn|p1a: Donphan
|-damage|p1a: Donphan|313\/364
|
|switch|p2a: Blacky Chan|Umbreon, M|355\/394
|
|turn|44
|
|move|p2a: Blacky Chan|Heal Bell|p2a: Blacky Chan
|-cureteam|p2a: Blacky Chan|[from] move: HealBell
|move|p1a: Donphan|Earthquake|p2a: Blacky Chan
|-damage|p2a: Blacky Chan|178\/394
|
|turn|45
|
|move|p2a: Blacky Chan|Wish|p2a: Blacky Chan
|move|p1a: Donphan|Earthquake|p2a: Blacky Chan
|-damage|p2a: Blacky Chan|15\/394
|
|turn|46
|
|move|p2a: Blacky Chan|Protect|p2a: Blacky Chan
|-singleturn|p2a: Blacky Chan|Protect
|move|p1a: Donphan|Ice Shard|p2a: Blacky Chan
|-activate|p2a: Blacky Chan|Protect
|
|-heal|p2a: Blacky Chan|212\/394|[from] move: Wish|[wisher] Blacky Chan
|turn|47
|
|move|p2a: Blacky Chan|Wish|p2a: Blacky Chan
|move|p1a: Donphan|Earthquake|p2a: Blacky Chan
|-damage|p2a: Blacky Chan|43\/394
|
|turn|48
|
|move|p2a: Blacky Chan|Protect|p2a: Blacky Chan
|-singleturn|p2a: Blacky Chan|Protect
|move|p1a: Donphan|Ice Shard|p2a: Blacky Chan
|-activate|p2a: Blacky Chan|Protect
|
|-heal|p2a: Blacky Chan|240\/394|[from] move: Wish|[wisher] Blacky Chan
|turn|49
|
|move|p2a: Blacky Chan|Wish|p2a: Blacky Chan
|move|p1a: Donphan|Knock Off|p2a: Blacky Chan
|-resisted|p2a: Blacky Chan
|-damage|p2a: Blacky Chan|203\/394
|
|turn|50
|
|move|p2a: Blacky Chan|Protect|p2a: Blacky Chan
|-singleturn|p2a: Blacky Chan|Protect
|move|p1a: Donphan|Ice Shard|p2a: Blacky Chan
|-activate|p2a: Blacky Chan|Protect
|
|-heal|p2a: Blacky Chan|394\/394|[from] move: Wish|[wisher] Blacky Chan
|turn|51
|
|move|p1a: Donphan|Ice Shard|p2a: Blacky Chan
|-damage|p2a: Blacky Chan|349\/394
|move|p2a: Blacky Chan|Wish|p2a: Blacky Chan
|
|turn|52
|
|move|p1a: Donphan|Ice Shard|p2a: Blacky Chan
|-damage|p2a: Blacky Chan|301\/394
|move|p2a: Blacky Chan|Foul Play|p1a: Donphan
|-damage|p1a: Donphan|156\/364
|
|-heal|p2a: Blacky Chan|394\/394|[from] move: Wish|[wisher] Blacky Chan
|turn|53
|
|switch|p1a: Alomomola|Alomomola, F|529\/529
|move|p2a: Blacky Chan|Foul Play|p1a: Alomomola
|-damage|p1a: Alomomola|459\/529
|
|-heal|p1a: Alomomola|492\/529|[from] item: Leftovers
|turn|54
|
|move|p1a: Alomomola|Toxic|p2a: Blacky Chan
|-status|p2a: Blacky Chan|tox
|-status|p1a: Alomomola|tox
|move|p2a: Blacky Chan|Wish|p2a: Blacky Chan
|
|-heal|p1a: Alomomola|525\/529 tox|[from] item: Leftovers
|-damage|p1a: Alomomola|492\/529 tox|[from] psn
|-damage|p2a: Blacky Chan|370\/394 tox|[from] psn
|turn|55
|
|switch|p2a: Schlong Head|Krookodile, M|24\/332
|-ability|p2a: Schlong Head|Intimidate|[of] p1a: Alomomola
|-unboost|p1a: Alomomola|atk|1
|move|p1a: Alomomola|Scald|p2a: Schlong Head
|-supereffective|p2a: Schlong Head
|-damage|p2a: Schlong Head|0 fnt
|faint|p2a: Schlong Head
|
|-heal|p1a: Alomomola|525\/529 tox|[from] item: Leftovers
|-damage|p1a: Alomomola|459\/529 tox|[from] psn
|
|switch|p2a: Blacky Chan|Umbreon, M|370\/394 tox
|turn|56
|
|move|p2a: Blacky Chan|Heal Bell|p2a: Blacky Chan
|-cureteam|p2a: Blacky Chan|[from] move: HealBell
|move|p1a: Alomomola|Wish|p1a: Alomomola
|
|-heal|p1a: Alomomola|492\/529 tox|[from] item: Leftovers
|-damage|p1a: Alomomola|393\/529 tox|[from] psn
|turn|57
|
|switch|p1a: Donphan|Donphan, M|156\/364
|move|p2a: Blacky Chan|Foul Play|p1a: Donphan
|-damage|p1a: Donphan|0 fnt
|faint|p1a: Donphan
|
|
|switch|p1a: Amoonguss|Amoonguss, F|396\/432 brn
|turn|58
|
|move|p2a: Blacky Chan|Wish|p2a: Blacky Chan
|move|p1a: Amoonguss|Spore|p2a: Blacky Chan
|-status|p2a: Blacky Chan|slp
|
|-damage|p1a: Amoonguss|342\/432 brn|[from] brn
|turn|59
|
|switch|p2a: Bruce Wayne|Crobat, M|106\/373
|move|p1a: Amoonguss|Giga Drain|p2a: Bruce Wayne
|-resisted|p2a: Bruce Wayne
|-damage|p2a: Bruce Wayne|85\/373
|-heal|p1a: Amoonguss|353\/432 brn|[from] drain|[of] p2a: Bruce Wayne
|
|-heal|p2a: Bruce Wayne|282\/373|[from] move: Wish|[wisher] Blacky Chan
|-damage|p1a: Amoonguss|299\/432 brn|[from] brn
|turn|60
|
|switch|p1a: Alomomola|Alomomola, F|529\/529 tox
|move|p2a: Bruce Wayne|U-turn|p1a: Alomomola
|-damage|p1a: Alomomola|482\/529 tox
|
|switch|p2a: Zappy Pappy|Ampharos-Mega, M|362\/383
|-ability|p2a: Zappy Pappy|Mold Breaker
|
|-heal|p1a: Alomomola|515\/529 tox|[from] item: Leftovers
|-damage|p1a: Alomomola|482\/529 tox|[from] psn
|turn|61
|
|switch|p1a: Amoonguss|Amoonguss, F|432\/432 brn
|move|p2a: Zappy Pappy|Volt Switch|p1a: Amoonguss
|-resisted|p1a: Amoonguss
|-damage|p1a: Amoonguss|364\/432 brn
|
|switch|p2a: Bruce Wayne|Crobat, M|282\/373
|
|-damage|p1a: Amoonguss|310\/432 brn|[from] brn
|turn|62
|
|move|p2a: Bruce Wayne|U-turn|p1a: Amoonguss
|-damage|p1a: Amoonguss|252\/432 brn
|
|switch|p2a: Zappy Pappy|Ampharos-Mega, M|362\/383
|-ability|p2a: Zappy Pappy|Mold Breaker
|move|p1a: Amoonguss|Clear Smog|p2a: Zappy Pappy
|-damage|p2a: Zappy Pappy|316\/383
|-clearboost|p2a: Zappy Pappy
|
|-damage|p1a: Amoonguss|198\/432 brn|[from] brn
|turn|63
|
|switch|p1a: Alomomola|Alomomola, F|529\/529 tox
|move|p2a: Zappy Pappy|Dragon Pulse|p1a: Alomomola
|-damage|p1a: Alomomola|232\/529 tox
|
|-heal|p1a: Alomomola|265\/529 tox|[from] item: Leftovers
|-damage|p1a: Alomomola|232\/529 tox|[from] psn
|turn|64
|
|switch|p1a: Amoonguss|Amoonguss, F|342\/432 brn
|move|p2a: Zappy Pappy|Dragon Pulse|p1a: Amoonguss
|-damage|p1a: Amoonguss|186\/432 brn
|
|-damage|p1a: Amoonguss|132\/432 brn|[from] brn
|turn|65
|c|âopbot|gg
|c|âA-Shwan|gg
|
|move|p2a: Zappy Pappy|Dragon Pulse|p1a: Amoonguss
|-damage|p1a: Amoonguss|0 fnt
|faint|p1a: Amoonguss
|
|
|switch|p1a: Alomomola|Alomomola, F|408\/529 tox
|turn|66
|
|move|p1a: Alomomola|Scald|p2a: Zappy Pappy
|-crit|p2a: Zappy Pappy
|-resisted|p2a: Zappy Pappy
|-damage|p2a: Zappy Pappy|285\/383
|move|p2a: Zappy Pappy|Volt Switch|p1a: Alomomola
|-supereffective|p1a: Alomomola
|-damage|p1a: Alomomola|0 fnt
|faint|p1a: Alomomola
|
|win|A-Shwan
|raw|Ladder updating...
|raw|opbot's rating: 1380 &rarr; <strong>1366<\/strong><br \/>(-14 for losing)
|raw|A-Shwan's rating: 1482 &rarr; <strong>1497<\/strong><br \/>(+15 for winning)