|join|thesneeze
|join|A-Shwan
|player|p1|thesneeze|115
|player|p2|A-Shwan|29
|gametype|singles
|gen|6
|tier|UU
|rated
|rule|Sleep Clause Mod: Limit one foe put to sleep
|rule|Species Clause: Limit one of each PokÃ©mon
|rule|OHKO Clause: OHKO moves are banned
|rule|Moody Clause: Moody is banned
|rule|Evasion Moves Clause: Evasion moves are banned
|rule|Endless Battle Clause: Forcing endless battles is banned
|rule|HP Percentage Mod: HP is shown in percentages
|clearpoke
|poke|p1|Glalie, F
|poke|p1|Starmie
|poke|p1|Infernape, F
|poke|p1|Krookodile, M
|poke|p1|Jirachi
|poke|p1|Shaymin
|poke|p2|Mienshao, M
|poke|p2|Krookodile, M
|poke|p2|Crobat, M
|poke|p2|Suicune
|poke|p2|Ampharos, M
|poke|p2|Umbreon, M
|rule|Swagger Clause: Swagger is banned
|rule|Baton Pass Clause: Limit one PokÃ©mon knowing Baton Pass
|teampreview
|c|âA-Shwan|glhf
|c|âthesneeze|u2
|
|start
|switch|p1a: Jirachi|Jirachi|341\/341
|switch|p2a: Zappy Pappy|Ampharos, M|383\/383
|turn|1
|
|detailschange|p2a: Zappy Pappy|Ampharos-Mega, M
|-mega|p2a: Zappy Pappy|Ampharos|Ampharosite
|-ability|p2a: Zappy Pappy|Mold Breaker
|move|p1a: Jirachi|U-turn|p2a: Zappy Pappy
|-damage|p2a: Zappy Pappy|335\/383
|
|switch|p1a: Krookodile|Krookodile, M|393\/393
|-ability|p1a: Krookodile|Intimidate|[of] p2a: Zappy Pappy
|-unboost|p2a: Zappy Pappy|atk|1
|move|p2a: Zappy Pappy|Volt Switch|p1a: Krookodile
|-immune|p1a: Krookodile|[msg]
|
|turn|2
|
|switch|p2a: Bob|Suicune|404\/404
|-ability|p2a: Bob|Pressure
|move|p1a: Krookodile|Stealth Rock|p2a: Bob
|-sidestart|p2: A-Shwan|move: Stealth Rock
|
|turn|3
|
|switch|p1a: Shaymin|Shaymin|341\/341
|switch|p2a: Bruce Wayne|Crobat, M|373\/373
|-damage|p2a: Bruce Wayne|280\/373|[from] Stealth Rock
|
|-heal|p2a: Bruce Wayne|303\/373|[from] item: Black Sludge
|turn|4
|
|switch|p1a: Jirachi|Jirachi|341\/341
|move|p2a: Bruce Wayne|Defog|p1a: Jirachi
|-unboost|p1a: Jirachi|evasion|1
|-sideend|p2: A-Shwan|Stealth Rock|[from] move: Defog|[of] p2a: Bruce Wayne
|
|-heal|p2a: Bruce Wayne|326\/373|[from] item: Black Sludge
|turn|5
|
|move|p1a: Jirachi|U-turn|p2a: Bruce Wayne
|-resisted|p2a: Bruce Wayne
|-damage|p2a: Bruce Wayne|304\/373
|
|switch|p1a: Krookodile|Krookodile, M|393\/393
|-ability|p1a: Krookodile|Intimidate|[of] p2a: Bruce Wayne
|-unboost|p2a: Bruce Wayne|atk|1
|move|p2a: Bruce Wayne|U-turn|p1a: Krookodile
|-supereffective|p1a: Krookodile
|-damage|p1a: Krookodile|335\/393
|
|switch|p2a: Whoop Ass|Mienshao, M|271\/271
|
|-heal|p1a: Krookodile|359\/393|[from] item: Leftovers
|turn|6
|
|switch|p1a: Starmie|Starmie|324\/324
|move|p2a: Whoop Ass|U-turn|p1a: Starmie
|-supereffective|p1a: Starmie
|-damage|p1a: Starmie|128\/324
|
|switch|p2a: Bruce Wayne|Crobat, M|304\/373
|
|-heal|p2a: Bruce Wayne|327\/373|[from] item: Black Sludge
|-heal|p1a: Starmie|148\/324|[from] item: Leftovers
|turn|7
|
|move|p2a: Bruce Wayne|Brave Bird|p1a: Starmie
|-damage|p1a: Starmie|0 fnt
|-damage|p2a: Bruce Wayne|278\/373|[from] recoil|[of] p1a: Starmie
|faint|p1a: Starmie
|
|-heal|p2a: Bruce Wayne|301\/373|[from] item: Black Sludge
|
|switch|p1a: Glalie|Glalie, F|301\/301
|turn|8
|
|detailschange|p1a: Glalie|Glalie-Mega, F
|-mega|p1a: Glalie|Glalie|Glalitite
|move|p2a: Bruce Wayne|U-turn|p1a: Glalie
|-damage|p1a: Glalie|231\/301
|
|switch|p2a: Bob|Suicune|404\/404
|-ability|p2a: Bob|Pressure
|move|p1a: Glalie|Frustration|p2a: Bob
|-resisted|p2a: Bob
|-damage|p2a: Bob|332\/404
|
|-heal|p2a: Bob|357\/404|[from] item: Leftovers
|turn|9
|
|switch|p1a: Shaymin|Shaymin|341\/341
|move|p2a: Bob|Scald|p1a: Shaymin
|-resisted|p1a: Shaymin
|-damage|p1a: Shaymin|301\/341
|-status|p1a: Shaymin|brn
|
|-heal|p2a: Bob|382\/404|[from] item: Leftovers
|-damage|p1a: Shaymin|259\/341 brn|[from] brn
|turn|10
|
|switch|p2a: Blacky Chan|Umbreon, M|394\/394
|move|p1a: Shaymin|Seed Flare|p2a: Blacky Chan
|-damage|p2a: Blacky Chan|250\/394
|-damage|p1a: Shaymin|225\/341 brn|[from] item: Life Orb
|
|-heal|p2a: Blacky Chan|274\/394|[from] item: Leftovers
|-damage|p1a: Shaymin|183\/341 brn|[from] brn
|turn|11
|
|switch|p1a: Infernape|Infernape, F|293\/293
|move|p2a: Blacky Chan|Wish|p2a: Blacky Chan
|
|-heal|p2a: Blacky Chan|298\/394|[from] item: Leftovers
|turn|12
|
|switch|p2a: Bob|Suicune|382\/404
|-ability|p2a: Bob|Pressure
|move|p1a: Infernape|Nasty Plot|p1a: Infernape
|-boost|p1a: Infernape|spa|2
|
|-heal|p2a: Bob|404\/404|[from] move: Wish|[wisher] Blacky Chan
|turn|13
|
|move|p1a: Infernape|Grass Knot|p2a: Bob
|-supereffective|p2a: Bob
|-damage|p2a: Bob|0 fnt
|-damage|p1a: Infernape|264\/293|[from] item: Life Orb
|faint|p2a: Bob
|
|
|switch|p2a: Whoop Ass|Mienshao, M|271\/271
|turn|14
|
|move|p1a: Infernape|Vacuum Wave|p2a: Whoop Ass
|-damage|p2a: Whoop Ass|25\/271
|-damage|p1a: Infernape|235\/293|[from] item: Life Orb
|move|p2a: Whoop Ass|High Jump Kick|p1a: Infernape
|-damage|p1a: Infernape|0 fnt
|faint|p1a: Infernape
|
|
|switch|p1a: Glalie|Glalie-Mega, F|231\/301
|turn|15
|
|switch|p2a: Blacky Chan|Umbreon, M|298\/394
|move|p1a: Glalie|Ice Shard|p2a: Blacky Chan
|-crit|p2a: Blacky Chan
|-damage|p2a: Blacky Chan|208\/394
|
|-heal|p2a: Blacky Chan|232\/394|[from] item: Leftovers
|turn|16
|
|move|p1a: Glalie|Frustration|p2a: Blacky Chan
|-damage|p2a: Blacky Chan|16\/394
|move|p2a: Blacky Chan|Wish|p2a: Blacky Chan
|
|-heal|p2a: Blacky Chan|40\/394|[from] item: Leftovers
|turn|17
|
|switch|p1a: Krookodile|Krookodile, M|359\/393
|-ability|p1a: Krookodile|Intimidate|[of] p2a: Blacky Chan
|-unboost|p2a: Blacky Chan|atk|1
|move|p2a: Blacky Chan|Protect|p2a: Blacky Chan
|-fail|p2a: Blacky Chan
|
|-heal|p2a: Blacky Chan|237\/394|[from] move: Wish|[wisher] Blacky Chan
|-heal|p1a: Krookodile|383\/393|[from] item: Leftovers
|-heal|p2a: Blacky Chan|261\/394|[from] item: Leftovers
|turn|18
|
|switch|p2a: Bruce Wayne|Crobat, M|301\/373
|move|p1a: Krookodile|Stealth Rock|p2a: Bruce Wayne
|-sidestart|p2: A-Shwan|move: Stealth Rock
|
|-heal|p2a: Bruce Wayne|324\/373|[from] item: Black Sludge
|-heal|p1a: Krookodile|393\/393|[from] item: Leftovers
|turn|19
|
|move|p2a: Bruce Wayne|Defog|p1a: Krookodile
|-unboost|p1a: Krookodile|evasion|1
|-sideend|p2: A-Shwan|Stealth Rock|[from] move: Defog|[of] p2a: Bruce Wayne
|move|p1a: Krookodile|Taunt|p2a: Bruce Wayne
|-start|p2a: Bruce Wayne|move: Taunt
|
|-heal|p2a: Bruce Wayne|347\/373|[from] item: Black Sludge
|turn|20
|
|move|p2a: Bruce Wayne|U-turn|p1a: Krookodile
|-supereffective|p1a: Krookodile
|-damage|p1a: Krookodile|305\/393
|
|switch|p2a: Whoop Ass|Mienshao, M|25\/271
|move|p1a: Krookodile|Stealth Rock|p2a: Whoop Ass
|-sidestart|p2: A-Shwan|move: Stealth Rock
|
|-heal|p1a: Krookodile|329\/393|[from] item: Leftovers
|turn|21
|
|switch|p1a: Jirachi|Jirachi|341\/341
|move|p2a: Whoop Ass|High Jump Kick|p1a: Jirachi
|-damage|p1a: Jirachi|52\/341
|
|turn|22
|
|move|p2a: Whoop Ass|High Jump Kick|p1a: Jirachi
|-damage|p1a: Jirachi|0 fnt
|faint|p1a: Jirachi
|
|
|switch|p1a: Glalie|Glalie-Mega, F|231\/301
|turn|23
|
|switch|p2a: Blacky Chan|Umbreon, M|261\/394
|-damage|p2a: Blacky Chan|212\/394|[from] Stealth Rock
|move|p1a: Glalie|Ice Shard|p2a: Blacky Chan
|-damage|p2a: Blacky Chan|152\/394
|
|-heal|p2a: Blacky Chan|176\/394|[from] item: Leftovers
|turn|24
|
|move|p2a: Blacky Chan|Protect|p2a: Blacky Chan
|-singleturn|p2a: Blacky Chan|Protect
|move|p1a: Glalie|Frustration|p2a: Blacky Chan
|-activate|p2a: Blacky Chan|Protect
|
|-heal|p2a: Blacky Chan|200\/394|[from] item: Leftovers
|turn|25
|
|move|p1a: Glalie|Frustration|p2a: Blacky Chan
|-damage|p2a: Blacky Chan|0 fnt
|faint|p2a: Blacky Chan
|
|
|switch|p2a: Schlong Head|Krookodile, M|332\/332
|-damage|p2a: Schlong Head|312\/332|[from] Stealth Rock
|-ability|p2a: Schlong Head|Intimidate|[of] p1a: Glalie
|-unboost|p1a: Glalie|atk|1
|turn|26
|
|switch|p2a: Zappy Pappy|Ampharos-Mega, M|335\/383
|-damage|p2a: Zappy Pappy|288\/383|[from] Stealth Rock
|-ability|p2a: Zappy Pappy|Mold Breaker
|move|p1a: Glalie|Frustration|p2a: Zappy Pappy
|-supereffective|p2a: Zappy Pappy
|-damage|p2a: Zappy Pappy|88\/383
|
|turn|27
|
|move|p1a: Glalie|Frustration|p2a: Zappy Pappy
|-supereffective|p2a: Zappy Pappy
|-damage|p2a: Zappy Pappy|0 fnt
|faint|p2a: Zappy Pappy
|
|
|switch|p2a: Schlong Head|Krookodile, M|312\/332
|-damage|p2a: Schlong Head|292\/332|[from] Stealth Rock
|-ability|p2a: Schlong Head|Intimidate|[of] p1a: Glalie
|-unboost|p1a: Glalie|atk|1
|turn|28
|
|move|p2a: Schlong Head|Pursuit|p1a: Glalie|[from]Pursuit
|-damage|p1a: Glalie|0 fnt
|faint|p1a: Glalie
|
|
|switch|p1a: Shaymin|Shaymin|183\/341
|turn|29
|
|switch|p2a: Bruce Wayne|Crobat, M|347\/373
|-damage|p2a: Bruce Wayne|254\/373|[from] Stealth Rock
|move|p1a: Shaymin|Seed Flare|p2a: Bruce Wayne
|-resisted|p2a: Bruce Wayne
|-damage|p2a: Bruce Wayne|188\/373
|-unboost|p2a: Bruce Wayne|spd|2
|-damage|p1a: Shaymin|149\/341|[from] item: Life Orb
|
|-heal|p2a: Bruce Wayne|211\/373|[from] item: Black Sludge
|turn|30
|
|move|p2a: Bruce Wayne|Defog|p1a: Shaymin
|-unboost|p1a: Shaymin|evasion|1
|-sideend|p2: A-Shwan|Stealth Rock|[from] move: Defog|[of] p2a: Bruce Wayne
|move|p1a: Shaymin|Air Slash|p2a: Bruce Wayne
|-damage|p2a: Bruce Wayne|0 fnt
|-damage|p1a: Shaymin|115\/341|[from] item: Life Orb
|faint|p2a: Bruce Wayne
|
|
|switch|p2a: Whoop Ass|Mienshao, M|25\/271
|turn|31
|
|move|p2a: Whoop Ass|U-turn|p1a: Shaymin
|-supereffective|p1a: Shaymin
|-damage|p1a: Shaymin|0 fnt
|faint|p1a: Shaymin
|
|switch|p2a: Schlong Head|Krookodile, M|292\/332
|
|
|switch|p1a: Krookodile|Krookodile, M|329\/393
|-ability|p1a: Krookodile|Intimidate|[of] p2a: Schlong Head
|-unboost|p2a: Schlong Head|atk|1
|turn|32
|
|switch|p2a: Whoop Ass|Mienshao, M|25\/271
|move|p1a: Krookodile|Stealth Rock|p2a: Whoop Ass
|-sidestart|p2: A-Shwan|move: Stealth Rock
|
|-heal|p1a: Krookodile|353\/393|[from] item: Leftovers
|turn|33
|
|move|p2a: Whoop Ass|High Jump Kick|p1a: Krookodile
|-supereffective|p1a: Krookodile
|-damage|p1a: Krookodile|0 fnt
|faint|p1a: Krookodile
|
|win|A-Shwan
|raw|Ladder updating...
|c|âA-Shwan|gg
|raw|thesneeze's rating: 1452 &rarr; <strong>1424<\/strong><br \/>(-28 for losing)
|raw|A-Shwan's rating: 1305 &rarr; <strong>1333<\/strong><br \/>(+28 for winning)
|c|âthesneeze|gg
|leave|thesneeze