|join|A-Shwan
|join|funbutannoying
|player|p1|A-Shwan|29
|player|p2|funbutannoying|12
|gametype|singles
|gen|6
|tier|UU
|rated
|rule|Sleep Clause Mod: Limit one foe put to sleep
|rule|Species Clause: Limit one of each PokÃ©mon
|rule|OHKO Clause: OHKO moves are banned
|rule|Moody Clause: Moody is banned
|rule|Evasion Moves Clause: Evasion moves are banned
|rule|Endless Battle Clause: Forcing endless battles is banned
|rule|HP Percentage Mod: HP is shown in percentages
|clearpoke
|poke|p1|Mienshao, M
|poke|p1|Krookodile, M
|poke|p1|Crobat, M
|poke|p1|Suicune
|poke|p1|Ampharos, M
|poke|p1|Blissey, F
|poke|p2|Sableye, M
|poke|p2|Metagross
|poke|p2|Blastoise, M
|poke|p2|Flygon, M
|poke|p2|Nidoking, M
|poke|p2|Milotic, F
|rule|Swagger Clause: Swagger is banned
|rule|Baton Pass Clause: Limit one PokÃ©mon knowing Baton Pass
|teampreview
|
|start
|switch|p1a: Ampharos|Ampharos, M|383\/383
|switch|p2a: Flygon|Flygon, M|301\/301
|turn|1
|c|âA-Shwan|gl hf
|c|âfunbutannoying|Thansk you too
|
|detailschange|p1a: Ampharos|Ampharos-Mega, M
|message|Ampharos has Mega Evolved into Mega Ampharos!
|-ability|p1a: Ampharos|Mold Breaker
|move|p2a: Flygon|Earthquake|p1a: Ampharos
|-supereffective|p1a: Ampharos
|-damage|p1a: Ampharos|155\/383
|move|p1a: Ampharos|Volt Switch|p2a: Flygon
|-immune|p2a: Flygon|[msg]
|
|turn|2
|c|âfunbutannoying|I'm real
|c|âfunbutannoying|i want youto know that XD
|c|âA-Shwan|i predicted uturn
|c|âA-Shwan|lol
|
|switch|p2a: Metagross|Metagross|364\/364
|switch|p1a: Crobat|Crobat, M|373\/373
|
|turn|3
|c|âfunbutannoying|Ik ya did
|
|move|p1a: Crobat|U-turn|p2a: Metagross
|-damage|p2a: Metagross|321\/364
|
|switch|p1a: Krookodile|Krookodile, M|332\/332
|-ability|p1a: Krookodile|Intimidate|[of] p2a: Metagross
|-fail|p2a: Metagross|unboost|[from] ability: Clear Body|[of] p2a: Metagross
|move|p2a: Metagross|Zen Headbutt|p1a: Krookodile
|-immune|p1a: Krookodile|[msg]
|
|turn|4
|
|move|p1a: Krookodile|Pursuit|p2a: Metagross|[from]Pursuit
|-supereffective|p2a: Metagross
|-damage|p2a: Metagross|7\/364
|switch|p2a: Milotic|Milotic, F|394\/394
|
|turn|5
|
|switch|p1a: Ampharos|Ampharos-Mega, M|155\/383
|-ability|p1a: Ampharos|Mold Breaker
|move|p2a: Milotic|Toxic|p1a: Ampharos
|-status|p1a: Ampharos|tox
|
|-damage|p1a: Ampharos|132\/383 tox|[from] psn
|turn|6
|
|switch|p2a: Flygon|Flygon, M|301\/301
|move|p1a: Ampharos|Rest|p1a: Ampharos
|-status|p1a: Ampharos|slp
|-heal|p1a: Ampharos|383\/383 slp|[silent]
|-status|p1a: Ampharos|slp|[from] move: Rest
|
|turn|7
|
|move|p2a: Flygon|U-turn|p1a: Ampharos
|-damage|p1a: Ampharos|331\/383 slp
|c|âA-Shwan|predicted right yes
|
|switch|p2a: Sableye|Sableye, M|304\/304
|cant|p1a: Ampharos|slp
|move|p1a: Ampharos|Sleep Talk|p1a: Ampharos
|move|p1a: Ampharos|Dragon Pulse|p2a: Sableye|[from]Sleep Talk
|-damage|p2a: Sableye|157\/304
|
|-heal|p2a: Sableye|176\/304|[from] item: Leftovers
|turn|8
|
|move|p2a: Sableye|Taunt|p1a: Ampharos
|-start|p1a: Ampharos|move: Taunt
|cant|p1a: Ampharos|slp
|cant|p1a: Ampharos|move: Taunt|Sleep Talk
|
|-heal|p2a: Sableye|195\/304|[from] item: Leftovers
|turn|9
|
|move|p2a: Sableye|Recover|p2a: Sableye
|-heal|p2a: Sableye|304\/304
|-curestatus|p1a: Ampharos|slp
|move|p1a: Ampharos|Dragon Pulse|p2a: Sableye
|-damage|p2a: Sableye|162\/304
|
|-heal|p2a: Sableye|181\/304|[from] item: Leftovers
|turn|10
|
|move|p2a: Sableye|Will-O-Wisp|p1a: Ampharos
|-status|p1a: Ampharos|brn
|move|p1a: Ampharos|Dragon Pulse|p2a: Sableye
|-damage|p2a: Sableye|36\/304
|
|-heal|p2a: Sableye|55\/304|[from] item: Leftovers
|-damage|p1a: Ampharos|284\/383 brn|[from] brn
|-end|p1a: Ampharos|move: Taunt
|turn|11
|
|move|p2a: Sableye|Recover|p2a: Sableye
|-heal|p2a: Sableye|207\/304
|move|p1a: Ampharos|Volt Switch|p2a: Sableye
|-damage|p2a: Sableye|90\/304
|
|switch|p1a: Suicune|Suicune|404\/404
|-ability|p1a: Suicune|Pressure
|
|-heal|p2a: Sableye|109\/304|[from] item: Leftovers
|turn|12
|
|move|p2a: Sableye|Taunt|p1a: Suicune
|-start|p1a: Suicune|move: Taunt
|move|p1a: Suicune|Scald|p2a: Sableye
|-damage|p2a: Sableye|21\/304
|
|-heal|p2a: Sableye|40\/304|[from] item: Leftovers
|turn|13
|
|switch|p1a: Ampharos|Ampharos-Mega, M|284\/383 brn
|-ability|p1a: Ampharos|Mold Breaker
|move|p2a: Sableye|Recover|p2a: Sableye
|-heal|p2a: Sableye|192\/304
|
|-heal|p2a: Sableye|211\/304|[from] item: Leftovers
|-damage|p1a: Ampharos|237\/383 brn|[from] brn
|turn|14
|
|move|p2a: Sableye|Knock Off|p1a: Ampharos
|-damage|p1a: Ampharos|194\/383 brn
|move|p1a: Ampharos|Rest|p1a: Ampharos
|-status|p1a: Ampharos|slp
|-heal|p1a: Ampharos|383\/383 slp|[silent]
|-status|p1a: Ampharos|slp|[from] move: Rest
|
|-heal|p2a: Sableye|230\/304|[from] item: Leftovers
|turn|15
|
|move|p2a: Sableye|Taunt|p1a: Ampharos
|-start|p1a: Ampharos|move: Taunt
|cant|p1a: Ampharos|slp
|cant|p1a: Ampharos|move: Taunt|Sleep Talk
|
|-heal|p2a: Sableye|249\/304|[from] item: Leftovers
|turn|16
|
|switch|p2a: Flygon|Flygon, M|301\/301
|cant|p1a: Ampharos|slp
|
|turn|17
|
|switch|p1a: Suicune|Suicune|404\/404
|-ability|p1a: Suicune|Pressure
|move|p2a: Flygon|U-turn|p1a: Suicune
|-damage|p1a: Suicune|357\/404
|
|switch|p2a: Sableye|Sableye, M|249\/304
|
|-heal|p1a: Suicune|382\/404|[from] item: Leftovers
|-heal|p2a: Sableye|268\/304|[from] item: Leftovers
|turn|18
|
|move|p2a: Sableye|Will-O-Wisp|p1a: Suicune
|-status|p1a: Suicune|brn
|move|p1a: Suicune|Scald|p2a: Sableye
|-damage|p2a: Sableye|178\/304
|
|-heal|p1a: Suicune|404\/404 brn|[from] item: Leftovers
|-heal|p2a: Sableye|197\/304|[from] item: Leftovers
|-damage|p1a: Suicune|354\/404 brn|[from] brn
|turn|19
|
|move|p2a: Sableye|Taunt|p1a: Suicune
|-start|p1a: Suicune|move: Taunt
|move|p1a: Suicune|Scald|p2a: Sableye
|-damage|p2a: Sableye|112\/304
|-status|p2a: Sableye|brn
|
|-heal|p1a: Suicune|379\/404 brn|[from] item: Leftovers
|-heal|p2a: Sableye|131\/304 brn|[from] item: Leftovers
|-damage|p1a: Suicune|329\/404 brn|[from] brn
|-damage|p2a: Sableye|93\/304 brn|[from] brn
|turn|20
|
|switch|p1a: Ampharos|Ampharos-Mega, M|383\/383 slp
|-ability|p1a: Ampharos|Mold Breaker
|move|p2a: Sableye|Recover|p2a: Sableye
|-heal|p2a: Sableye|245\/304 brn
|
|-heal|p2a: Sableye|264\/304 brn|[from] item: Leftovers
|-damage|p2a: Sableye|226\/304 brn|[from] brn
|turn|21
|
|switch|p2a: Metagross|Metagross|7\/364
|-curestatus|p1a: Ampharos|slp
|move|p1a: Ampharos|Sleep Talk|p1a: Ampharos
|-fail|p1a: Ampharos
|
|turn|22
|
|move|p2a: Metagross|Earthquake|p1a: Ampharos
|-supereffective|p1a: Ampharos
|-damage|p1a: Ampharos|193\/383
|move|p1a: Ampharos|Volt Switch|p2a: Metagross
|-damage|p2a: Metagross|0 fnt
|faint|p2a: Metagross
|
|switch|p1a: Mienshao|Mienshao, M|271\/271
|
|
|switch|p2a: Sableye|Sableye, M|226\/304 brn
|turn|23
|
|switch|p1a: Ampharos|Ampharos-Mega, M|193\/383
|-ability|p1a: Ampharos|Mold Breaker
|move|p2a: Sableye|Will-O-Wisp|p1a: Ampharos
|-status|p1a: Ampharos|brn
|
|-heal|p2a: Sableye|245\/304 brn|[from] item: Leftovers
|-damage|p2a: Sableye|207\/304 brn|[from] brn
|-damage|p1a: Ampharos|146\/383 brn|[from] brn
|turn|24
|
|move|p2a: Sableye|Taunt|p1a: Ampharos
|-start|p1a: Ampharos|move: Taunt
|move|p1a: Ampharos|Dragon Pulse|p2a: Sableye
|-damage|p2a: Sableye|72\/304 brn
|
|-heal|p2a: Sableye|91\/304 brn|[from] item: Leftovers
|-damage|p2a: Sableye|53\/304 brn|[from] brn
|-damage|p1a: Ampharos|99\/383 brn|[from] brn
|turn|25
|
|move|p2a: Sableye|Recover|p2a: Sableye
|-heal|p2a: Sableye|205\/304 brn
|move|p1a: Ampharos|Dragon Pulse|p2a: Sableye
|-damage|p2a: Sableye|55\/304 brn
|
|-heal|p2a: Sableye|74\/304 brn|[from] item: Leftovers
|-damage|p2a: Sableye|36\/304 brn|[from] brn
|-damage|p1a: Ampharos|52\/383 brn|[from] brn
|turn|26
|
|move|p2a: Sableye|Recover|p2a: Sableye
|-heal|p2a: Sableye|188\/304 brn
|move|p1a: Ampharos|Dragon Pulse|p2a: Sableye
|-damage|p2a: Sableye|29\/304 brn
|
|-heal|p2a: Sableye|48\/304 brn|[from] item: Leftovers
|-damage|p2a: Sableye|10\/304 brn|[from] brn
|-damage|p1a: Ampharos|5\/383 brn|[from] brn
|-end|p1a: Ampharos|move: Taunt
|turn|27
|
|move|p2a: Sableye|Knock Off|p1a: Ampharos
|-damage|p1a: Ampharos|0 fnt
|faint|p1a: Ampharos
|
|-heal|p2a: Sableye|29\/304 brn|[from] item: Leftovers
|-damage|p2a: Sableye|0 fnt|[from] brn
|faint|p2a: Sableye
|
|switch|p1a: Mienshao|Mienshao, M|271\/271
|switch|p2a: Flygon|Flygon, M|301\/301
|turn|28
|
|move|p1a: Mienshao|High Jump Kick|p2a: Flygon
|-damage|p2a: Flygon|0 fnt
|faint|p2a: Flygon
|
|
|switch|p2a: Blastoise|Blastoise, M|362\/362
|turn|29
|
|detailschange|p2a: Blastoise|Blastoise-Mega, M
|message|Blastoise has Mega Evolved into Mega Blastoise!
|move|p1a: Mienshao|High Jump Kick|p2a: Blastoise|[miss]
|-miss|p1a: Mienshao|p2a: Blastoise
|-damage|p1a: Mienshao|136\/271|[from] highjumpkick
|move|p2a: Blastoise|Dark Pulse|p1a: Mienshao
|-resisted|p1a: Mienshao
|-damage|p1a: Mienshao|21\/271
|
|turn|30
|
|move|p1a: Mienshao|High Jump Kick|p2a: Blastoise
|-damage|p2a: Blastoise|125\/362
|move|p2a: Blastoise|Dark Pulse|p1a: Mienshao
|-resisted|p1a: Mienshao
|-damage|p1a: Mienshao|0 fnt
|faint|p1a: Mienshao
|
|
|switch|p1a: Krookodile|Krookodile, M|332\/332
|-ability|p1a: Krookodile|Intimidate|[of] p2a: Blastoise
|-unboost|p2a: Blastoise|atk|1
|turn|31
|
|move|p1a: Krookodile|Earthquake|p2a: Blastoise
|-damage|p2a: Blastoise|0 fnt
|faint|p2a: Blastoise
|
|
|switch|p2a: Milotic|Milotic, F|394\/394
|turn|32
|
|switch|p1a: Suicune|Suicune|329\/404 brn
|-ability|p1a: Suicune|Pressure
|move|p2a: Milotic|Scald|p1a: Suicune
|-resisted|p1a: Suicune
|-damage|p1a: Suicune|290\/404 brn
|
|-heal|p1a: Suicune|315\/404 brn|[from] item: Leftovers
|-damage|p1a: Suicune|265\/404 brn|[from] brn
|turn|33
|
|switch|p2a: Nidoking|Nidoking, M|304\/304
|move|p1a: Suicune|Rest|p1a: Suicune
|-status|p1a: Suicune|slp
|-heal|p1a: Suicune|404\/404 slp|[silent]
|-status|p1a: Suicune|slp|[from] move: Rest
|
|turn|34
|
|move|p2a: Nidoking|Thunderbolt|p1a: Suicune
|-supereffective|p1a: Suicune
|-damage|p1a: Suicune|154\/404 slp
|cant|p1a: Suicune|slp
|move|p1a: Suicune|Sleep Talk|p1a: Suicune
|move|p1a: Suicune|Calm Mind|p1a: Suicune|[from]Sleep Talk
|-boost|p1a: Suicune|spa|1
|-boost|p1a: Suicune|spd|1
|
|-heal|p1a: Suicune|179\/404 slp|[from] item: Leftovers
|turn|35
|
|switch|p1a: Krookodile|Krookodile, M|332\/332
|-ability|p1a: Krookodile|Intimidate|[of] p2a: Nidoking
|-unboost|p2a: Nidoking|atk|1
|move|p2a: Nidoking|Sludge Wave|p1a: Krookodile
|-resisted|p1a: Krookodile
|-damage|p1a: Krookodile|188\/332
|
|turn|36
|
|move|p1a: Krookodile|Earthquake|p2a: Nidoking
|-supereffective|p2a: Nidoking
|-damage|p2a: Nidoking|0 fnt
|faint|p2a: Nidoking
|
|
|switch|p2a: Milotic|Milotic, F|394\/394
|turn|37
|
|switch|p1a: Crobat|Crobat, M|373\/373
|move|p2a: Milotic|Aqua Ring|p2a: Milotic
|-start|p2a: Milotic|Aqua Ring
|
|turn|38
|
|move|p1a: Crobat|Brave Bird|p2a: Milotic
|-damage|p2a: Milotic|276\/394
|-damage|p1a: Crobat|311\/373|[from] item: Rocky Helmet|[of] p2a: Milotic
|-damage|p1a: Crobat|272\/373|[from] recoil|[of] p2a: Milotic
|move|p2a: Milotic|Scald|p1a: Crobat
|-damage|p1a: Crobat|157\/373
|
|-heal|p1a: Crobat|180\/373|[from] item: Black Sludge
|-heal|p2a: Milotic|300\/394|[from] Aqua Ring
|turn|39
|
|move|p1a: Crobat|Brave Bird|p2a: Milotic
|-damage|p2a: Milotic|191\/394
|-damage|p1a: Crobat|118\/373|[from] item: Rocky Helmet|[of] p2a: Milotic
|-damage|p1a: Crobat|82\/373|[from] recoil|[of] p2a: Milotic
|move|p2a: Milotic|Scald|p1a: Crobat
|-damage|p1a: Crobat|0 fnt
|faint|p1a: Crobat
|
|-heal|p2a: Milotic|215\/394|[from] Aqua Ring
|
|switch|p1a: Krookodile|Krookodile, M|188\/332
|-ability|p1a: Krookodile|Intimidate|[of] p2a: Milotic
|-unboost|p2a: Milotic|atk|1
|turn|40
|
|move|p1a: Krookodile|Earthquake|p2a: Milotic
|-damage|p2a: Milotic|13\/394
|move|p2a: Milotic|Recover|p2a: Milotic
|-heal|p2a: Milotic|210\/394
|
|-heal|p2a: Milotic|234\/394|[from] Aqua Ring
|turn|41
|
|move|p1a: Krookodile|Earthquake|p2a: Milotic
|-damage|p2a: Milotic|9\/394
|move|p2a: Milotic|Scald|p1a: Krookodile
|-supereffective|p1a: Krookodile
|-damage|p1a: Krookodile|0 fnt
|faint|p1a: Krookodile
|
|-heal|p2a: Milotic|33\/394|[from] Aqua Ring
|
|switch|p1a: Suicune|Suicune|179\/404 slp
|-ability|p1a: Suicune|Pressure
|turn|42
|
|cant|p1a: Suicune|slp
|move|p1a: Suicune|Sleep Talk|p1a: Suicune
|move|p1a: Suicune|Scald|p2a: Milotic|[from]Sleep Talk
|-crit|p2a: Milotic
|-resisted|p2a: Milotic
|-damage|p2a: Milotic|0 fnt
|faint|p2a: Milotic
|
|win|A-Shwan
|raw|Ladder updating...
|raw|A-Shwan's rating: 1471 &rarr; <strong>1484<\/strong><br \/>(+13 for winning)
|raw|funbutannoying's rating: 1357 &rarr; <strong>1344<\/strong><br \/>(-13 for losing)
|c|âA-Shwan|gg
|c|âfunbutannoying|gg
|leave|funbutannoying
|player|p2