|join|cjoerg
|join|A-Shwan
|player|p1|cjoerg|126
|player|p2|A-Shwan|29
|gametype|singles
|gen|6
|tier|UU
|rated
|rule|Sleep Clause Mod: Limit one foe put to sleep
|rule|Species Clause: Limit one of each PokÃ©mon
|rule|OHKO Clause: OHKO moves are banned
|rule|Moody Clause: Moody is banned
|rule|Evasion Moves Clause: Evasion moves are banned
|rule|Endless Battle Clause: Forcing endless battles is banned
|rule|HP Percentage Mod: HP is shown in percentages
|clearpoke
|poke|p1|Beedrill, F
|poke|p1|Donphan, M
|poke|p1|Goodra, M
|poke|p1|Arcanine, M
|poke|p1|Milotic, F
|poke|p1|Azelf
|poke|p2|Mienshao, M
|poke|p2|Krookodile, M
|poke|p2|Crobat, M
|poke|p2|Suicune
|poke|p2|Ampharos, M
|poke|p2|Umbreon, M
|rule|Swagger Clause: Swagger is banned
|rule|Baton Pass Clause: Limit one PokÃ©mon knowing Baton Pass
|teampreview
|c|âA-Shwan|glhf
|c|âcjoerg|gl
|
|start
|switch|p1a: Arcanine|Arcanine, M|384\/384
|switch|p2a: Zappy Pappy|Ampharos, M|383\/383
|-ability|p1a: Arcanine|Intimidate|[of] p2a: Zappy Pappy
|-unboost|p2a: Zappy Pappy|atk|1
|turn|1
|
|detailschange|p2a: Zappy Pappy|Ampharos-Mega, M
|-mega|p2a: Zappy Pappy|Ampharos|Ampharosite
|-ability|p2a: Zappy Pappy|Mold Breaker
|move|p1a: Arcanine|Will-O-Wisp|p2a: Zappy Pappy
|-status|p2a: Zappy Pappy|brn
|move|p2a: Zappy Pappy|Dragon Pulse|p1a: Arcanine
|-damage|p1a: Arcanine|210\/384
|
|-heal|p1a: Arcanine|234\/384|[from] item: Leftovers
|-damage|p2a: Zappy Pappy|336\/383 brn|[from] brn
|turn|2
|join|TheAtlusSidekick
|
|move|p1a: Arcanine|Morning Sun|p1a: Arcanine
|-heal|p1a: Arcanine|384\/384
|move|p2a: Zappy Pappy|Volt Switch|p1a: Arcanine
|-damage|p1a: Arcanine|236\/384
|
|switch|p2a: Bob|Suicune|404\/404
|-ability|p2a: Bob|Pressure
|
|-heal|p1a: Arcanine|260\/384|[from] item: Leftovers
|turn|3
|
|switch|p1a: Goodra|Goodra, M|384\/384
|move|p2a: Bob|Scald|p1a: Goodra
|-crit|p1a: Goodra
|-resisted|p1a: Goodra
|-damage|p1a: Goodra|345\/384
|-status|p1a: Goodra|brn
|
|-heal|p1a: Goodra|369\/384 brn|[from] item: Leftovers
|-damage|p1a: Goodra|321\/384 brn|[from] brn
|turn|4
|
|switch|p2a: Blacky Chan|Umbreon, M|393\/393
|move|p1a: Goodra|Dragon Tail|p2a: Blacky Chan
|-damage|p2a: Blacky Chan|357\/393
|drag|p2a: Schlong Head|Krookodile, M|332\/332
|-ability|p2a: Schlong Head|Intimidate|[of] p1a: Goodra
|-unboost|p1a: Goodra|atk|1
|
|-heal|p1a: Goodra|345\/384 brn|[from] item: Leftovers
|-damage|p1a: Goodra|297\/384 brn|[from] brn
|turn|5
|
|switch|p1a: Azelf|Azelf|291\/291
|move|p2a: Schlong Head|Knock Off|p1a: Azelf
|-supereffective|p1a: Azelf
|-damage|p1a: Azelf|0 fnt
|-enditem|p1a: Azelf|Choice Scarf|[from] move: Knock Off|[of] p2a: Schlong Head
|faint|p1a: Azelf
|
|c|âcjoerg|hahha he does have a dick for a dome
|c|âcjoerg|thats mad funny
|c| TheAtlusSidekick|I lol'd
|c|âA-Shwan|lol
|
|switch|p1a: Beedrill|Beedrill, F|271\/271
|turn|6
|
|switch|p2a: Zappy Pappy|Ampharos-Mega, M|336\/383 brn
|-ability|p2a: Zappy Pappy|Mold Breaker
|detailschange|p1a: Beedrill|Beedrill-Mega, F
|-mega|p1a: Beedrill|Beedrill|Beedrillite
|move|p1a: Beedrill|Protect|p1a: Beedrill
|-fail|p1a: Beedrill
|
|-damage|p2a: Zappy Pappy|289\/383 brn|[from] brn
|turn|7
|
|move|p1a: Beedrill|Drill Run|p2a: Zappy Pappy|[miss]
|-miss|p1a: Beedrill|p2a: Zappy Pappy
|move|p2a: Zappy Pappy|Dragon Pulse|p1a: Beedrill
|-damage|p1a: Beedrill|85\/271
|
|-damage|p2a: Zappy Pappy|242\/383 brn|[from] brn
|turn|8
|
|move|p1a: Beedrill|U-turn|p2a: Zappy Pappy
|-damage|p2a: Zappy Pappy|104\/383 brn
|
|switch|p1a: Milotic|Milotic, F|394\/394
|move|p2a: Zappy Pappy|Rest|p2a: Zappy Pappy
|-status|p2a: Zappy Pappy|slp
|-heal|p2a: Zappy Pappy|383\/383 slp|[silent]
|-status|p2a: Zappy Pappy|slp|[from] move: Rest
|
|turn|9
|
|move|p1a: Milotic|Ice Beam|p2a: Zappy Pappy
|-supereffective|p2a: Zappy Pappy
|-damage|p2a: Zappy Pappy|197\/383 slp
|cant|p2a: Zappy Pappy|slp
|move|p2a: Zappy Pappy|Sleep Talk|p2a: Zappy Pappy
|move|p2a: Zappy Pappy|Volt Switch|p1a: Milotic|[from]Sleep Talk
|-crit|p1a: Milotic
|-supereffective|p1a: Milotic
|-damage|p1a: Milotic|88\/394
|
|switch|p2a: Whoop Ass|Mienshao, M|271\/271
|
|-heal|p1a: Milotic|112\/394|[from] item: Leftovers
|turn|10
|
|switch|p1a: Arcanine|Arcanine, M|260\/384
|-ability|p1a: Arcanine|Intimidate|[of] p2a: Whoop Ass
|-unboost|p2a: Whoop Ass|atk|1
|move|p2a: Whoop Ass|U-turn|p1a: Arcanine
|-resisted|p1a: Arcanine
|-damage|p1a: Arcanine|236\/384
|
|switch|p2a: Bob|Suicune|404\/404
|-ability|p2a: Bob|Pressure
|
|-heal|p1a: Arcanine|260\/384|[from] item: Leftovers
|turn|11
|
|switch|p1a: Milotic|Milotic, F|112\/394
|switch|p2a: Schlong Head|Krookodile, M|332\/332
|-ability|p2a: Schlong Head|Intimidate|[of] p1a: Milotic
|-unboost|p1a: Milotic|atk|1
|
|-heal|p1a: Milotic|136\/394|[from] item: Leftovers
|turn|12
|
|move|p2a: Schlong Head|Earthquake|p1a: Milotic
|-damage|p1a: Milotic|0 fnt
|faint|p1a: Milotic
|
|
|switch|p1a: Beedrill|Beedrill-Mega, F|85\/271
|turn|13
|
|switch|p2a: Bruce Wayne|Crobat, M|373\/373
|move|p1a: Beedrill|U-turn|p2a: Bruce Wayne
|-resisted|p2a: Bruce Wayne
|-damage|p2a: Bruce Wayne|315\/373
|
|switch|p1a: Donphan|Donphan, M|321\/321
|
|-heal|p2a: Bruce Wayne|338\/373|[from] item: Black Sludge
|turn|14
|
|move|p2a: Bruce Wayne|U-turn|p1a: Donphan
|-damage|p1a: Donphan|274\/321
|-damage|p2a: Bruce Wayne|276\/373|[from] item: Rocky Helmet|[of] p1a: Donphan
|
|switch|p2a: Bob|Suicune|404\/404
|-ability|p2a: Bob|Pressure
|move|p1a: Donphan|Knock Off|p2a: Bob
|-damage|p2a: Bob|334\/404
|-enditem|p2a: Bob|Leftovers|[from] move: Knock Off|[of] p1a: Donphan
|
|turn|15
|
|switch|p2a: Schlong Head|Krookodile, M|332\/332
|-ability|p2a: Schlong Head|Intimidate|[of] p1a: Donphan
|-unboost|p1a: Donphan|atk|1
|switch|p1a: Goodra|Goodra, M|297\/384 brn
|
|-heal|p1a: Goodra|321\/384 brn|[from] item: Leftovers
|-damage|p1a: Goodra|273\/384 brn|[from] brn
|turn|16
|
|move|p2a: Schlong Head|Earthquake|p1a: Goodra
|-damage|p1a: Goodra|0 fnt
|faint|p1a: Goodra
|
|c|âcjoerg|this team is solid mate
|c|âcjoerg|I got nothing
|
|switch|p1a: Beedrill|Beedrill-Mega, F|85\/271
|turn|17
|c|âA-Shwan|thnk mate
|
|switch|p2a: Bruce Wayne|Crobat, M|276\/373
|move|p1a: Beedrill|Poison Jab|p2a: Bruce Wayne
|-resisted|p2a: Bruce Wayne
|-damage|p2a: Bruce Wayne|138\/373
|
|-heal|p2a: Bruce Wayne|161\/373|[from] item: Black Sludge
|turn|18
|
|move|p1a: Beedrill|U-turn|p2a: Bruce Wayne
|-resisted|p2a: Bruce Wayne
|-damage|p2a: Bruce Wayne|101\/373
|
|switch|p1a: Donphan|Donphan, M|274\/321
|move|p2a: Bruce Wayne|Roost|p2a: Bruce Wayne
|-heal|p2a: Bruce Wayne|288\/373
|
|-heal|p2a: Bruce Wayne|311\/373|[from] item: Black Sludge
|turn|19
|
|switch|p2a: Bob|Suicune|334\/404
|-ability|p2a: Bob|Pressure
|move|p1a: Donphan|Knock Off|p2a: Bob
|-damage|p2a: Bob|289\/404
|
|turn|20
|
|move|p2a: Bob|Scald|p1a: Donphan
|-supereffective|p1a: Donphan
|-damage|p1a: Donphan|0 fnt
|faint|p1a: Donphan
|
|
|switch|p1a: Beedrill|Beedrill-Mega, F|85\/271
|turn|21
|
|move|p1a: Beedrill|Poison Jab|p2a: Bob
|-damage|p2a: Bob|147\/404
|move|p2a: Bob|Scald|p1a: Beedrill
|-damage|p1a: Beedrill|0 fnt
|faint|p1a: Beedrill
|
|
|switch|p1a: Arcanine|Arcanine, M|260\/384
|-ability|p1a: Arcanine|Intimidate|[of] p2a: Bob
|-unboost|p2a: Bob|atk|1
|turn|22
|
|move|p1a: Arcanine|Extreme Speed|p2a: Bob
|-damage|p2a: Bob|104\/404
|move|p2a: Bob|Scald|p1a: Arcanine
|-supereffective|p1a: Arcanine
|-damage|p1a: Arcanine|36\/384
|
|-heal|p1a: Arcanine|60\/384|[from] item: Leftovers
|turn|23
|
|move|p1a: Arcanine|Extreme Speed|p2a: Bob
|-damage|p2a: Bob|56\/404
|move|p2a: Bob|Scald|p1a: Arcanine
|-supereffective|p1a: Arcanine
|-damage|p1a: Arcanine|0 fnt
|faint|p1a: Arcanine
|
|win|A-Shwan
|raw|Ladder updating...
|raw|cjoerg's rating: 1259 &rarr; <strong>1232<\/strong><br \/>(-27 for losing)
|raw|A-Shwan's rating: 1231 &rarr; <strong>1258<\/strong><br \/>(+27 for winning)
|c|âA-Shwan|gg