|join|A-Shwan
|join|fleeting success
|player|p1|A-Shwan|29
|player|p2|fleeting success|101
|gametype|singles
|gen|6
|tier|UU
|rated
|rule|Sleep Clause Mod: Limit one foe put to sleep
|rule|Species Clause: Limit one of each PokÃ©mon
|rule|OHKO Clause: OHKO moves are banned
|rule|Moody Clause: Moody is banned
|rule|Evasion Moves Clause: Evasion moves are banned
|rule|Endless Battle Clause: Forcing endless battles is banned
|rule|HP Percentage Mod: HP is shown in percentages
|clearpoke
|poke|p1|Arcanine, M
|poke|p1|Raikou
|poke|p1|Shaymin
|poke|p1|Honchkrow, M
|poke|p1|Mienshao, F
|poke|p1|Blastoise, M
|poke|p2|Ursaring, F
|poke|p2|Cloyster, M
|poke|p2|Heracross, M
|poke|p2|Victini
|poke|p2|Ninjask, M
|poke|p2|Aggron, F
|rule|Swagger Clause: Swagger is banned
|rule|Baton Pass Clause: Limit one PokÃ©mon knowing Baton Pass
|teampreview
|
|start
|switch|p1a: Raikou|Raikou|322\/322
|switch|p2a: Ninjask|Ninjask, M|326\/326
|-ability|p1a: Raikou|Pressure
|turn|1
|
|move|p2a: Ninjask|Swords Dance|p2a: Ninjask
|-boost|p2a: Ninjask|atk|2
|move|p1a: Raikou|Volt Switch|p2a: Ninjask
|-supereffective|p2a: Ninjask
|-enditem|p2a: Ninjask|Focus Sash
|-damage|p2a: Ninjask|1\/326
|
|switch|p1a: Arcanine|Arcanine, M|383\/383
|-ability|p1a: Arcanine|Intimidate|[of] p2a: Ninjask
|-unboost|p2a: Ninjask|atk|1
|
|-boost|p2a: Ninjask|spe|1|[from] ability: Speed Boost
|turn|2
|chat|fleeting success|arcanince
|chat|fleeting success|knew it wp
|
|move|p2a: Ninjask|Protect|p2a: Ninjask
|-singleturn|p2a: Ninjask|Protect
|move|p1a: Arcanine|Extreme Speed|p2a: Ninjask
|-activate|p2a: Ninjask|Protect
|
|-boost|p2a: Ninjask|spe|1|[from] ability: Speed Boost
|turn|3
|
|switch|p1a: Blastoise|Blastoise, M|358\/358
|move|p2a: Ninjask|Aerial Ace|p1a: Blastoise
|-crit|p1a: Blastoise
|-damage|p1a: Blastoise|216\/358
|
|-boost|p2a: Ninjask|spe|1|[from] ability: Speed Boost
|turn|4
|chat|A-Shwan|damn misclicked
|
|detailschange|p1a: Blastoise|Blastoise-Mega, M
|message|Blastoise has Mega Evolved into Mega Blastoise!
|move|p2a: Ninjask|Baton Pass|p2a: Ninjask
|
|switch|p2a: Ursaring|Ursaring, F|384\/384
|move|p1a: Blastoise|Scald|p2a: Ursaring
|-damage|p2a: Ursaring|164\/384
|
|-status|p2a: Ursaring|tox|[from] item: Toxic Orb
|turn|5
|
|move|p2a: Ursaring|Facade|p1a: Blastoise
|-damage|p1a: Blastoise|0 fnt
|faint|p1a: Blastoise
|
|-damage|p2a: Ursaring|140\/384 tox|[from] psn
|
|switch|p1a: Arcanine|Arcanine, M|383\/383
|-ability|p1a: Arcanine|Intimidate|[of] p2a: Ursaring
|-unboost|p2a: Ursaring|atk|1
|turn|6
|
|move|p2a: Ursaring|Facade|p1a: Arcanine
|-damage|p1a: Arcanine|62\/383
|move|p1a: Arcanine|Flare Blitz|p2a: Ursaring
|-damage|p2a: Ursaring|0 fnt
|-damage|p1a: Arcanine|16\/383|[from] recoil|[of] p2a: Ursaring
|faint|p2a: Ursaring
|
|-heal|p1a: Arcanine|39\/383|[from] item: Leftovers
|
|switch|p2a: Victini|Victini|341\/341
|turn|7
|
|move|p2a: Victini|U-turn|p1a: Arcanine
|-resisted|p1a: Arcanine
|-damage|p1a: Arcanine|0 fnt
|faint|p1a: Arcanine
|
|switch|p2a: Aggron|Aggron, F|344\/344
|
|
|switch|p1a: Shaymin|Shaymin|341\/341
|turn|8
|
|detailschange|p2a: Aggron|Aggron-Mega, F
|message|Aggron has Mega Evolved into Mega Aggron!
|move|p1a: Shaymin|Earth Power|p2a: Aggron
|-supereffective|p2a: Aggron
|-damage|p2a: Aggron|135\/344
|-damage|p1a: Shaymin|307\/341|[from] item: Life Orb
|move|p2a: Aggron|Heavy Slam|p1a: Shaymin
|-damage|p1a: Shaymin|48\/341
|
|turn|9
|
|switch|p2a: Ninjask|Ninjask, M|1\/326
|move|p1a: Shaymin|Earth Power|p2a: Ninjask
|-immune|p2a: Ninjask|[msg]
|
|turn|10
|
|move|p2a: Ninjask|Aerial Ace|p1a: Shaymin
|-supereffective|p1a: Shaymin
|-damage|p1a: Shaymin|0 fnt
|faint|p1a: Shaymin
|
|-boost|p2a: Ninjask|spe|1|[from] ability: Speed Boost
|
|switch|p1a: Honchkrow|Honchkrow, M|341\/341
|turn|11
|
|move|p2a: Ninjask|Swords Dance|p2a: Ninjask
|-boost|p2a: Ninjask|atk|2
|move|p1a: Honchkrow|Substitute|p1a: Honchkrow
|-start|p1a: Honchkrow|Substitute
|-damage|p1a: Honchkrow|256\/341
|
|-boost|p2a: Ninjask|spe|1|[from] ability: Speed Boost
|turn|12
|
|move|p2a: Ninjask|Baton Pass|p2a: Ninjask
|
|switch|p2a: Cloyster|Cloyster, M|242\/242
|move|p1a: Honchkrow|Brave Bird|p2a: Cloyster
|-damage|p2a: Cloyster|55\/242
|-damage|p1a: Honchkrow|194\/341|[from] recoil|[of] p2a: Cloyster
|-damage|p1a: Honchkrow|160\/341|[from] item: Life Orb
|
|turn|13
|chat|fleeting success|wow tahts a lot of attack
|
|move|p1a: Honchkrow|Sucker Punch|p2a: Cloyster
|-damage|p2a: Cloyster|0 fnt
|-damage|p1a: Honchkrow|126\/341|[from] item: Life Orb
|faint|p2a: Cloyster
|-boost|p1a: Honchkrow|atk|1|[from] ability: Moxie
|
|chat|fleeting success|damn
|chat|A-Shwan|ikr
|
|switch|p2a: Ninjask|Ninjask, M|1\/326
|turn|14
|chat|A-Shwan|honkrow is a beast
|
|move|p2a: Ninjask|Swords Dance|p2a: Ninjask
|-boost|p2a: Ninjask|atk|2
|move|p1a: Honchkrow|Brave Bird|p2a: Ninjask
|-supereffective|p2a: Ninjask
|-damage|p2a: Ninjask|0 fnt
|-damage|p1a: Honchkrow|125\/341|[from] recoil|[of] p2a: Ninjask
|-damage|p1a: Honchkrow|91\/341|[from] item: Life Orb
|faint|p2a: Ninjask
|-boost|p1a: Honchkrow|atk|1|[from] ability: Moxie
|
|
|switch|p2a: Victini|Victini|341\/341
|turn|15
|
|move|p1a: Honchkrow|Sucker Punch|p2a: Victini
|-supereffective|p2a: Victini
|-damage|p2a: Victini|0 fnt
|-damage|p1a: Honchkrow|57\/341|[from] item: Life Orb
|faint|p2a: Victini
|-boost|p1a: Honchkrow|atk|1|[from] ability: Moxie
|
|
|switch|p2a: Heracross|Heracross, M|364\/364
|turn|16
|
|move|p1a: Honchkrow|Roost|p1a: Honchkrow
|-heal|p1a: Honchkrow|228\/341
|move|p2a: Heracross|Megahorn|p1a: Honchkrow
|-supereffective|p1a: Honchkrow
|-end|p1a: Honchkrow|Substitute
|
|turn|17
|
|switch|p2a: Aggron|Aggron-Mega, F|135\/344
|move|p1a: Honchkrow|Brave Bird|p2a: Aggron
|-resisted|p2a: Aggron
|-damage|p2a: Aggron|0 fnt
|-damage|p1a: Honchkrow|183\/341|[from] recoil|[of] p2a: Aggron
|-damage|p1a: Honchkrow|149\/341|[from] item: Life Orb
|faint|p2a: Aggron
|-boost|p1a: Honchkrow|atk|1|[from] ability: Moxie
|
|
|switch|p2a: Heracross|Heracross, M|364\/364
|turn|18
|chat|A-Shwan|gg
|
|move|p1a: Honchkrow|Brave Bird|p2a: Heracross
|-supereffective|p2a: Heracross
|-damage|p2a: Heracross|0 fnt
|-damage|p1a: Honchkrow|29\/341|[from] recoil|[of] p2a: Heracross
|-damage|p1a: Honchkrow|0 fnt|[from] item: Life Orb
|faint|p2a: Heracross
|faint|p1a: Honchkrow
|
|win|A-Shwan
|raw|Ladder updating...
|raw|A-Shwan's rating: 1161 &rarr; <strong>1185<\/strong><br \/>(+24 for winning)
|raw|fleeting success's rating: 1153 &rarr; <strong>1129<\/strong><br \/>(-24 for losing)
|chat|fleeting success|gg