|join|A-Shwan
|join|Shortypants
|player|p1|A-Shwan|29
|player|p2|Shortypants|23
|gametype|singles
|gen|6
|tier|UU
|rated
|rule|Sleep Clause Mod: Limit one foe put to sleep
|rule|Species Clause: Limit one of each PokÃ©mon
|rule|OHKO Clause: OHKO moves are banned
|rule|Moody Clause: Moody is banned
|rule|Evasion Moves Clause: Evasion moves are banned
|rule|Endless Battle Clause: Forcing endless battles is banned
|rule|HP Percentage Mod: HP is shown in percentages
|clearpoke
|poke|p1|Blissey, F
|poke|p1|Heracross, M
|poke|p1|Hydreigon, M
|poke|p1|Slowbro, M
|poke|p1|Victini
|poke|p1|Blastoise, F
|poke|p2|Swellow, F
|rule|Swagger Clause: Swagger is banned
|rule|Baton Pass Clause: Limit one PokÃ©mon knowing Baton Pass
|teampreview
|
|start
|switch|p1a: Victini|Victini|341\/341
|switch|p2a: Swellow|Swellow, F|261\/261
|turn|1
|chat|Shortypants|gg I win
|chat|A-Shwan|hmmmmmm
|chat|A-Shwan|i wonder wat u r up 2
|
|move|p2a: Swellow|Boomburst|p1a: Victini
|-crit|p1a: Victini
|-damage|p1a: Victini|0 fnt
|faint|p1a: Victini
|
|
|switch|p1a: Blissey|Blissey, F|652\/652
|turn|2
|
|move|p2a: Swellow|Boomburst|p1a: Blissey
|-damage|p1a: Blissey|511\/652
|move|p1a: Blissey|Toxic|p2a: Swellow
|-status|p2a: Swellow|tox
|
|-heal|p1a: Blissey|551\/652|[from] item: Leftovers
|-damage|p2a: Swellow|245\/261 tox|[from] psn
|turn|3
|
|switch|p1a: Slowbro|Slowbro, M|393\/393
|move|p2a: Swellow|Boomburst|p1a: Slowbro
|-damage|p1a: Slowbro|141\/393
|
|-heal|p1a: Slowbro|165\/393|[from] item: Leftovers
|-damage|p2a: Swellow|213\/261 tox|[from] psn
|turn|4
|
|move|p2a: Swellow|Boomburst|p1a: Slowbro
|-damage|p1a: Slowbro|0 fnt
|faint|p1a: Slowbro
|
|-damage|p2a: Swellow|165\/261 tox|[from] psn
|chat|Shortypants|so stronk
|
|switch|p1a: Heracross|Heracross, M|302\/302
|turn|5
|chat|A-Shwan|yes she is
|
|move|p1a: Heracross|Earthquake|p2a: Swellow
|-immune|p2a: Swellow|[msg]
|move|p2a: Swellow|Boomburst|p1a: Heracross
|-damage|p1a: Heracross|82\/302
|
|-damage|p2a: Swellow|101\/261 tox|[from] psn
|turn|6
|
|move|p1a: Heracross|Earthquake|p2a: Swellow
|-immune|p2a: Swellow|[msg]
|move|p2a: Swellow|Boomburst|p1a: Heracross
|-damage|p1a: Heracross|0 fnt
|faint|p1a: Heracross
|
|-damage|p2a: Swellow|21\/261 tox|[from] psn
|chat|Shortypants|xD
|chat|Shortypants|I CAN STILL WIN
|
|switch|p1a: Blastoise|Blastoise, F|358\/358
|turn|7
|chat|A-Shwan|lol
|
|detailschange|p1a: Blastoise|Blastoise-Mega, F
|message|Blastoise has Mega Evolved into Mega Blastoise!
|move|p2a: Swellow|Boomburst|p1a: Blastoise
|-damage|p1a: Blastoise|166\/358
|move|p1a: Blastoise|Rapid Spin|p2a: Swellow
|-damage|p2a: Swellow|0 fnt
|faint|p2a: Swellow
|
|win|A-Shwan
|raw|Ladder updating...
|raw|A-Shwan's rating: 1219 &rarr; <strong>1238<\/strong><br \/>(+19 for winning)
|raw|Shortypants's rating: 1141 &rarr; <strong>1121<\/strong><br \/>(-20 for losing)
|chat|Shortypants|rapid spin kill
|chat|A-Shwan|gg
|chat|Shortypants|classic
|chat|Shortypants|gg