|join|A-Shwan
|join|Another gg easy
|player|p1|A-Shwan|29
|player|p2|Another gg easy|72
|gametype|singles
|gen|6
|tier|UU
|rated
|rule|Sleep Clause Mod: Limit one foe put to sleep
|rule|Species Clause: Limit one of each PokÃ©mon
|rule|OHKO Clause: OHKO moves are banned
|rule|Moody Clause: Moody is banned
|rule|Evasion Moves Clause: Evasion moves are banned
|rule|Endless Battle Clause: Forcing endless battles is banned
|rule|HP Percentage Mod: HP is shown in percentages
|clearpoke
|poke|p1|Mienshao, M
|poke|p1|Crobat, M, shiny
|poke|p1|Krookodile, M
|poke|p1|Umbreon, M
|poke|p1|Suicune
|poke|p1|Ampharos, M
|poke|p2|Hippowdon, F
|poke|p2|Mienshao, M
|poke|p2|Blissey, F
|poke|p2|Blastoise, F
|poke|p2|Alakazam, M
|poke|p2|Haxorus, M
|rule|Swagger Clause: Swagger is banned
|rule|Baton Pass Clause: Limit one PokÃ©mon knowing Baton Pass
|teampreview
|c|âA-Shwan|glhf
|
|start
|switch|p1a: Zappy Pappy|Ampharos, M|383\/383
|switch|p2a: Hippowdon|Hippowdon, F|419\/419
|-weather|Sandstorm
|turn|1
|c|âAnother gg easy|gl
|
|detailschange|p1a: Zappy Pappy|Ampharos-Mega, M
|-mega|p1a: Zappy Pappy|Ampharos|Ampharosite
|-ability|p1a: Zappy Pappy|Mold Breaker
|move|p1a: Zappy Pappy|Dragon Pulse|p2a: Hippowdon
|-damage|p2a: Hippowdon|203\/419
|move|p2a: Hippowdon|Earthquake|p1a: Zappy Pappy
|-supereffective|p1a: Zappy Pappy
|-damage|p1a: Zappy Pappy|209\/383
|
|-weather|Sandstorm|[upkeep]
|-damage|p1a: Zappy Pappy|186\/383|[from] sandstorm
|-heal|p2a: Hippowdon|229\/419|[from] item: Leftovers
|turn|2
|
|switch|p2a: Blissey|Blissey, F|713\/713
|move|p1a: Zappy Pappy|Dragon Pulse|p2a: Blissey
|-damage|p2a: Blissey|593\/713
|
|-weather|Sandstorm|[upkeep]
|-damage|p2a: Blissey|549\/713|[from] sandstorm
|-damage|p1a: Zappy Pappy|163\/383|[from] sandstorm
|-heal|p2a: Blissey|593\/713|[from] item: Leftovers
|turn|3
|
|move|p2a: Blissey|Wish|p2a: Blissey
|move|p1a: Zappy Pappy|Rest|p1a: Zappy Pappy
|-status|p1a: Zappy Pappy|slp
|-heal|p1a: Zappy Pappy|383\/383 slp|[silent]
|-status|p1a: Zappy Pappy|slp|[from] move: Rest
|
|-weather|Sandstorm|[upkeep]
|-damage|p2a: Blissey|549\/713|[from] sandstorm
|-damage|p1a: Zappy Pappy|360\/383 slp|[from] sandstorm
|-heal|p2a: Blissey|593\/713|[from] item: Leftovers
|turn|4
|
|switch|p2a: Hippowdon|Hippowdon, F|229\/419
|cant|p1a: Zappy Pappy|slp
|move|p1a: Zappy Pappy|Sleep Talk|p1a: Zappy Pappy
|move|p1a: Zappy Pappy|Volt Switch|p2a: Hippowdon|[from]Sleep Talk
|-immune|p2a: Hippowdon|[msg]
|
|-weather|Sandstorm|[upkeep]
|-damage|p1a: Zappy Pappy|337\/383 slp|[from] sandstorm
|-heal|p2a: Hippowdon|419\/419|[from] move: Wish|[wisher] Blissey
|turn|5
|
|switch|p1a: Pinky|Crobat, M, shiny|373\/373
|move|p2a: Hippowdon|Stealth Rock|p1a: Pinky
|-sidestart|p1: A-Shwan|move: Stealth Rock
|
|-weather|none
|turn|6
|
|move|p1a: Pinky|Defog|p2a: Hippowdon
|-unboost|p2a: Hippowdon|evasion|1
|-sideend|p1: A-Shwan|Stealth Rock|[from] move: Defog|[of] p1a: Pinky
|move|p2a: Hippowdon|Roar|p1a: Pinky
|drag|p1a: Schlong Head|Krookodile, M|332\/332
|-ability|p1a: Schlong Head|Intimidate|[of] p2a: Hippowdon
|-unboost|p2a: Hippowdon|atk|1
|
|turn|7
|
|move|p1a: Schlong Head|Knock Off|p2a: Hippowdon
|-damage|p2a: Hippowdon|257\/419
|-enditem|p2a: Hippowdon|Leftovers|[from] move: Knock Off|[of] p1a: Schlong Head
|move|p2a: Hippowdon|Stealth Rock|p1a: Schlong Head
|-sidestart|p1: A-Shwan|move: Stealth Rock
|
|turn|8
|
|switch|p1a: Pinky|Crobat, M, shiny|373\/373
|-damage|p1a: Pinky|280\/373|[from] Stealth Rock
|move|p2a: Hippowdon|Roar|p1a: Pinky
|drag|p1a: Whoop Da Booty|Mienshao, M|271\/271
|-damage|p1a: Whoop Da Booty|255\/271|[from] Stealth Rock
|
|turn|9
|
|move|p1a: Whoop Da Booty|U-turn|p2a: Hippowdon
|-damage|p2a: Hippowdon|209\/419
|
|switch|p1a: Pinky|Crobat, M, shiny|280\/373
|-damage|p1a: Pinky|187\/373|[from] Stealth Rock
|move|p2a: Hippowdon|Earthquake|p1a: Pinky
|-immune|p1a: Pinky|[msg]
|
|-heal|p1a: Pinky|210\/373|[from] item: Black Sludge
|turn|10
|
|switch|p2a: Alakazam|Alakazam, M|251\/251
|move|p1a: Pinky|Roost|p1a: Pinky
|-heal|p1a: Pinky|373\/373
|
|turn|11
|
|switch|p2a: Mienshao|Mienshao, M|271\/271
|move|p1a: Pinky|Brave Bird|p2a: Mienshao
|-supereffective|p2a: Mienshao
|-damage|p2a: Mienshao|0 fnt
|-damage|p1a: Pinky|284\/373|[from] recoil|[of] p2a: Mienshao
|faint|p2a: Mienshao
|
|-heal|p1a: Pinky|307\/373|[from] item: Black Sludge
|c|âAnother gg easy|?
|c|âAnother gg easy|not change?
|c|âAnother gg easy|fucking randoms
|c|âA-Shwan|nope
|
|switch|p2a: Haxorus|Haxorus, M|293\/293
|-ability|p2a: Haxorus|Mold Breaker
|turn|12
|
|move|p1a: Pinky|Brave Bird|p2a: Haxorus
|-damage|p2a: Haxorus|142\/293
|-damage|p1a: Pinky|257\/373|[from] recoil|[of] p2a: Haxorus
|move|p2a: Haxorus|Substitute|p2a: Haxorus
|-start|p2a: Haxorus|Substitute
|-damage|p2a: Haxorus|69\/293
|
|-heal|p1a: Pinky|280\/373|[from] item: Black Sludge
|turn|13
|c|âAnother gg easy|kinda randoms
|c|âA-Shwan|i dont care bout cro
|c|âA-Shwan|tbh
|c|âAnother gg easy|?
|c|âAnother gg easy|psyshock
|c|âAnother gg easy|and you died
|c|âAnother gg easy|brainlag
|c|âA-Shwan|mienshoa can come in a kill tho
|c|âA-Shwan|i already have a plan
|
|move|p1a: Pinky|Brave Bird|p2a: Haxorus
|-damage|p2a: Haxorus|0 fnt
|-damage|p1a: Pinky|257\/373|[from] recoil|[of] p2a: Haxorus
|faint|p2a: Haxorus
|
|-heal|p1a: Pinky|280\/373|[from] item: Black Sludge
|c|âAnother gg easy|sure
|c|âAnother gg easy|you are a fucking random
|
|switch|p2a: Blastoise|Blastoise, F|361\/361
|turn|14
|leave|Another gg easy
|player|p2
|c|âA-Shwan|not really
|-message|anotherggeasy lost due to inactivity.
|
|win|A-Shwan
|raw|Ladder updating...
|raw|A-Shwan's rating: 1453 &rarr; <strong>1461<\/strong><br \/>(+8 for winning)
|raw|Another gg easy's rating: 1229 &rarr; <strong>1218<\/strong><br \/>(-11 for losing)