|join|A-Shwan
|join|Zockcent Plays
|player|p1|A-Shwan|29
|player|p2|Zockcent Plays|150
|gametype|singles
|gen|6
|tier|UU
|rated
|rule|Sleep Clause Mod: Limit one foe put to sleep
|rule|Species Clause: Limit one of each PokÃ©mon
|rule|OHKO Clause: OHKO moves are banned
|rule|Moody Clause: Moody is banned
|rule|Evasion Moves Clause: Evasion moves are banned
|rule|Endless Battle Clause: Forcing endless battles is banned
|rule|HP Percentage Mod: HP is shown in percentages
|clearpoke
|poke|p1|Mienshao, M
|poke|p1|Crobat, M, shiny
|poke|p1|Krookodile, M
|poke|p1|Umbreon, M
|poke|p1|Suicune
|poke|p1|Ampharos, M
|poke|p2|Sharpedo, F
|poke|p2|Machamp, M
|poke|p2|Swampert, F
|poke|p2|Froslass, F
|poke|p2|Spiritomb, F
|poke|p2|Reuniclus, F
|rule|Swagger Clause: Swagger is banned
|rule|Baton Pass Clause: Limit one PokÃ©mon knowing Baton Pass
|teampreview
|c|âA-Shwan|glhf
|c|âZockcent Plays|u2
|
|start
|switch|p1a: Zappy Pappy|Ampharos, M|383\/383
|switch|p2a: Froslass|Froslass, F|343\/343
|turn|1
|
|detailschange|p1a: Zappy Pappy|Ampharos-Mega, M
|-mega|p1a: Zappy Pappy|Ampharos|Ampharosite
|-ability|p1a: Zappy Pappy|Mold Breaker
|move|p2a: Froslass|Spikes|p1a: Zappy Pappy
|-sidestart|p1: A-Shwan|Spikes
|move|p1a: Zappy Pappy|Volt Switch|p2a: Froslass
|-damage|p2a: Froslass|184\/343
|
|switch|p1a: Whoop Da Booty|Mienshao, M|271\/271
|-damage|p1a: Whoop Da Booty|238\/271|[from] Spikes
|
|turn|2
|
|move|p1a: Whoop Da Booty|Knock Off|p2a: Froslass
|-supereffective|p2a: Froslass
|-damage|p2a: Froslass|0 fnt
|-enditem|p2a: Froslass|Focus Sash|[from] move: Knock Off|[of] p1a: Whoop Da Booty
|faint|p2a: Froslass
|
|
|switch|p2a: Machamp|Machamp, M|364\/364
|turn|3
|
|switch|p1a: Bob|Suicune|404\/404
|-damage|p1a: Bob|354\/404|[from] Spikes
|-ability|p1a: Bob|Pressure
|move|p2a: Machamp|Knock Off|p1a: Bob
|-crit|p1a: Bob
|-damage|p1a: Bob|229\/404
|-enditem|p1a: Bob|Leftovers|[from] move: Knock Off|[of] p2a: Machamp
|
|turn|4
|
|switch|p2a: Swampert|Swampert, F|403\/403
|move|p1a: Bob|Rest|p1a: Bob
|-status|p1a: Bob|slp
|-heal|p1a: Bob|404\/404 slp|[silent]
|-status|p1a: Bob|slp|[from] move: Rest
|
|turn|5
|
|cant|p1a: Bob|slp
|move|p1a: Bob|Sleep Talk|p1a: Bob
|move|p1a: Bob|Scald|p2a: Swampert|[from]Sleep Talk
|-damage|p2a: Swampert|316\/403
|-status|p2a: Swampert|brn
|move|p2a: Swampert|Stealth Rock|p1a: Bob
|-sidestart|p1: A-Shwan|move: Stealth Rock
|
|-heal|p2a: Swampert|341\/403 brn|[from] item: Leftovers
|-damage|p2a: Swampert|291\/403 brn|[from] brn
|turn|6
|
|cant|p1a: Bob|slp
|move|p1a: Bob|Sleep Talk|p1a: Bob
|move|p1a: Bob|Calm Mind|p1a: Bob|[from]Sleep Talk
|-boost|p1a: Bob|spa|1
|-boost|p1a: Bob|spd|1
|move|p2a: Swampert|Roar|p1a: Bob
|drag|p1a: Pinky|Crobat, M, shiny|373\/373
|-damage|p1a: Pinky|280\/373|[from] Stealth Rock
|
|-heal|p1a: Pinky|303\/373|[from] item: Black Sludge
|-heal|p2a: Swampert|316\/403 brn|[from] item: Leftovers
|-damage|p2a: Swampert|266\/403 brn|[from] brn
|turn|7
|
|move|p1a: Pinky|Defog|p2a: Swampert
|-unboost|p2a: Swampert|evasion|1
|-sideend|p1: A-Shwan|Spikes|[from] move: Defog|[of] p1a: Pinky
|-sideend|p1: A-Shwan|Stealth Rock|[from] move: Defog|[of] p1a: Pinky
|move|p2a: Swampert|Scald|p1a: Pinky
|-damage|p1a: Pinky|213\/373
|
|-heal|p1a: Pinky|236\/373|[from] item: Black Sludge
|-heal|p2a: Swampert|291\/403 brn|[from] item: Leftovers
|-damage|p2a: Swampert|241\/403 brn|[from] brn
|turn|8
|
|switch|p1a: Zappy Pappy|Ampharos-Mega, M|383\/383
|-ability|p1a: Zappy Pappy|Mold Breaker
|move|p2a: Swampert|Earthquake|p1a: Zappy Pappy
|-supereffective|p1a: Zappy Pappy
|-damage|p1a: Zappy Pappy|287\/383
|
|-heal|p2a: Swampert|266\/403 brn|[from] item: Leftovers
|-damage|p2a: Swampert|216\/403 brn|[from] brn
|turn|9
|
|move|p2a: Swampert|Stealth Rock|p1a: Zappy Pappy
|-sidestart|p1: A-Shwan|move: Stealth Rock
|move|p1a: Zappy Pappy|Dragon Pulse|p2a: Swampert
|-damage|p2a: Swampert|39\/403 brn
|
|-heal|p2a: Swampert|64\/403 brn|[from] item: Leftovers
|-damage|p2a: Swampert|14\/403 brn|[from] brn
|turn|10
|
|move|p2a: Swampert|Scald|p1a: Zappy Pappy
|-resisted|p1a: Zappy Pappy
|-damage|p1a: Zappy Pappy|236\/383
|move|p1a: Zappy Pappy|Rest|p1a: Zappy Pappy
|-status|p1a: Zappy Pappy|slp
|-heal|p1a: Zappy Pappy|383\/383 slp|[silent]
|-status|p1a: Zappy Pappy|slp|[from] move: Rest
|
|-heal|p2a: Swampert|39\/403 brn|[from] item: Leftovers
|-damage|p2a: Swampert|0 fnt|[from] brn
|faint|p2a: Swampert
|
|switch|p2a: Torpedo|Sharpedo, F|281\/281
|turn|11
|
|move|p2a: Torpedo|Ice Fang|p1a: Zappy Pappy
|-supereffective|p1a: Zappy Pappy
|-damage|p1a: Zappy Pappy|265\/383 slp
|cant|p1a: Zappy Pappy|slp
|move|p1a: Zappy Pappy|Sleep Talk|p1a: Zappy Pappy
|move|p1a: Zappy Pappy|Volt Switch|p2a: Torpedo|[from]Sleep Talk
|-supereffective|p2a: Torpedo
|-damage|p2a: Torpedo|0 fnt
|faint|p2a: Torpedo
|
|switch|p1a: Whoop Da Booty|Mienshao, M|238\/271
|-damage|p1a: Whoop Da Booty|222\/271|[from] Stealth Rock
|
|
|switch|p2a: Spiritomb|Spiritomb, F|294\/294
|turn|12
|
|move|p1a: Whoop Da Booty|U-turn|p2a: Spiritomb
|-damage|p2a: Spiritomb|218\/294
|
|switch|p1a: Blacky Chan|Umbreon, M|394\/394
|-damage|p1a: Blacky Chan|345\/394|[from] Stealth Rock
|move|p2a: Spiritomb|Taunt|p1a: Blacky Chan
|-start|p1a: Blacky Chan|move: Taunt
|
|-heal|p1a: Blacky Chan|369\/394|[from] item: Leftovers
|turn|13
|
|switch|p2a: Machamp|Machamp, M|364\/364
|move|p1a: Blacky Chan|Foul Play|p2a: Machamp
|-resisted|p2a: Machamp
|-damage|p2a: Machamp|250\/364
|
|-heal|p1a: Blacky Chan|393\/394|[from] item: Leftovers
|turn|14
|
|switch|p1a: Bob|Suicune|404\/404 slp
|-damage|p1a: Bob|354\/404 slp|[from] Stealth Rock
|-ability|p1a: Bob|Pressure
|move|p2a: Machamp|Close Combat|p1a: Bob
|-damage|p1a: Bob|212\/404 slp
|-unboost|p2a: Machamp|def|1
|-unboost|p2a: Machamp|spd|1
|
|turn|15
|
|-curestatus|p1a: Bob|slp
|move|p1a: Bob|Rest|p1a: Bob
|-status|p1a: Bob|slp
|-heal|p1a: Bob|404\/404 slp|[silent]
|-status|p1a: Bob|slp|[from] move: Rest
|move|p2a: Machamp|Close Combat|p1a: Bob
|-damage|p1a: Bob|262\/404 slp
|-unboost|p2a: Machamp|def|1
|-unboost|p2a: Machamp|spd|1
|
|turn|16
|
|cant|p1a: Bob|slp
|move|p1a: Bob|Sleep Talk|p1a: Bob
|move|p1a: Bob|Rest|p1a: Bob|[from]Sleep Talk
|-fail|p1a: Bob
|move|p2a: Machamp|Close Combat|p1a: Bob
|-damage|p1a: Bob|112\/404 slp
|-unboost|p2a: Machamp|def|1
|-unboost|p2a: Machamp|spd|1
|
|turn|17
|
|cant|p1a: Bob|slp
|move|p1a: Bob|Sleep Talk|p1a: Bob
|move|p1a: Bob|Scald|p2a: Machamp|[from]Sleep Talk
|-damage|p2a: Machamp|91\/364
|move|p2a: Machamp|Close Combat|p1a: Bob
|-damage|p1a: Bob|0 fnt
|-unboost|p2a: Machamp|def|1
|-unboost|p2a: Machamp|spd|1
|faint|p1a: Bob
|
|
|switch|p1a: Schlong Head|Krookodile, M|332\/332
|-damage|p1a: Schlong Head|312\/332|[from] Stealth Rock
|-ability|p1a: Schlong Head|Intimidate|[of] p2a: Machamp
|-unboost|p2a: Machamp|atk|1
|turn|18
|
|move|p2a: Machamp|Bullet Punch|p1a: Schlong Head
|-damage|p1a: Schlong Head|271\/332
|move|p1a: Schlong Head|Pursuit|p2a: Machamp
|-resisted|p2a: Machamp
|-damage|p2a: Machamp|0 fnt
|faint|p2a: Machamp
|
|
|switch|p2a: Spiritomb|Spiritomb, F|218\/294
|turn|19
|
|move|p2a: Spiritomb|Pursuit|p1a: Schlong Head|[from]Pursuit
|-resisted|p1a: Schlong Head
|-damage|p1a: Schlong Head|179\/332
|switch|p1a: Blacky Chan|Umbreon, M|393\/394
|-damage|p1a: Blacky Chan|344\/394|[from] Stealth Rock
|
|-heal|p1a: Blacky Chan|368\/394|[from] item: Leftovers
|turn|20
|
|move|p1a: Blacky Chan|Foul Play|p2a: Spiritomb
|-damage|p2a: Spiritomb|79\/294
|move|p2a: Spiritomb|Will-O-Wisp|p1a: Blacky Chan
|-status|p1a: Blacky Chan|brn
|-status|p2a: Spiritomb|brn
|
|-heal|p1a: Blacky Chan|392\/394 brn|[from] item: Leftovers
|-damage|p1a: Blacky Chan|343\/394 brn|[from] brn
|-damage|p2a: Spiritomb|43\/294 brn|[from] brn
|turn|21
|
|move|p1a: Blacky Chan|Wish|p1a: Blacky Chan
|move|p2a: Spiritomb|Taunt|p1a: Blacky Chan
|-start|p1a: Blacky Chan|move: Taunt
|
|-heal|p1a: Blacky Chan|367\/394 brn|[from] item: Leftovers
|-damage|p1a: Blacky Chan|318\/394 brn|[from] brn
|-damage|p2a: Spiritomb|7\/294 brn|[from] brn
|turn|22
|
|move|p2a: Spiritomb|Pursuit|p1a: Blacky Chan|[from]Pursuit
|-resisted|p1a: Blacky Chan
|-damage|p1a: Blacky Chan|284\/394 brn
|switch|p1a: Schlong Head|Krookodile, M|179\/332
|-damage|p1a: Schlong Head|159\/332|[from] Stealth Rock
|-ability|p1a: Schlong Head|Intimidate|[of] p2a: Spiritomb
|-unboost|p2a: Spiritomb|atk|1
|
|-heal|p1a: Schlong Head|332\/332|[from] move: Wish|[wisher] Blacky Chan
|-damage|p2a: Spiritomb|0 fnt|[from] brn
|faint|p2a: Spiritomb
|
|switch|p2a: Reuniclus|Reuniclus, F|409\/409
|turn|23
|
|move|p1a: Schlong Head|Knock Off|p2a: Reuniclus
|-supereffective|p2a: Reuniclus
|-damage|p2a: Reuniclus|0 fnt
|-enditem|p2a: Reuniclus|Life Orb|[from] move: Knock Off|[of] p1a: Schlong Head
|faint|p2a: Reuniclus
|
|win|A-Shwan
|raw|Ladder updating...
|c|âA-Shwan|gg
|raw|A-Shwan's rating: 1468 &rarr; <strong>1486<\/strong><br \/>(+18 for winning)
|raw|Zockcent Plays's rating: 1439 &rarr; <strong>1420<\/strong><br \/>(-19 for losing)
|leave|Zockcent Plays
|player|p2