|join|A-Shwan
|join|Larmienan
|player|p1|A-Shwan|29
|player|p2|Larmienan|286
|gametype|singles
|gen|6
|tier|UU
|rated
|rule|Sleep Clause Mod: Limit one foe put to sleep
|rule|Species Clause: Limit one of each PokÃ©mon
|rule|OHKO Clause: OHKO moves are banned
|rule|Moody Clause: Moody is banned
|rule|Evasion Moves Clause: Evasion moves are banned
|rule|Endless Battle Clause: Forcing endless battles is banned
|rule|HP Percentage Mod: HP is shown in percentages
|clearpoke
|poke|p1|Mienshao, M
|poke|p1|Crobat, M, shiny
|poke|p1|Krookodile, M
|poke|p1|Umbreon, M
|poke|p1|Suicune
|poke|p1|Ampharos, M
|poke|p2|Flygon, M, shiny
|poke|p2|Florges, F, shiny
|poke|p2|Empoleon, F, shiny
|poke|p2|Celebi
|poke|p2|Arcanine, M
|poke|p2|Beedrill, M
|rule|Swagger Clause: Swagger is banned
|rule|Baton Pass Clause: Limit one PokÃ©mon knowing Baton Pass
|teampreview
|c|âA-Shwan|glhf
|
|start
|switch|p1a: Zappy Pappy|Ampharos, M|383\/383
|switch|p2a: Itadakimasu|Beedrill, M|271\/271
|turn|1
|
|detailschange|p2a: Itadakimasu|Beedrill-Mega, M
|-mega|p2a: Itadakimasu|Beedrill|Beedrillite
|detailschange|p1a: Zappy Pappy|Ampharos-Mega, M
|-mega|p1a: Zappy Pappy|Ampharos|Ampharosite
|-ability|p1a: Zappy Pappy|Mold Breaker
|move|p2a: Itadakimasu|U-turn|p1a: Zappy Pappy
|-crit|p1a: Zappy Pappy
|-damage|p1a: Zappy Pappy|179\/383
|
|switch|p2a: Mirage|Flygon, M, shiny|301\/301
|move|p1a: Zappy Pappy|Dragon Pulse|p2a: Mirage
|-supereffective|p2a: Mirage
|-damage|p2a: Mirage|0 fnt
|faint|p2a: Mirage
|
|
|switch|p2a: Snow|Florges, F, shiny|318\/318
|turn|2
|
|switch|p1a: Pinky|Crobat, M, shiny|373\/373
|move|p2a: Snow|Moonblast|p1a: Pinky
|-resisted|p1a: Pinky
|-damage|p1a: Pinky|296\/373
|
|-heal|p1a: Pinky|319\/373|[from] item: Black Sludge
|turn|3
|
|switch|p1a: Zappy Pappy|Ampharos-Mega, M|179\/383
|-ability|p1a: Zappy Pappy|Mold Breaker
|switch|p2a: Itoshimasu|Empoleon, F, shiny|372\/372
|
|turn|4
|
|switch|p2a: Serebii|Celebi|341\/341
|move|p1a: Zappy Pappy|Volt Switch|p2a: Serebii
|-resisted|p2a: Serebii
|-damage|p2a: Serebii|272\/341
|
|switch|p1a: Schlong Head|Krookodile, M|332\/332
|-ability|p1a: Schlong Head|Intimidate|[of] p2a: Serebii
|-unboost|p2a: Serebii|atk|1
|
|turn|5
|
|move|p2a: Serebii|Giga Drain|p1a: Schlong Head
|-supereffective|p1a: Schlong Head
|-damage|p1a: Schlong Head|0 fnt
|-heal|p2a: Serebii|341\/341|[from] drain|[of] p1a: Schlong Head
|-damage|p2a: Serebii|307\/341|[from] item: Life Orb
|faint|p1a: Schlong Head
|
|
|switch|p1a: Whoop Da Booty|Mienshao, M|271\/271
|turn|6
|
|switch|p2a: Snow|Florges, F, shiny|318\/318
|move|p1a: Whoop Da Booty|U-turn|p2a: Snow
|-resisted|p2a: Snow
|-damage|p2a: Snow|267\/318
|
|switch|p1a: Pinky|Crobat, M, shiny|319\/373
|
|-heal|p1a: Pinky|342\/373|[from] item: Black Sludge
|-heal|p2a: Snow|286\/318|[from] item: Leftovers
|turn|7
|
|switch|p2a: Scooby|Arcanine, M|321\/321
|-ability|p2a: Scooby|Intimidate|[of] p1a: Pinky
|-unboost|p1a: Pinky|atk|1
|move|p1a: Pinky|Brave Bird|p2a: Scooby
|-damage|p2a: Scooby|206\/321
|-damage|p1a: Pinky|304\/373|[from] recoil|[of] p2a: Scooby
|
|-heal|p1a: Pinky|327\/373|[from] item: Black Sludge
|turn|8
|
|switch|p1a: Zappy Pappy|Ampharos-Mega, M|179\/383
|-ability|p1a: Zappy Pappy|Mold Breaker
|move|p2a: Scooby|Flare Blitz|p1a: Zappy Pappy
|-resisted|p1a: Zappy Pappy
|-damage|p1a: Zappy Pappy|87\/383
|-damage|p2a: Scooby|176\/321|[from] recoil|[of] p1a: Zappy Pappy
|-damage|p2a: Scooby|144\/321|[from] item: Life Orb
|
|turn|9
|
|switch|p1a: Bob|Suicune|404\/404
|-ability|p1a: Bob|Pressure
|move|p2a: Scooby|Close Combat|p1a: Bob
|-damage|p1a: Bob|287\/404
|-unboost|p2a: Scooby|def|1
|-unboost|p2a: Scooby|spd|1
|-damage|p2a: Scooby|112\/321|[from] item: Life Orb
|
|-heal|p1a: Bob|312\/404|[from] item: Leftovers
|turn|10
|
|move|p2a: Scooby|Wild Charge|p1a: Bob
|-supereffective|p1a: Bob
|-damage|p1a: Bob|153\/404
|-damage|p2a: Scooby|72\/321|[from] recoil|[of] p1a: Bob
|-damage|p2a: Scooby|40\/321|[from] item: Life Orb
|move|p1a: Bob|Scald|p2a: Scooby
|-supereffective|p2a: Scooby
|-damage|p2a: Scooby|0 fnt
|faint|p2a: Scooby
|
|-heal|p1a: Bob|178\/404|[from] item: Leftovers
|
|switch|p2a: Itadakimasu|Beedrill-Mega, M|271\/271
|turn|11
|
|switch|p1a: Pinky|Crobat, M, shiny|327\/373
|move|p2a: Itadakimasu|U-turn|p1a: Pinky
|-resisted|p1a: Pinky
|-damage|p1a: Pinky|276\/373
|
|switch|p2a: Itoshimasu|Empoleon, F, shiny|372\/372
|
|-heal|p1a: Pinky|299\/373|[from] item: Black Sludge
|turn|12
|
|switch|p1a: Zappy Pappy|Ampharos-Mega, M|87\/383
|-ability|p1a: Zappy Pappy|Mold Breaker
|move|p2a: Itoshimasu|Scald|p1a: Zappy Pappy
|-resisted|p1a: Zappy Pappy
|-damage|p1a: Zappy Pappy|41\/383
|
|turn|13
|
|switch|p2a: Snow|Florges, F, shiny|286\/318
|move|p1a: Zappy Pappy|Rest|p1a: Zappy Pappy
|-status|p1a: Zappy Pappy|slp
|-heal|p1a: Zappy Pappy|383\/383 slp|[silent]
|-status|p1a: Zappy Pappy|slp|[from] move: Rest
|
|-heal|p2a: Snow|305\/318|[from] item: Leftovers
|turn|14
|
|switch|p1a: Pinky|Crobat, M, shiny|299\/373
|move|p2a: Snow|Wish|p2a: Snow
|
|-heal|p1a: Pinky|322\/373|[from] item: Black Sludge
|-heal|p2a: Snow|318\/318|[from] item: Leftovers
|turn|15
|
|switch|p2a: Itoshimasu|Empoleon, F, shiny|372\/372
|move|p1a: Pinky|Brave Bird|p2a: Itoshimasu
|-resisted|p2a: Itoshimasu
|-damage|p2a: Itoshimasu|318\/372
|-damage|p1a: Pinky|304\/373|[from] recoil|[of] p2a: Itoshimasu
|
|-heal|p2a: Itoshimasu|372\/372|[from] move: Wish|[wisher] Snow
|-heal|p1a: Pinky|327\/373|[from] item: Black Sludge
|turn|16
|
|switch|p1a: Bob|Suicune|178\/404
|-ability|p1a: Bob|Pressure
|move|p2a: Itoshimasu|Knock Off|p1a: Bob
|-damage|p1a: Bob|135\/404
|-enditem|p1a: Bob|Leftovers|[from] move: Knock Off|[of] p2a: Itoshimasu
|
|turn|17
|
|switch|p2a: Serebii|Celebi|307\/341
|move|p1a: Bob|Rest|p1a: Bob
|-status|p1a: Bob|slp
|-heal|p1a: Bob|404\/404 slp|[silent]
|-status|p1a: Bob|slp|[from] move: Rest
|
|turn|18
|
|switch|p1a: Blacky Chan|Umbreon, M|394\/394
|move|p2a: Serebii|Psychic|p1a: Blacky Chan
|-immune|p1a: Blacky Chan|[msg]
|
|turn|19
|
|switch|p2a: Itoshimasu|Empoleon, F, shiny|372\/372
|move|p1a: Blacky Chan|Heal Bell|p1a: Blacky Chan
|-cureteam|p1a: Blacky Chan|[from] move: HealBell
|
|turn|20
|
|switch|p1a: Zappy Pappy|Ampharos-Mega, M|383\/383
|-ability|p1a: Zappy Pappy|Mold Breaker
|move|p2a: Itoshimasu|Yawn|p1a: Zappy Pappy
|-start|p1a: Zappy Pappy|move: Yawn|[of] p2a: Itoshimasu
|
|turn|21
|
|switch|p2a: Serebii|Celebi|307\/341
|move|p1a: Zappy Pappy|Volt Switch|p2a: Serebii
|-resisted|p2a: Serebii
|-damage|p2a: Serebii|246\/341
|
|switch|p1a: Pinky|Crobat, M, shiny|327\/373
|
|-heal|p1a: Pinky|350\/373|[from] item: Black Sludge
|turn|22
|
|switch|p1a: Whoop Da Booty|Mienshao, M|271\/271
|switch|p2a: Itoshimasu|Empoleon, F, shiny|372\/372
|
|turn|23
|
|move|p1a: Whoop Da Booty|High Jump Kick|p2a: Itoshimasu
|-supereffective|p2a: Itoshimasu
|-damage|p2a: Itoshimasu|0 fnt
|faint|p2a: Itoshimasu
|
|
|switch|p2a: Serebii|Celebi|246\/341
|turn|24
|
|switch|p1a: Blacky Chan|Umbreon, M|394\/394
|move|p2a: Serebii|Dazzling Gleam|p1a: Blacky Chan
|-supereffective|p1a: Blacky Chan
|-damage|p1a: Blacky Chan|261\/394
|-damage|p2a: Serebii|212\/341|[from] item: Life Orb
|
|-heal|p1a: Blacky Chan|285\/394|[from] item: Leftovers
|turn|25
|
|move|p2a: Serebii|Dazzling Gleam|p1a: Blacky Chan
|-supereffective|p1a: Blacky Chan
|-damage|p1a: Blacky Chan|171\/394
|-damage|p2a: Serebii|178\/341|[from] item: Life Orb
|move|p1a: Blacky Chan|Wish|p1a: Blacky Chan
|
|-heal|p1a: Blacky Chan|195\/394|[from] item: Leftovers
|turn|26
|
|move|p2a: Serebii|Psychic|p1a: Blacky Chan
|-immune|p1a: Blacky Chan|[msg]
|move|p1a: Blacky Chan|Foul Play|p2a: Serebii
|-supereffective|p2a: Serebii
|-damage|p2a: Serebii|0 fnt
|faint|p2a: Serebii
|
|-heal|p1a: Blacky Chan|392\/394|[from] move: Wish|[wisher] Blacky Chan
|-heal|p1a: Blacky Chan|394\/394|[from] item: Leftovers
|
|switch|p2a: Snow|Florges, F, shiny|318\/318
|turn|27
|
|switch|p1a: Pinky|Crobat, M, shiny|350\/373
|move|p2a: Snow|Moonblast|p1a: Pinky
|-resisted|p1a: Pinky
|-damage|p1a: Pinky|278\/373
|
|-heal|p1a: Pinky|301\/373|[from] item: Black Sludge
|turn|28
|
|move|p1a: Pinky|Brave Bird|p2a: Snow
|-damage|p2a: Snow|161\/318
|-damage|p1a: Pinky|249\/373|[from] recoil|[of] p2a: Snow
|move|p2a: Snow|Moonblast|p1a: Pinky
|-resisted|p1a: Pinky
|-damage|p1a: Pinky|171\/373
|
|-heal|p1a: Pinky|194\/373|[from] item: Black Sludge
|-heal|p2a: Snow|180\/318|[from] item: Leftovers
|turn|29
|
|move|p1a: Pinky|Brave Bird|p2a: Snow
|-damage|p2a: Snow|20\/318
|-damage|p1a: Pinky|141\/373|[from] recoil|[of] p2a: Snow
|move|p2a: Snow|Wish|p2a: Snow
|
|-heal|p1a: Pinky|164\/373|[from] item: Black Sludge
|-heal|p2a: Snow|39\/318|[from] item: Leftovers
|turn|30
|
|switch|p1a: Bob|Suicune|404\/404
|-ability|p1a: Bob|Pressure
|move|p2a: Snow|Protect|p2a: Snow
|-fail|p2a: Snow
|
|-heal|p2a: Snow|198\/318|[from] move: Wish|[wisher] Snow
|-heal|p2a: Snow|217\/318|[from] item: Leftovers
|turn|31
|
|move|p2a: Snow|Moonblast|p1a: Bob
|-damage|p1a: Bob|295\/404
|move|p1a: Bob|Calm Mind|p1a: Bob
|-boost|p1a: Bob|spa|1
|-boost|p1a: Bob|spd|1
|
|-heal|p2a: Snow|236\/318|[from] item: Leftovers
|turn|32
|
|move|p1a: Bob|Calm Mind|p1a: Bob
|-boost|p1a: Bob|spa|1
|-boost|p1a: Bob|spd|1
|move|p2a: Snow|Moonblast|p1a: Bob
|-damage|p1a: Bob|240\/404
|
|-heal|p2a: Snow|255\/318|[from] item: Leftovers
|turn|33
|
|move|p1a: Bob|Calm Mind|p1a: Bob
|-boost|p1a: Bob|spa|1
|-boost|p1a: Bob|spd|1
|move|p2a: Snow|Moonblast|p1a: Bob
|-damage|p1a: Bob|195\/404
|-unboost|p1a: Bob|spa|1
|
|-heal|p2a: Snow|274\/318|[from] item: Leftovers
|turn|34
|
|move|p2a: Snow|Moonblast|p1a: Bob
|-damage|p1a: Bob|144\/404
|move|p1a: Bob|Calm Mind|p1a: Bob
|-boost|p1a: Bob|spa|1
|-boost|p1a: Bob|spd|1
|
|-heal|p2a: Snow|293\/318|[from] item: Leftovers
|turn|35
|
|move|p1a: Bob|Rest|p1a: Bob
|-status|p1a: Bob|slp
|-heal|p1a: Bob|404\/404 slp|[silent]
|-status|p1a: Bob|slp|[from] move: Rest
|move|p2a: Snow|Moonblast|p1a: Bob
|-damage|p1a: Bob|361\/404 slp
|
|-heal|p2a: Snow|312\/318|[from] item: Leftovers
|turn|36
|
|cant|p1a: Bob|slp
|move|p1a: Bob|Sleep Talk|p1a: Bob
|move|p1a: Bob|Scald|p2a: Snow|[from]Sleep Talk
|-damage|p2a: Snow|179\/318
|-status|p2a: Snow|brn
|move|p2a: Snow|Moonblast|p1a: Bob
|-damage|p1a: Bob|319\/404 slp
|
|-heal|p2a: Snow|198\/318 brn|[from] item: Leftovers
|-damage|p2a: Snow|159\/318 brn|[from] brn
|turn|37
|
|move|p2a: Snow|Wish|p2a: Snow
|cant|p1a: Bob|slp
|move|p1a: Bob|Sleep Talk|p1a: Bob
|move|p1a: Bob|Rest|p1a: Bob|[from]Sleep Talk
|-fail|p1a: Bob
|
|-heal|p2a: Snow|178\/318 brn|[from] item: Leftovers
|-damage|p2a: Snow|139\/318 brn|[from] brn
|turn|38
|
|move|p2a: Snow|Aromatherapy|p2a: Snow
|-cureteam|p2a: Snow|[from] move: Aromatherapy
|-curestatus|p1a: Bob|slp
|move|p1a: Bob|Calm Mind|p1a: Bob
|-boost|p1a: Bob|spa|1
|-boost|p1a: Bob|spd|1
|
|-heal|p2a: Snow|298\/318|[from] move: Wish|[wisher] Snow
|-heal|p2a: Snow|317\/318|[from] item: Leftovers
|turn|39
|
|move|p1a: Bob|Calm Mind|p1a: Bob
|-boost|p1a: Bob|spa|1
|-boost|p1a: Bob|spd|1
|move|p2a: Snow|Moonblast|p1a: Bob
|-damage|p1a: Bob|286\/404
|
|-heal|p2a: Snow|318\/318|[from] item: Leftovers
|turn|40
|
|move|p1a: Bob|Calm Mind|p1a: Bob
|-boost|p1a: Bob|spa|1
|move|p2a: Snow|Moonblast|p1a: Bob
|-damage|p1a: Bob|256\/404
|-unboost|p1a: Bob|spa|1
|
|turn|41
|
|move|p1a: Bob|Scald|p2a: Snow
|-damage|p2a: Snow|129\/318
|move|p2a: Snow|Moonblast|p1a: Bob
|-damage|p1a: Bob|226\/404
|
|-heal|p2a: Snow|148\/318|[from] item: Leftovers
|turn|42
|
|move|p2a: Snow|Protect|p2a: Snow
|-singleturn|p2a: Snow|Protect
|move|p1a: Bob|Calm Mind|p1a: Bob
|-boost|p1a: Bob|spa|1
|
|-heal|p2a: Snow|167\/318|[from] item: Leftovers
|turn|43
|
|move|p2a: Snow|Moonblast|p1a: Bob
|-damage|p1a: Bob|195\/404
|-unboost|p1a: Bob|spa|1
|move|p1a: Bob|Scald|p2a: Snow
|-damage|p2a: Snow|0 fnt
|faint|p2a: Snow
|
|
|switch|p2a: Itadakimasu|Beedrill-Mega, M|271\/271
|turn|44
|
|move|p2a: Itadakimasu|Poison Jab|p1a: Bob
|-damage|p1a: Bob|53\/404
|move|p1a: Bob|Scald|p2a: Itadakimasu
|-damage|p2a: Itadakimasu|0 fnt
|faint|p2a: Itadakimasu
|
|win|A-Shwan
|raw|Ladder updating...
|raw|A-Shwan's rating: 1500 &rarr; <strong>1510<\/strong><br \/>(+10 for winning)
|raw|Larmienan's rating: 1319 &rarr; <strong>1308<\/strong><br \/>(-11 for losing)
|c|âA-Shwan|gg
|c|âLarmienan|Gg