|join|A-Shwan
|join|Bobbay John
|player|p1|A-Shwan|29
|player|p2|Bobbay John|173
|gametype|singles
|gen|6
|tier|UU
|rated
|rule|Sleep Clause Mod: Limit one foe put to sleep
|rule|Species Clause: Limit one of each PokÃ©mon
|rule|OHKO Clause: OHKO moves are banned
|rule|Moody Clause: Moody is banned
|rule|Evasion Moves Clause: Evasion moves are banned
|rule|Endless Battle Clause: Forcing endless battles is banned
|rule|HP Percentage Mod: HP is shown in percentages
|clearpoke
|poke|p1|Mienshao, M
|poke|p1|Crobat, M, shiny
|poke|p1|Krookodile, M
|poke|p1|Umbreon, M
|poke|p1|Suicune
|poke|p1|Ampharos, M
|poke|p2|Serperior, F, shiny
|poke|p2|Cofagrigus, F
|poke|p2|Tentacruel, M
|poke|p2|Blissey, F
|poke|p2|Haxorus, M, shiny
|poke|p2|Hippowdon, M
|rule|Swagger Clause: Swagger is banned
|rule|Baton Pass Clause: Limit one PokÃ©mon knowing Baton Pass
|teampreview
|c|âA-Shwan|glhf
|
|start
|switch|p1a: Zappy Pappy|Ampharos, M|383\/383
|switch|p2a: Serperior|Serperior, F, shiny|354\/354
|turn|1
|
|detailschange|p1a: Zappy Pappy|Ampharos-Mega, M
|-mega|p1a: Zappy Pappy|Ampharos|Ampharosite
|-ability|p1a: Zappy Pappy|Mold Breaker
|move|p2a: Serperior|Leech Seed|p1a: Zappy Pappy
|-start|p1a: Zappy Pappy|move: Leech Seed
|move|p1a: Zappy Pappy|Dragon Pulse|p2a: Serperior
|-damage|p2a: Serperior|204\/354
|
|-heal|p2a: Serperior|226\/354|[from] item: Leftovers
|-damage|p1a: Zappy Pappy|336\/383|[from] Leech Seed|[of] p2a: Serperior
|-heal|p2a: Serperior|273\/354|[silent]
|turn|2
|
|switch|p1a: Pinky|Crobat, M, shiny|373\/373
|move|p2a: Serperior|Leaf Storm|p1a: Pinky
|-resisted|p1a: Pinky
|-damage|p1a: Pinky|337\/373
|-boost|p2a: Serperior|spa|2
|
|-heal|p1a: Pinky|360\/373|[from] item: Black Sludge
|-heal|p2a: Serperior|295\/354|[from] item: Leftovers
|turn|3
|
|move|p1a: Pinky|Brave Bird|p2a: Serperior
|-supereffective|p2a: Serperior
|-damage|p2a: Serperior|7\/354
|-damage|p1a: Pinky|265\/373|[from] recoil|[of] p2a: Serperior
|move|p2a: Serperior|Substitute|p2a: Serperior
|-fail|p2a: Serperior|move: Substitute|[weak]
|
|-heal|p1a: Pinky|288\/373|[from] item: Black Sludge
|-heal|p2a: Serperior|29\/354|[from] item: Leftovers
|turn|4
|
|switch|p2a: Cofagrigus|Cofagrigus, F|320\/320
|move|p1a: Pinky|Brave Bird|p2a: Cofagrigus
|-damage|p2a: Cofagrigus|214\/320
|-endability|p1a: Pinky|infiltrator|[from] Mummy
|-ability|p1a: Pinky|Mummy|[from] Mummy
|-damage|p1a: Pinky|253\/373|[from] recoil|[of] p2a: Cofagrigus
|
|-heal|p1a: Pinky|276\/373|[from] item: Black Sludge
|-heal|p2a: Cofagrigus|234\/320|[from] item: Leftovers
|turn|5
|
|switch|p1a: Bob|Suicune|404\/404
|-ability|p1a: Bob|Pressure
|move|p2a: Cofagrigus|Trick Room|p2a: Cofagrigus
|-fieldstart|move: Trick Room|[of] p2a: Cofagrigus
|
|-heal|p2a: Cofagrigus|254\/320|[from] item: Leftovers
|turn|6
|
|switch|p1a: Schlong Head|Krookodile, M|332\/332
|-ability|p1a: Schlong Head|Intimidate|[of] p2a: Cofagrigus
|-unboost|p2a: Cofagrigus|atk|1
|move|p2a: Cofagrigus|Nasty Plot|p2a: Cofagrigus
|-boost|p2a: Cofagrigus|spa|2
|
|-heal|p2a: Cofagrigus|274\/320|[from] item: Leftovers
|turn|7
|
|switch|p1a: Blacky Chan|Umbreon, M|394\/394
|move|p2a: Cofagrigus|Hidden Power|p1a: Blacky Chan
|-supereffective|p1a: Blacky Chan
|-damage|p1a: Blacky Chan|230\/394
|
|-heal|p2a: Cofagrigus|294\/320|[from] item: Leftovers
|-heal|p1a: Blacky Chan|254\/394|[from] item: Leftovers
|turn|8
|
|move|p1a: Blacky Chan|Protect|p1a: Blacky Chan
|-singleturn|p1a: Blacky Chan|Protect
|move|p2a: Cofagrigus|Hidden Power|p1a: Blacky Chan
|-activate|p1a: Blacky Chan|Protect
|
|-heal|p2a: Cofagrigus|314\/320|[from] item: Leftovers
|-heal|p1a: Blacky Chan|278\/394|[from] item: Leftovers
|turn|9
|
|move|p2a: Cofagrigus|Hidden Power|p1a: Blacky Chan
|-supereffective|p1a: Blacky Chan
|-damage|p1a: Blacky Chan|136\/394
|move|p1a: Blacky Chan|Foul Play|p2a: Cofagrigus
|-supereffective|p2a: Cofagrigus
|-damage|p2a: Cofagrigus|246\/320
|-endability|p1a: Blacky Chan|synchronize|[from] Mummy
|-ability|p1a: Blacky Chan|Mummy|[from] Mummy
|
|-heal|p2a: Cofagrigus|266\/320|[from] item: Leftovers
|-heal|p1a: Blacky Chan|160\/394|[from] item: Leftovers
|-fieldend|move: Trick Room
|turn|10
|
|move|p1a: Blacky Chan|Wish|p1a: Blacky Chan
|move|p2a: Cofagrigus|Nasty Plot|p2a: Cofagrigus
|-boost|p2a: Cofagrigus|spa|2
|
|-heal|p1a: Blacky Chan|184\/394|[from] item: Leftovers
|-heal|p2a: Cofagrigus|286\/320|[from] item: Leftovers
|turn|11
|
|switch|p1a: Pinky|Crobat, M, shiny|276\/373
|move|p2a: Cofagrigus|Trick Room|p2a: Cofagrigus
|-fieldstart|move: Trick Room|[of] p2a: Cofagrigus
|
|-heal|p1a: Pinky|373\/373|[from] move: Wish|[wisher] Blacky Chan
|-heal|p2a: Cofagrigus|306\/320|[from] item: Leftovers
|turn|12
|
|move|p2a: Cofagrigus|Shadow Ball|p1a: Pinky
|-damage|p1a: Pinky|0 fnt
|faint|p1a: Pinky
|
|-heal|p2a: Cofagrigus|320\/320|[from] item: Leftovers
|
|switch|p1a: Blacky Chan|Umbreon, M|184\/394
|turn|13
|
|move|p1a: Blacky Chan|Protect|p1a: Blacky Chan
|-singleturn|p1a: Blacky Chan|Protect
|move|p2a: Cofagrigus|Hidden Power|p1a: Blacky Chan
|-activate|p1a: Blacky Chan|Protect
|
|-heal|p1a: Blacky Chan|208\/394|[from] item: Leftovers
|turn|14
|
|move|p2a: Cofagrigus|Hidden Power|p1a: Blacky Chan
|-supereffective|p1a: Blacky Chan
|-damage|p1a: Blacky Chan|0 fnt
|faint|p1a: Blacky Chan
|
|
|switch|p1a: Bob|Suicune|404\/404
|-ability|p1a: Bob|Pressure
|turn|15
|
|switch|p1a: Schlong Head|Krookodile, M|332\/332
|-ability|p1a: Schlong Head|Intimidate|[of] p2a: Cofagrigus
|-unboost|p2a: Cofagrigus|atk|1
|move|p2a: Cofagrigus|Shadow Ball|p1a: Schlong Head
|-resisted|p1a: Schlong Head
|-damage|p1a: Schlong Head|98\/332
|
|-fieldend|move: Trick Room
|turn|16
|
|move|p1a: Schlong Head|Knock Off|p2a: Cofagrigus
|-supereffective|p2a: Cofagrigus
|-damage|p2a: Cofagrigus|0 fnt
|-endability|p1a: Schlong Head|intimidate|[from] Mummy
|-ability|p1a: Schlong Head|Mummy|[from] Mummy
|-enditem|p2a: Cofagrigus|Leftovers|[from] move: Knock Off|[of] p1a: Schlong Head
|faint|p2a: Cofagrigus
|
|
|switch|p2a: Serperior|Serperior, F, shiny|29\/354
|turn|17
|
|move|p2a: Serperior|Leech Seed|p1a: Schlong Head|[miss]
|-miss|p2a: Serperior|p1a: Schlong Head
|move|p1a: Schlong Head|Knock Off|p2a: Serperior
|-damage|p2a: Serperior|0 fnt
|-enditem|p2a: Serperior|Leftovers|[from] move: Knock Off|[of] p1a: Schlong Head
|faint|p2a: Serperior
|
|
|switch|p2a: Haxorus|Haxorus, M, shiny|293\/293
|-ability|p2a: Haxorus|Mold Breaker
|turn|18
|
|move|p2a: Haxorus|Outrage|p1a: Schlong Head
|-damage|p1a: Schlong Head|0 fnt
|-endability|p2a: Haxorus|moldbreaker|[from] Mummy
|-ability|p2a: Haxorus|Mummy|[from] Mummy
|faint|p1a: Schlong Head
|
|
|switch|p1a: Bob|Suicune|404\/404
|-ability|p1a: Bob|Pressure
|turn|19
|
|move|p2a: Haxorus|Outrage|p1a: Bob
|-damage|p1a: Bob|184\/404
|move|p1a: Bob|Scald|p2a: Haxorus
|-resisted|p2a: Haxorus
|-damage|p2a: Haxorus|235\/293
|-status|p2a: Haxorus|brn
|
|-end|p2a: Haxorus|rampage
|-start|p2a: Haxorus|confusion
|-heal|p1a: Bob|209\/404|[from] item: Leftovers
|-damage|p2a: Haxorus|199\/293 brn|[from] brn
|turn|20
|
|switch|p2a: Tentacruel|Tentacruel, M|302\/302
|move|p1a: Bob|Rest|p1a: Bob
|-status|p1a: Bob|slp
|-heal|p1a: Bob|404\/404 slp|[silent]
|-status|p1a: Bob|slp|[from] move: Rest
|
|turn|21
|
|switch|p1a: Zappy Pappy|Ampharos-Mega, M|336\/383
|-ability|p1a: Zappy Pappy|Mold Breaker
|move|p2a: Tentacruel|Toxic Spikes|p1a: Zappy Pappy
|-sidestart|p1: A-Shwan|move: Toxic Spikes
|
|turn|22
|
|switch|p2a: Hippowdon|Hippowdon, M|420\/420
|move|p1a: Zappy Pappy|Dragon Pulse|p2a: Hippowdon
|-damage|p2a: Hippowdon|231\/420
|
|-heal|p2a: Hippowdon|257\/420|[from] item: Leftovers
|turn|23
|
|move|p2a: Hippowdon|Stealth Rock|p1a: Zappy Pappy
|-sidestart|p1: A-Shwan|move: Stealth Rock
|move|p1a: Zappy Pappy|Dragon Pulse|p2a: Hippowdon
|-damage|p2a: Hippowdon|67\/420
|
|-heal|p2a: Hippowdon|93\/420|[from] item: Leftovers
|turn|24
|
|switch|p2a: Blissey|Blissey, F|714\/714
|move|p1a: Zappy Pappy|Dragon Pulse|p2a: Blissey
|-damage|p2a: Blissey|587\/714
|
|-heal|p2a: Blissey|631\/714|[from] item: Leftovers
|turn|25
|
|move|p2a: Blissey|Heal Bell|p2a: Blissey
|-cureteam|p2a: Blissey|[from] move: HealBell
|move|p1a: Zappy Pappy|Volt Switch|p2a: Blissey
|-damage|p2a: Blissey|525\/714
|
|switch|p1a: Whoop Da Booty|Mienshao, M|271\/271
|-status|p1a: Whoop Da Booty|psn
|-damage|p1a: Whoop Da Booty|255\/271 psn|[from] Stealth Rock
|
|-heal|p2a: Blissey|569\/714|[from] item: Leftovers
|-damage|p1a: Whoop Da Booty|222\/271 psn|[from] psn
|turn|26
|
|move|p2a: Blissey|Protect|p2a: Blissey
|-singleturn|p2a: Blissey|Protect
|move|p1a: Whoop Da Booty|High Jump Kick|p2a: Blissey
|-activate|p2a: Blissey|Protect
|-damage|p1a: Whoop Da Booty|87\/271 psn|[from] highjumpkick
|
|-heal|p2a: Blissey|613\/714|[from] item: Leftovers
|-damage|p1a: Whoop Da Booty|54\/271 psn|[from] psn
|turn|27
|
|switch|p2a: Haxorus|Haxorus, M, shiny|199\/293
|-ability|p2a: Haxorus|Mold Breaker
|move|p1a: Whoop Da Booty|High Jump Kick|p2a: Haxorus|[miss]
|-miss|p1a: Whoop Da Booty|p2a: Haxorus
|-damage|p1a: Whoop Da Booty|0 fnt|[from] highjumpkick
|faint|p1a: Whoop Da Booty
|
|c|âA-Shwan|wow
|
|switch|p1a: Bob|Suicune|404\/404 slp
|-damage|p1a: Bob|354\/404 slp|[from] Stealth Rock
|-ability|p1a: Bob|Pressure
|turn|28
|
|move|p2a: Haxorus|Outrage|p1a: Bob
|-damage|p1a: Bob|108\/404 slp
|cant|p1a: Bob|slp
|move|p1a: Bob|Sleep Talk|p1a: Bob
|move|p1a: Bob|Calm Mind|p1a: Bob|[from]Sleep Talk
|-boost|p1a: Bob|spa|1
|-boost|p1a: Bob|spd|1
|
|-heal|p1a: Bob|133\/404 slp|[from] item: Leftovers
|turn|29
|
|move|p2a: Haxorus|Outrage|p1a: Bob
|-damage|p1a: Bob|0 fnt
|faint|p1a: Bob
|
|-end|p2a: Haxorus|rampage
|-start|p2a: Haxorus|confusion
|
|switch|p1a: Zappy Pappy|Ampharos-Mega, M|336\/383
|-status|p1a: Zappy Pappy|psn
|-damage|p1a: Zappy Pappy|289\/383 psn|[from] Stealth Rock
|-ability|p1a: Zappy Pappy|Mold Breaker
|turn|30
|
|-activate|p2a: Haxorus|confusion
|-damage|p2a: Haxorus|108\/293|[from] confusion
|move|p1a: Zappy Pappy|Dragon Pulse|p2a: Haxorus
|-supereffective|p2a: Haxorus
|-damage|p2a: Haxorus|0 fnt
|faint|p2a: Haxorus
|
|-damage|p1a: Zappy Pappy|242\/383 psn|[from] psn
|
|switch|p2a: Blissey|Blissey, F|613\/714
|turn|31
|
|move|p2a: Blissey|Wish|p2a: Blissey
|move|p1a: Zappy Pappy|Rest|p1a: Zappy Pappy
|-status|p1a: Zappy Pappy|slp
|-heal|p1a: Zappy Pappy|383\/383 slp|[silent]
|-status|p1a: Zappy Pappy|slp|[from] move: Rest
|
|-heal|p2a: Blissey|657\/714|[from] item: Leftovers
|turn|32
|
|switch|p2a: Hippowdon|Hippowdon, M|93\/420
|cant|p1a: Zappy Pappy|slp
|move|p1a: Zappy Pappy|Sleep Talk|p1a: Zappy Pappy
|move|p1a: Zappy Pappy|Volt Switch|p2a: Hippowdon|[from]Sleep Talk
|-immune|p2a: Hippowdon|[msg]
|
|-heal|p2a: Hippowdon|420\/420|[from] move: Wish|[wisher] Blissey
|turn|33
|
|move|p2a: Hippowdon|Earthquake|p1a: Zappy Pappy
|-supereffective|p1a: Zappy Pappy
|-damage|p1a: Zappy Pappy|185\/383 slp
|cant|p1a: Zappy Pappy|slp
|move|p1a: Zappy Pappy|Sleep Talk|p1a: Zappy Pappy
|move|p1a: Zappy Pappy|Volt Switch|p2a: Hippowdon|[from]Sleep Talk
|-immune|p2a: Hippowdon|[msg]
|
|turn|34
|
|move|p2a: Hippowdon|Earthquake|p1a: Zappy Pappy
|-supereffective|p1a: Zappy Pappy
|-damage|p1a: Zappy Pappy|0 fnt
|faint|p1a: Zappy Pappy
|
|win|Bobbay John
|raw|Ladder updating...
|raw|A-Shwan's rating: 1472 &rarr; <strong>1439<\/strong><br \/>(-33 for losing)
|raw|Bobbay John's rating: 1203 &rarr; <strong>1245<\/strong><br \/>(+42 for winning)
|leave|A-Shwan
|player|p1