|join|Silverbacks
|join|Why so Slowbruh?
|player|p1|Silverbacks|106
|player|p2|Why so Slowbruh?|294
|gametype|singles
|gen|6
|tier|ORAS OU
|rated
|rule|Sleep Clause Mod: Limit one foe put to sleep
|rule|Species Clause: Limit one of each PokÃ©mon
|rule|OHKO Clause: OHKO moves are banned
|rule|Moody Clause: Moody is banned
|rule|Evasion Moves Clause: Evasion moves are banned
|rule|Endless Battle Clause: Forcing endless battles is banned
|rule|HP Percentage Mod: HP is shown in percentages
|clearpoke
|poke|p1|Diancie
|poke|p1|Rotom-Wash
|poke|p1|Scizor, F
|poke|p1|Latios, M
|poke|p1|Dugtrio, M
|poke|p1|Talonflame, M
|poke|p2|Azumarill, F
|poke|p2|Talonflame, M
|poke|p2|Landorus-Therian, M
|poke|p2|Ferrothorn, F
|poke|p2|Heracross, F
|poke|p2|Latias, F
|rule|Swagger Clause: Swagger is banned
|rule|Baton Pass Clause: Limit one PokÃ©mon knowing Baton Pass
|teampreview
|
|start
|switch|p1a: Trixie|Diancie|242\/242
|switch|p2a: Punch Buggy|Heracross, F|311\/311
|turn|1
|
|detailschange|p2a: Punch Buggy|Heracross-Mega, F
|message|Heracross has Mega Evolved into Mega Heracross!
|detailschange|p1a: Trixie|Diancie-Mega
|message|Diancie has Mega Evolved into Mega Diancie!
|move|p1a: Trixie|Protect|p1a: Trixie
|-singleturn|p1a: Trixie|Protect
|move|p2a: Punch Buggy|Bullet Seed|p1a: Trixie
|-activate|p1a: Trixie|Protect
|
|turn|2
|c|âWhy so Slowbruh?|nniiiiccceee
|
|switch|p2a: Huggle Hugger|Ferrothorn, F|352\/352
|move|p1a: Trixie|Moonblast|p2a: Huggle Hugger
|-resisted|p2a: Huggle Hugger
|-damage|p2a: Huggle Hugger|289\/352
|-unboost|p2a: Huggle Hugger|spa|1
|
|-heal|p2a: Huggle Hugger|311\/352|[from] item: Leftovers
|turn|3
|
|switch|p1a: Smartie|Rotom-Wash|304\/304
|switch|p2a: Punch Buggy|Heracross-Mega, F|311\/311
|
|turn|4
|join|KRANOZ
|
|switch|p1a: Raigar|Latios, M|302\/302
|move|p2a: Punch Buggy|Bullet Seed|p1a: Raigar
|-resisted|p1a: Raigar
|-damage|p1a: Raigar|280\/302
|-resisted|p1a: Raigar
|-damage|p1a: Raigar|258\/302
|-resisted|p1a: Raigar
|-damage|p1a: Raigar|236\/302
|-resisted|p1a: Raigar
|-damage|p1a: Raigar|212\/302
|-resisted|p1a: Raigar
|-damage|p1a: Raigar|188\/302
|-hitcount|p1a: Raigar|5
|
|turn|5
|
|switch|p2a: Huggle Hugger|Ferrothorn, F|311\/352
|move|p1a: Raigar|Psyshock|p2a: Huggle Hugger
|-resisted|p2a: Huggle Hugger
|-damage|p2a: Huggle Hugger|241\/352
|-damage|p1a: Raigar|158\/302|[from] item: Life Orb
|
|-heal|p2a: Huggle Hugger|263\/352|[from] item: Leftovers
|turn|6
|
|switch|p2a: Punch Buggy|Heracross-Mega, F|311\/311
|move|p1a: Raigar|Hidden Power|p2a: Punch Buggy
|-resisted|p2a: Punch Buggy
|-damage|p2a: Punch Buggy|268\/311
|-damage|p1a: Raigar|128\/302|[from] item: Life Orb
|
|turn|7
|c|âWhy so Slowbruh?|dafuq
|c|âSilverbacks|shhh
|c|âWhy so Slowbruh?|hp fighting for bish?
|c| KRANOZ|hp fighting?
|c|âSilverbacks|yep
|c|âSilverbacks|XD
|c|âWhy so Slowbruh?|whhhhyyy
|
|switch|p2a: Buster Bunny|Azumarill, F|404\/404
|move|p1a: Raigar|Psyshock|p2a: Buster Bunny
|-damage|p2a: Buster Bunny|186\/404
|-damage|p1a: Raigar|98\/302|[from] item: Life Orb
|
|-heal|p2a: Buster Bunny|211\/404|[from] item: Leftovers
|turn|8
|c| KRANOZ|looks awesome 
|c|âSilverbacks|cuz this team dont like bisharp
|c|âWhy so Slowbruh?|your latios dont like sucker punch
|c|âSilverbacks|most dont sucker
|c|âSilverbacks|as most latios dont stay in
|
|switch|p2a: Jetty Betty|Latias, F|319\/319
|move|p1a: Raigar|Psyshock|p2a: Jetty Betty
|-resisted|p2a: Jetty Betty
|-damage|p2a: Jetty Betty|214\/319
|-damage|p1a: Raigar|68\/302|[from] item: Life Orb
|
|turn|9
|c|âSilverbacks|plus i predict them predicting the defog
|c| KRANOZ|i think you would do that on a predicted sd right
|
|switch|p1a: Smartie|Rotom-Wash|304\/304
|move|p2a: Jetty Betty|Ice Beam|p1a: Smartie
|-resisted|p1a: Smartie
|-damage|p1a: Smartie|261\/304
|-damage|p2a: Jetty Betty|183\/319|[from] item: Life Orb
|
|-heal|p1a: Smartie|280\/304|[from] item: Leftovers
|turn|10
|c| KRANOZ|well that too 
|
|move|p2a: Jetty Betty|Roost|p2a: Jetty Betty
|-heal|p2a: Jetty Betty|319\/319
|move|p1a: Smartie|Will-O-Wisp|p2a: Jetty Betty
|-status|p2a: Jetty Betty|brn
|
|-heal|p1a: Smartie|299\/304|[from] item: Leftovers
|-damage|p2a: Jetty Betty|280\/319 brn|[from] brn
|turn|11
|
|move|p2a: Jetty Betty|Draco Meteor|p1a: Smartie
|-damage|p1a: Smartie|131\/304
|-unboost|p2a: Jetty Betty|spa|2
|-damage|p2a: Jetty Betty|249\/319 brn|[from] item: Life Orb
|move|p1a: Smartie|Volt Switch|p2a: Jetty Betty
|-resisted|p2a: Jetty Betty
|-damage|p2a: Jetty Betty|213\/319 brn
|
|switch|p1a: Tsubaki|Scizor, F|344\/344
|
|-damage|p2a: Jetty Betty|174\/319 brn|[from] brn
|turn|12
|c|âWhy so Slowbruh?|lag!
|
|move|p2a: Jetty Betty|Roost|p2a: Jetty Betty
|-heal|p2a: Jetty Betty|319\/319 brn
|move|p1a: Tsubaki|Pursuit|p2a: Jetty Betty
|-supereffective|p2a: Jetty Betty
|-damage|p2a: Jetty Betty|73\/319 brn
|
|-damage|p2a: Jetty Betty|34\/319 brn|[from] brn
|turn|13
|c| KRANOZ|u clic cancel but it didnt work?
|
|move|p2a: Jetty Betty|Draco Meteor|p1a: Tsubaki
|-resisted|p1a: Tsubaki
|-damage|p1a: Tsubaki|263\/344
|-unboost|p2a: Jetty Betty|spa|2
|-damage|p2a: Jetty Betty|3\/319 brn|[from] item: Life Orb
|move|p1a: Tsubaki|Pursuit|p2a: Jetty Betty
|-supereffective|p2a: Jetty Betty
|-damage|p2a: Jetty Betty|0 fnt
|faint|p2a: Jetty Betty
|
|c|âSilverbacks|honestly
|c|âSilverbacks|if you switched
|c|âSilverbacks|i wouldve had the adv too
|c| KRANOZ|scizor is good? i didnt use it 
|c| KRANOZ|:p
|c|âSilverbacks|its ok
|
|switch|p2a: Punch Buggy|Heracross-Mega, F|268\/311
|turn|14
|c|âSilverbacks|it has its uses
|c|âWhy so Slowbruh?|sorry
|c|âWhy so Slowbruh?|kranoz
|c|âWhy so Slowbruh?|just in case of kabitzing
|raw|<div class="broadcast-red"><b>Moderated chat was set to +!<\/b><br \/>Only users of rank + and higher can talk.<\/div>
|
|move|p2a: Punch Buggy|Close Combat|p1a: Tsubaki
|-damage|p1a: Tsubaki|0 fnt
|-unboost|p2a: Punch Buggy|def|1
|-unboost|p2a: Punch Buggy|spd|1
|faint|p1a: Tsubaki
|
|
|switch|p1a: Trixie|Diancie-Mega|242\/242
|turn|15
|
|switch|p2a: Huggle Hugger|Ferrothorn, F|263\/352
|move|p1a: Trixie|Moonblast|p2a: Huggle Hugger
|-resisted|p2a: Huggle Hugger
|-damage|p2a: Huggle Hugger|200\/352
|
|-heal|p2a: Huggle Hugger|222\/352|[from] item: Leftovers
|turn|16
|c|âWhy so Slowbruh?|hp fire or earth power?
|
|switch|p2a: Landy Mandy|Landorus-Therian, M|369\/369
|-ability|p2a: Landy Mandy|Intimidate|[of] p1a: Trixie
|-unboost|p1a: Trixie|atk|1
|move|p1a: Trixie|Hidden Power|p2a: Landy Mandy
|-damage|p2a: Landy Mandy|277\/369
|
|-heal|p2a: Landy Mandy|300\/369|[from] item: Leftovers
|turn|17
|c|âWhy so Slowbruh?|ahh
|
|move|p1a: Trixie|Protect|p1a: Trixie
|-singleturn|p1a: Trixie|Protect
|move|p2a: Landy Mandy|U-turn|p1a: Trixie
|-activate|p1a: Trixie|Protect
|
|-heal|p2a: Landy Mandy|323\/369|[from] item: Leftovers
|turn|18
|
|switch|p1a: Raigar|Latios, M|68\/302
|move|p2a: Landy Mandy|U-turn|p1a: Raigar
|-supereffective|p1a: Raigar
|-damage|p1a: Raigar|0 fnt
|faint|p1a: Raigar
|
|switch|p2a: Jimmy Talon|Talonflame, M|323\/323
|
|
|switch|p1a: Smartie|Rotom-Wash|131\/304
|turn|19
|
|move|p2a: Jimmy Talon|Brave Bird|p1a: Smartie
|-resisted|p1a: Smartie
|-damage|p1a: Smartie|37\/304
|-damage|p2a: Jimmy Talon|292\/323|[from] recoil|[of] p1a: Smartie
|move|p1a: Smartie|Pain Split|p2a: Jimmy Talon
|-sethp|p2a: Jimmy Talon|164\/323|p1a: Smartie|164\/304|[from] move: Pain Split
|
|-heal|p1a: Smartie|183\/304|[from] item: Leftovers
|turn|20
|
|move|p2a: Jimmy Talon|Brave Bird|p1a: Smartie
|-resisted|p1a: Smartie
|-damage|p1a: Smartie|101\/304
|-damage|p2a: Jimmy Talon|137\/323|[from] recoil|[of] p1a: Smartie
|move|p1a: Smartie|Will-O-Wisp|p2a: Jimmy Talon
|-fail|p2a: Jimmy Talon
|
|-heal|p1a: Smartie|120\/304|[from] item: Leftovers
|turn|21
|
|move|p2a: Jimmy Talon|Brave Bird|p1a: Smartie
|-resisted|p1a: Smartie
|-damage|p1a: Smartie|29\/304
|-damage|p2a: Jimmy Talon|107\/323|[from] recoil|[of] p1a: Smartie
|move|p1a: Smartie|Volt Switch|p2a: Jimmy Talon
|-supereffective|p2a: Jimmy Talon
|-damage|p2a: Jimmy Talon|0 fnt
|faint|p2a: Jimmy Talon
|
|switch|p1a: Wright|Talonflame, M|331\/331
|
|
|switch|p2a: Landy Mandy|Landorus-Therian, M|323\/369
|-ability|p2a: Landy Mandy|Intimidate|[of] p1a: Wright
|-unboost|p1a: Wright|atk|1
|turn|22
|
|move|p1a: Wright|Will-O-Wisp|p2a: Landy Mandy
|-status|p2a: Landy Mandy|brn
|move|p2a: Landy Mandy|Stealth Rock|p1a: Wright
|-sidestart|p1: Silverbacks|move: Stealth Rock
|
|-heal|p2a: Landy Mandy|346\/369 brn|[from] item: Leftovers
|-damage|p2a: Landy Mandy|300\/369 brn|[from] brn
|turn|23
|c|âWhy so Slowbruh?|dammmnn
|
|move|p1a: Wright|Swords Dance|p1a: Wright
|-boost|p1a: Wright|atk|2
|move|p2a: Landy Mandy|Rock Slide|p1a: Wright
|-supereffective|p1a: Wright
|-damage|p1a: Wright|135\/331
|
|-heal|p1a: Wright|155\/331|[from] item: Leftovers
|-heal|p2a: Landy Mandy|323\/369 brn|[from] item: Leftovers
|-damage|p2a: Landy Mandy|277\/369 brn|[from] brn
|turn|24
|c|âSilverbacks|oh
|
|move|p1a: Wright|Brave Bird|p2a: Landy Mandy
|-damage|p2a: Landy Mandy|87\/369 brn
|-damage|p1a: Wright|92\/331|[from] recoil|[of] p2a: Landy Mandy
|move|p2a: Landy Mandy|Rock Slide|p1a: Wright
|-supereffective|p1a: Wright
|-damage|p1a: Wright|0 fnt
|faint|p1a: Wright
|
|-heal|p2a: Landy Mandy|110\/369 brn|[from] item: Leftovers
|-damage|p2a: Landy Mandy|64\/369 brn|[from] brn
|c|âSilverbacks|that 50\/50
|leave|KRANOZ
|c|âSilverbacks|was strong
|
|switch|p1a: Trixie|Diancie-Mega|242\/242
|-damage|p1a: Trixie|212\/242|[from] Stealth Rock
|turn|25
|c|âWhy so Slowbruh?|50\/50?
|
|move|p1a: Trixie|Moonblast|p2a: Landy Mandy
|-damage|p2a: Landy Mandy|0 fnt
|faint|p2a: Landy Mandy
|
|c|âSilverbacks|i couldve roosted
|
|switch|p2a: Buster Bunny|Azumarill, F|211\/404
|turn|26
|
|move|p2a: Buster Bunny|Aqua Jet|p1a: Trixie
|-supereffective|p1a: Trixie
|-damage|p1a: Trixie|60\/242
|move|p1a: Trixie|Moonblast|p2a: Buster Bunny
|-damage|p2a: Buster Bunny|0 fnt
|faint|p2a: Buster Bunny
|
|
|switch|p2a: Huggle Hugger|Ferrothorn, F|222\/352
|turn|27
|c|âSilverbacks|gg tho
|
|move|p1a: Trixie|Hidden Power|p2a: Huggle Hugger
|-supereffective|p2a: Huggle Hugger
|-damage|p2a: Huggle Hugger|0 fnt
|faint|p2a: Huggle Hugger
|
|c|âWhy so Slowbruh?|gg
|
|switch|p2a: Punch Buggy|Heracross-Mega, F|268\/311
|turn|28
|
|move|p1a: Trixie|Moonblast|p2a: Punch Buggy
|-supereffective|p2a: Punch Buggy
|-damage|p2a: Punch Buggy|0 fnt
|faint|p2a: Punch Buggy
|
|win|Silverbacks
|raw|Ladder updating...
|raw|Silverbacks's rating: 1522 &rarr; <strong>1538<\/strong><br \/>(+16 for winning)
|raw|Why so Slowbruh?'s rating: 1460 &rarr; <strong>1443<\/strong><br \/>(-17 for losing)
|leave|Why so Slowbruh?
|player|p2