|join|Silverbacks
|join|machicoulis
|player|p1|Silverbacks|106
|player|p2|machicoulis|266
|gametype|singles
|gen|6
|tier|ORAS OU
|rated
|rule|Sleep Clause Mod: Limit one foe put to sleep
|rule|Species Clause: Limit one of each PokÃ©mon
|rule|OHKO Clause: OHKO moves are banned
|rule|Moody Clause: Moody is banned
|rule|Evasion Moves Clause: Evasion moves are banned
|rule|Endless Battle Clause: Forcing endless battles is banned
|rule|HP Percentage Mod: HP is shown in percentages
|clearpoke
|poke|p1|Whimsicott, F, shiny
|poke|p1|Sceptile, M, shiny
|poke|p1|Mew
|poke|p1|Dragonite, F
|poke|p1|Starmie
|poke|p1|Heatran, M
|poke|p2|Umbreon, F, shiny
|poke|p2|Porygon-Z
|poke|p2|Sylveon, M
|poke|p2|Thundurus, M
|poke|p2|Lopunny, M
|poke|p2|Hippowdon, F, shiny
|rule|Swagger Clause: Swagger is banned
|rule|Baton Pass Clause: Limit one PokÃ©mon knowing Baton Pass
|teampreview
|
|start
|switch|p1a: Starxiuesazdt|Starmie|262\/262
|switch|p2a: Porygon-Z|Porygon-Z|312\/312
|turn|1
|
|switch|p1a: Lavaticus|Heatran, M|386\/386
|move|p2a: Porygon-Z|Tri Attack|p1a: Lavaticus
|-resisted|p1a: Lavaticus
|-damage|p1a: Lavaticus|248\/386
|
|-heal|p1a: Lavaticus|272\/386|[from] item: Leftovers
|turn|2
|
|switch|p2a: Hippowdon|Hippowdon, F, shiny|420\/420
|move|p1a: Lavaticus|Stealth Rock|p2a: Hippowdon
|-sidestart|p2: machicoulis|move: Stealth Rock
|
|-heal|p1a: Lavaticus|296\/386|[from] item: Leftovers
|turn|3
|
|switch|p1a: Starxiuesazdt|Starmie|262\/262
|move|p2a: Hippowdon|Stealth Rock|p1a: Starxiuesazdt
|-sidestart|p1: Silverbacks|move: Stealth Rock
|
|turn|4
|
|move|p1a: Starxiuesazdt|Rapid Spin|p2a: Hippowdon
|-damage|p2a: Hippowdon|412\/420
|-sideend|p1: Silverbacks|Stealth Rock|[from] move: Rapid Spin|[of] p1a: Starxiuesazdt
|move|p2a: Hippowdon|Stealth Rock|p1a: Starxiuesazdt
|-sidestart|p1: Silverbacks|move: Stealth Rock
|
|-heal|p2a: Hippowdon|420\/420|[from] item: Leftovers
|turn|5
|
|move|p1a: Starxiuesazdt|Hydro Pump|p2a: Hippowdon|[miss]
|-miss|p1a: Starxiuesazdt|p2a: Hippowdon
|move|p2a: Hippowdon|Rock Tomb|p1a: Starxiuesazdt
|-damage|p1a: Starxiuesazdt|200\/262
|-unboost|p1a: Starxiuesazdt|spe|1
|
|-heal|p1a: Starxiuesazdt|216\/262|[from] item: Leftovers
|turn|6
|c|âSilverbacks|tisk
|
|switch|p2a: Porygon-Z|Porygon-Z|312\/312
|-damage|p2a: Porygon-Z|273\/312|[from] Stealth Rock
|move|p1a: Starxiuesazdt|Rapid Spin|p2a: Porygon-Z
|-damage|p2a: Porygon-Z|258\/312
|-sideend|p1: Silverbacks|Stealth Rock|[from] move: Rapid Spin|[of] p1a: Starxiuesazdt
|
|-heal|p1a: Starxiuesazdt|232\/262|[from] item: Leftovers
|turn|7
|
|switch|p1a: Lavaticus|Heatran, M|296\/386
|move|p2a: Porygon-Z|Tri Attack|p1a: Lavaticus
|-resisted|p1a: Lavaticus
|-damage|p1a: Lavaticus|169\/386
|
|-heal|p1a: Lavaticus|193\/386|[from] item: Leftovers
|turn|8
|
|move|p2a: Porygon-Z|Tri Attack|p1a: Lavaticus
|-resisted|p1a: Lavaticus
|-damage|p1a: Lavaticus|56\/386
|move|p1a: Lavaticus|Fire Blast|p2a: Porygon-Z
|-damage|p2a: Porygon-Z|29\/312
|
|-heal|p1a: Lavaticus|80\/386|[from] item: Leftovers
|turn|9
|
|switch|p1a: Raigar|Dragonite, F|339\/339
|move|p2a: Porygon-Z|Tri Attack|p1a: Raigar
|-damage|p1a: Raigar|192\/339
|
|turn|10
|
|move|p1a: Raigar|Extreme Speed|p2a: Porygon-Z
|-damage|p2a: Porygon-Z|0 fnt
|faint|p2a: Porygon-Z
|
|
|switch|p2a: Hippowdon|Hippowdon, F, shiny|420\/420
|-damage|p2a: Hippowdon|394\/420|[from] Stealth Rock
|turn|11
|
|move|p1a: Raigar|Dragon Dance|p1a: Raigar
|-boost|p1a: Raigar|atk|1
|-boost|p1a: Raigar|spe|1
|move|p2a: Hippowdon|Stealth Rock|p1a: Raigar
|-sidestart|p1: Silverbacks|move: Stealth Rock
|
|-heal|p2a: Hippowdon|420\/420|[from] item: Leftovers
|turn|12
|
|move|p1a: Raigar|Roost|p1a: Raigar
|-heal|p1a: Raigar|339\/339
|move|p2a: Hippowdon|Rock Tomb|p1a: Raigar
|-damage|p1a: Raigar|311\/339
|-unboost|p1a: Raigar|spe|1
|
|turn|13
|
|move|p1a: Raigar|Dragon Dance|p1a: Raigar
|-boost|p1a: Raigar|atk|1
|-boost|p1a: Raigar|spe|1
|move|p2a: Hippowdon|Rock Tomb|p1a: Raigar
|-supereffective|p1a: Raigar
|-damage|p1a: Raigar|211\/339
|-unboost|p1a: Raigar|spe|1
|
|turn|14
|
|move|p1a: Raigar|Dragon Claw|p2a: Hippowdon
|-damage|p2a: Hippowdon|231\/420
|move|p2a: Hippowdon|Rock Tomb|p1a: Raigar
|-supereffective|p1a: Raigar
|-damage|p1a: Raigar|93\/339
|-unboost|p1a: Raigar|spe|1
|
|-heal|p2a: Hippowdon|257\/420|[from] item: Leftovers
|turn|15
|
|move|p1a: Raigar|Roost|p1a: Raigar
|-heal|p1a: Raigar|263\/339
|move|p2a: Hippowdon|Rock Tomb|p1a: Raigar
|-damage|p1a: Raigar|204\/339
|-unboost|p1a: Raigar|spe|1
|
|-heal|p2a: Hippowdon|283\/420|[from] item: Leftovers
|turn|16
|
|move|p2a: Hippowdon|Rock Tomb|p1a: Raigar
|-supereffective|p1a: Raigar
|-damage|p1a: Raigar|96\/339
|-unboost|p1a: Raigar|spe|1
|move|p1a: Raigar|Roost|p1a: Raigar
|-heal|p1a: Raigar|266\/339
|
|-heal|p2a: Hippowdon|309\/420|[from] item: Leftovers
|turn|17
|
|move|p2a: Hippowdon|Rock Tomb|p1a: Raigar
|-supereffective|p1a: Raigar
|-damage|p1a: Raigar|152\/339
|-unboost|p1a: Raigar|spe|1
|move|p1a: Raigar|Roost|p1a: Raigar
|-heal|p1a: Raigar|322\/339
|
|-heal|p2a: Hippowdon|335\/420|[from] item: Leftovers
|turn|18
|
|switch|p2a: Umbreon|Umbreon, F, shiny|394\/394
|-damage|p2a: Umbreon|345\/394|[from] Stealth Rock
|move|p1a: Raigar|Roost|p1a: Raigar
|-heal|p1a: Raigar|339\/339
|
|-heal|p2a: Umbreon|369\/394|[from] item: Leftovers
|turn|19
|
|move|p2a: Umbreon|Foul Play|p1a: Raigar
|-damage|p1a: Raigar|149\/339
|move|p1a: Raigar|Dragon Claw|p2a: Umbreon
|-damage|p2a: Umbreon|116\/394
|
|-heal|p2a: Umbreon|140\/394|[from] item: Leftovers
|turn|20
|
|move|p1a: Raigar|Extreme Speed|p2a: Umbreon
|-damage|p2a: Umbreon|0 fnt
|faint|p2a: Umbreon
|
|
|switch|p2a: Hippowdon|Hippowdon, F, shiny|335\/420
|-damage|p2a: Hippowdon|309\/420|[from] Stealth Rock
|turn|21
|
|move|p2a: Hippowdon|Rock Tomb|p1a: Raigar
|-supereffective|p1a: Raigar
|-damage|p1a: Raigar|37\/339
|-unboost|p1a: Raigar|spe|1
|move|p1a: Raigar|Dragon Claw|p2a: Hippowdon
|-damage|p2a: Hippowdon|98\/420
|
|-heal|p2a: Hippowdon|124\/420|[from] item: Leftovers
|turn|22
|
|move|p1a: Raigar|Extreme Speed|p2a: Hippowdon
|-damage|p2a: Hippowdon|0 fnt
|faint|p2a: Hippowdon
|
|-message|machicoulis forfeited.
|leave|machicoulis
|
|win|Silverbacks
|raw|Ladder updating...
|player|p2
|raw|Silverbacks's rating: 1414 &rarr; <strong>1429<\/strong><br \/>(+15 for winning)
|raw|machicoulis's rating: 1330 &rarr; <strong>1315<\/strong><br \/>(-15 for losing)