|join|Silverbacks
|join|dodemoi
|player|p1|Silverbacks|106
|player|p2|dodemoi|265
|gametype|singles
|gen|6
|tier|ORAS OU
|rated
|rule|Sleep Clause Mod: Limit one foe put to sleep
|rule|Species Clause: Limit one of each PokÃ©mon
|rule|OHKO Clause: OHKO moves are banned
|rule|Moody Clause: Moody is banned
|rule|Evasion Moves Clause: Evasion moves are banned
|rule|Endless Battle Clause: Forcing endless battles is banned
|rule|HP Percentage Mod: HP is shown in percentages
|clearpoke
|poke|p1|Whimsicott, M
|poke|p1|Sceptile, M, shiny
|poke|p1|Mew
|poke|p1|Dragonite, M
|poke|p1|Starmie
|poke|p1|Heatran, M
|poke|p2|Keldeo-Resolute
|poke|p2|Clefable, F
|poke|p2|Zapdos
|poke|p2|Slowbro, M
|poke|p2|Mandibuzz, F
|poke|p2|Landorus-Therian, M
|rule|Swagger Clause: Swagger is banned
|rule|Baton Pass Clause: Limit one PokÃ©mon knowing Baton Pass
|teampreview
|
|start
|switch|p1a: Xerxes|Mew|404\/404
|switch|p2a: Landorus-Therian|Landorus-Therian, M|320\/320
|-ability|p2a: Landorus-Therian|Intimidate|[of] p1a: Xerxes
|-unboost|p1a: Xerxes|atk|1
|turn|1
|
|move|p2a: Landorus-Therian|U-turn|p1a: Xerxes
|-supereffective|p1a: Xerxes
|-damage|p1a: Xerxes|280\/404
|
|switch|p2a: Clefable|Clefable, F|394\/394
|move|p1a: Xerxes|Will-O-Wisp|p2a: Clefable
|-status|p2a: Clefable|brn
|
|-heal|p1a: Xerxes|305\/404|[from] item: Leftovers
|turn|2
|
|move|p1a: Xerxes|Gunk Shot|p2a: Clefable
|-crit|p2a: Clefable
|-supereffective|p2a: Clefable
|-damage|p2a: Clefable|82\/394 brn
|move|p2a: Clefable|Stealth Rock|p1a: Xerxes
|-sidestart|p1: Silverbacks|move: Stealth Rock
|
|-heal|p1a: Xerxes|330\/404|[from] item: Leftovers
|-heal|p2a: Clefable|106\/394 brn|[from] item: Leftovers
|turn|3
|join|Bossy Crow
|
|switch|p2a: Landorus-Therian|Landorus-Therian, M|320\/320
|-ability|p2a: Landorus-Therian|Intimidate|[of] p1a: Xerxes
|-unboost|p1a: Xerxes|atk|1
|move|p1a: Xerxes|Gunk Shot|p2a: Landorus-Therian
|-resisted|p2a: Landorus-Therian
|-damage|p2a: Landorus-Therian|295\/320
|
|-heal|p1a: Xerxes|355\/404|[from] item: Leftovers
|turn|4
|
|move|p2a: Landorus-Therian|U-turn|p1a: Xerxes
|-supereffective|p1a: Xerxes
|-damage|p1a: Xerxes|227\/404
|
|switch|p2a: Clefable|Clefable, F|106\/394 brn
|move|p1a: Xerxes|Ice Beam|p2a: Clefable
|-damage|p2a: Clefable|55\/394 brn
|
|-heal|p1a: Xerxes|252\/404|[from] item: Leftovers
|-heal|p2a: Clefable|79\/394 brn|[from] item: Leftovers
|turn|5
|
|move|p1a: Xerxes|Gunk Shot|p2a: Clefable
|-crit|p2a: Clefable
|-supereffective|p2a: Clefable
|-damage|p2a: Clefable|0 fnt
|faint|p2a: Clefable
|
|-heal|p1a: Xerxes|277\/404|[from] item: Leftovers
|
|switch|p2a: Slowbro|Slowbro, M|394\/394
|turn|6
|
|switch|p1a: Starxiuesazdt|Starmie|262\/262
|-damage|p1a: Starxiuesazdt|230\/262|[from] Stealth Rock
|move|p2a: Slowbro|Scald|p1a: Starxiuesazdt
|-resisted|p1a: Starxiuesazdt
|-damage|p1a: Starxiuesazdt|175\/262
|-status|p1a: Starxiuesazdt|brn
|
|-heal|p1a: Starxiuesazdt|191\/262 brn|[from] item: Leftovers
|-damage|p1a: Starxiuesazdt|159\/262 brn|[from] brn
|turn|7
|
|switch|p2a: Landorus-Therian|Landorus-Therian, M|295\/320
|-ability|p2a: Landorus-Therian|Intimidate|[of] p1a: Starxiuesazdt
|-unboost|p1a: Starxiuesazdt|atk|1
|move|p1a: Starxiuesazdt|Rapid Spin|p2a: Landorus-Therian
|-damage|p2a: Landorus-Therian|290\/320
|-sideend|p1: Silverbacks|Stealth Rock|[from] move: Rapid Spin|[of] p1a: Starxiuesazdt
|
|-heal|p1a: Starxiuesazdt|175\/262 brn|[from] item: Leftovers
|-damage|p1a: Starxiuesazdt|143\/262 brn|[from] brn
|turn|8
|
|switch|p1a: Whimsicott|Whimsicott, M|324\/324
|move|p2a: Landorus-Therian|Knock Off|p1a: Whimsicott
|-resisted|p1a: Whimsicott
|-damage|p1a: Whimsicott|252\/324
|-enditem|p1a: Whimsicott|Leftovers|[from] move: Knock Off|[of] p2a: Landorus-Therian
|
|turn|9
|
|switch|p2a: Slowbro|Slowbro, M|394\/394
|move|p1a: Whimsicott|Substitute|p1a: Whimsicott
|-start|p1a: Whimsicott|Substitute
|-damage|p1a: Whimsicott|171\/324
|
|turn|10
|
|move|p1a: Whimsicott|Leech Seed|p2a: Slowbro
|-start|p2a: Slowbro|move: Leech Seed
|move|p2a: Slowbro|Scald|p1a: Whimsicott
|-resisted|p1a: Whimsicott
|-activate|p1a: Whimsicott|Substitute|[damage]
|
|-damage|p2a: Slowbro|345\/394|[from] Leech Seed|[of] p1a: Whimsicott
|-heal|p1a: Whimsicott|220\/324|[silent]
|turn|11
|
|move|p1a: Whimsicott|Substitute|p1a: Whimsicott
|-fail|p1a: Whimsicott|move: Substitute
|move|p2a: Slowbro|Scald|p1a: Whimsicott
|-resisted|p1a: Whimsicott
|-end|p1a: Whimsicott|Substitute
|
|-damage|p2a: Slowbro|296\/394|[from] Leech Seed|[of] p1a: Whimsicott
|-heal|p1a: Whimsicott|269\/324|[silent]
|turn|12
|
|switch|p2a: Landorus-Therian|Landorus-Therian, M|290\/320
|-ability|p2a: Landorus-Therian|Intimidate|[of] p1a: Whimsicott
|-unboost|p1a: Whimsicott|atk|1
|move|p1a: Whimsicott|Leech Seed|p2a: Landorus-Therian
|-start|p2a: Landorus-Therian|move: Leech Seed
|
|-damage|p2a: Landorus-Therian|250\/320|[from] Leech Seed|[of] p1a: Whimsicott
|-heal|p1a: Whimsicott|309\/324|[silent]
|turn|13
|
|move|p1a: Whimsicott|Substitute|p1a: Whimsicott
|-start|p1a: Whimsicott|Substitute
|-damage|p1a: Whimsicott|228\/324
|move|p2a: Landorus-Therian|U-turn|p1a: Whimsicott
|-end|p1a: Whimsicott|Substitute
|
|switch|p2a: Zapdos|Zapdos|383\/383
|-ability|p2a: Zapdos|Pressure
|
|turn|14
|
|switch|p1a: Lavaticus|Heatran, M|386\/386
|move|p2a: Zapdos|Heat Wave|p1a: Lavaticus
|-start|p1a: Lavaticus|ability: Flash Fire
|
|turn|15
|
|switch|p2a: Slowbro|Slowbro, M|394\/394
|move|p1a: Lavaticus|Stealth Rock|p2a: Slowbro
|-sidestart|p2: dodemoi|move: Stealth Rock
|
|turn|16
|
|switch|p2a: Mandibuzz|Mandibuzz, F|423\/423
|-damage|p2a: Mandibuzz|318\/423|[from] Stealth Rock
|move|p1a: Lavaticus|Fire Blast|p2a: Mandibuzz
|-damage|p2a: Mandibuzz|42\/423
|
|-heal|p2a: Mandibuzz|68\/423|[from] item: Leftovers
|turn|17
|
|move|p1a: Lavaticus|Fire Blast|p2a: Mandibuzz
|-damage|p2a: Mandibuzz|0 fnt
|faint|p2a: Mandibuzz
|
|
|switch|p2a: Keldeo-Resolute|Keldeo-Resolute|323\/323
|-damage|p2a: Keldeo-Resolute|303\/323|[from] Stealth Rock
|turn|18
|
|switch|p1a: Raigar|Dragonite, M|339\/339
|move|p2a: Keldeo-Resolute|Icy Wind|p1a: Raigar
|-supereffective|p1a: Raigar
|-damage|p1a: Raigar|147\/339
|-unboost|p1a: Raigar|spe|1
|
|turn|19
|
|switch|p1a: Lavaticus|Heatran, M|386\/386
|move|p2a: Keldeo-Resolute|Icy Wind|p1a: Lavaticus
|-miss|p2a: Keldeo-Resolute|p1a: Lavaticus
|
|turn|20
|
|switch|p2a: Slowbro|Slowbro, M|394\/394
|-damage|p2a: Slowbro|345\/394|[from] Stealth Rock
|move|p1a: Lavaticus|Fire Blast|p2a: Slowbro
|-resisted|p2a: Slowbro
|-damage|p2a: Slowbro|246\/394
|-status|p2a: Slowbro|brn
|
|-damage|p2a: Slowbro|197\/394 brn|[from] brn
|turn|21
|
|switch|p1a: Raigar|Dragonite, M|147\/339
|move|p2a: Slowbro|Rest|p2a: Slowbro
|-status|p2a: Slowbro|slp
|-heal|p2a: Slowbro|394\/394 slp|[silent]
|-status|p2a: Slowbro|slp|[from] move: Rest
|
|turn|22
|
|move|p1a: Raigar|Roost|p1a: Raigar
|-heal|p1a: Raigar|317\/339
|cant|p2a: Slowbro|slp
|move|p2a: Slowbro|Sleep Talk|p2a: Slowbro
|move|p2a: Slowbro|Scald|p1a: Raigar|[from]Sleep Talk
|-resisted|p1a: Raigar
|-damage|p1a: Raigar|271\/339
|
|turn|23
|
|move|p1a: Raigar|Dragon Dance|p1a: Raigar
|-boost|p1a: Raigar|atk|1
|-boost|p1a: Raigar|spe|1
|cant|p2a: Slowbro|slp
|move|p2a: Slowbro|Sleep Talk|p2a: Slowbro
|move|p2a: Slowbro|Scald|p1a: Raigar|[from]Sleep Talk
|-resisted|p1a: Raigar
|-damage|p1a: Raigar|224\/339
|
|turn|24
|
|move|p1a: Raigar|Dragon Dance|p1a: Raigar
|-boost|p1a: Raigar|atk|1
|-boost|p1a: Raigar|spe|1
|-curestatus|p2a: Slowbro|slp
|move|p2a: Slowbro|Scald|p1a: Raigar
|-resisted|p1a: Raigar
|-damage|p1a: Raigar|174\/339
|-status|p1a: Raigar|brn
|-enditem|p1a: Raigar|Lum Berry|[eat]
|-curestatus|p1a: Raigar|brn
|
|turn|25
|
|move|p1a: Raigar|Dragon Claw|p2a: Slowbro
|-damage|p2a: Slowbro|183\/394
|move|p2a: Slowbro|Scald|p1a: Raigar
|-resisted|p1a: Raigar
|-damage|p1a: Raigar|128\/339
|-status|p1a: Raigar|brn
|
|-damage|p1a: Raigar|86\/339 brn|[from] brn
|turn|26
|
|switch|p1a: Splash|Sceptile, M, shiny|282\/282
|detailschange|p2a: Slowbro|Slowbro-Mega, M
|message|Slowbro has Mega Evolved into Mega Slowbro!
|move|p2a: Slowbro|Rest|p2a: Slowbro
|-status|p2a: Slowbro|slp
|-heal|p2a: Slowbro|394\/394 slp|[silent]
|-status|p2a: Slowbro|slp|[from] move: Rest
|
|turn|27
|c|âSilverbacks|dammit
|
|switch|p2a: Zapdos|Zapdos|383\/383
|-damage|p2a: Zapdos|288\/383|[from] Stealth Rock
|-ability|p2a: Zapdos|Pressure
|detailschange|p1a: Splash|Sceptile-Mega, M, shiny
|message|Sceptile has Mega Evolved into Mega Sceptile!
|move|p1a: Splash|Substitute|p1a: Splash
|-start|p1a: Splash|Substitute
|-damage|p1a: Splash|212\/282
|
|-heal|p2a: Zapdos|311\/383|[from] item: Leftovers
|turn|28
|
|move|p1a: Splash|Dragon Pulse|p2a: Zapdos
|-damage|p2a: Zapdos|146\/383
|move|p2a: Zapdos|Heat Wave|p1a: Splash
|-crit|p1a: Splash
|-end|p1a: Splash|Substitute
|
|-heal|p2a: Zapdos|169\/383|[from] item: Leftovers
|turn|29
|
|move|p1a: Splash|Dragon Pulse|p2a: Zapdos
|-damage|p2a: Zapdos|0 fnt
|faint|p2a: Zapdos
|
|c|âdodemoi|dangit
|
|switch|p2a: Landorus-Therian|Landorus-Therian, M|250\/320
|-damage|p2a: Landorus-Therian|210\/320|[from] Stealth Rock
|-ability|p2a: Landorus-Therian|Intimidate|[of] p1a: Splash
|-unboost|p1a: Splash|atk|1
|turn|30
|
|switch|p1a: Raigar|Dragonite, M|86\/339 brn
|move|p2a: Landorus-Therian|U-turn|p1a: Raigar
|-resisted|p1a: Raigar
|-damage|p1a: Raigar|38\/339 brn
|
|switch|p2a: Keldeo-Resolute|Keldeo-Resolute|303\/323
|-damage|p2a: Keldeo-Resolute|283\/323|[from] Stealth Rock
|
|-damage|p1a: Raigar|0 fnt|[from] brn
|faint|p1a: Raigar
|
|switch|p1a: Starxiuesazdt|Starmie|143\/262
|turn|31
|
|switch|p2a: Landorus-Therian|Landorus-Therian, M|210\/320
|-damage|p2a: Landorus-Therian|170\/320|[from] Stealth Rock
|-ability|p2a: Landorus-Therian|Intimidate|[of] p1a: Starxiuesazdt
|-unboost|p1a: Starxiuesazdt|atk|1
|move|p1a: Starxiuesazdt|Thunderbolt|p2a: Landorus-Therian
|-immune|p2a: Landorus-Therian|[msg]
|
|-heal|p1a: Starxiuesazdt|159\/262|[from] item: Leftovers
|turn|32
|
|switch|p1a: Whimsicott|Whimsicott, M|228\/324
|move|p2a: Landorus-Therian|Knock Off|p1a: Whimsicott
|-resisted|p1a: Whimsicott
|-damage|p1a: Whimsicott|178\/324
|
|turn|33
|-message|dodemoi forfeited.
|
|win|Silverbacks
|raw|Ladder updating...
|leave|dodemoi
|player|p2