|join|Silverbacks
|join|lord-beanie
|player|p1|Silverbacks|106
|player|p2|lord-beanie|101
|gametype|singles
|gen|6
|tier|ORAS OU
|rated
|rule|Sleep Clause Mod: Limit one foe put to sleep
|rule|Species Clause: Limit one of each PokÃ©mon
|rule|OHKO Clause: OHKO moves are banned
|rule|Moody Clause: Moody is banned
|rule|Evasion Moves Clause: Evasion moves are banned
|rule|Endless Battle Clause: Forcing endless battles is banned
|rule|HP Percentage Mod: HP is shown in percentages
|clearpoke
|poke|p1|Whimsicott, M
|poke|p1|Sceptile, F, shiny
|poke|p1|Mew
|poke|p1|Dragonite, M
|poke|p1|Starmie
|poke|p1|Heatran, M
|poke|p2|Greninja, M, shiny
|poke|p2|Salamence, M
|poke|p2|Breloom, F
|poke|p2|Skarmory, M
|poke|p2|Rotom-Wash
|poke|p2|Landorus-Therian, M
|rule|Swagger Clause: Swagger is banned
|rule|Baton Pass Clause: Limit one PokÃ©mon knowing Baton Pass
|teampreview
|
|start
|switch|p1a: Starxiuesazdt|Starmie|262\/262
|switch|p2a: Landorus-Therian|Landorus-Therian, M|320\/320
|-ability|p2a: Landorus-Therian|Intimidate|[of] p1a: Starxiuesazdt
|-unboost|p1a: Starxiuesazdt|atk|1
|turn|1
|
|switch|p1a: Lavaticus|Heatran, M|386\/386
|move|p2a: Landorus-Therian|U-turn|p1a: Lavaticus
|-resisted|p1a: Lavaticus
|-damage|p1a: Lavaticus|363\/386
|c|âSilverbacks|so many scarf dos
|
|switch|p2a: Rotom-Wash|Rotom-Wash|304\/304
|
|-heal|p1a: Lavaticus|386\/386|[from] item: Leftovers
|turn|2
|
|move|p1a: Lavaticus|Stealth Rock|p2a: Rotom-Wash
|-sidestart|p2: lord-beanie|move: Stealth Rock
|move|p2a: Rotom-Wash|Volt Switch|p1a: Lavaticus
|-damage|p1a: Lavaticus|311\/386
|
|switch|p2a: Landorus-Therian|Landorus-Therian, M|320\/320
|-damage|p2a: Landorus-Therian|280\/320|[from] Stealth Rock
|-ability|p2a: Landorus-Therian|Intimidate|[of] p1a: Lavaticus
|-unboost|p1a: Lavaticus|atk|1
|
|-heal|p1a: Lavaticus|335\/386|[from] item: Leftovers
|turn|3
|
|switch|p1a: Xerxes|Mew|404\/404
|move|p2a: Landorus-Therian|Knock Off|p1a: Xerxes
|-supereffective|p1a: Xerxes
|-damage|p1a: Xerxes|226\/404
|-enditem|p1a: Xerxes|Leftovers|[from] move: Knock Off|[of] p2a: Landorus-Therian
|
|turn|4
|
|switch|p2a: Skarmory|Skarmory, M|334\/334
|-damage|p2a: Skarmory|293\/334|[from] Stealth Rock
|move|p1a: Xerxes|Will-O-Wisp|p2a: Skarmory
|-status|p2a: Skarmory|brn
|
|-damage|p2a: Skarmory|252\/334 brn|[from] brn
|turn|5
|
|move|p1a: Xerxes|Roost|p1a: Xerxes
|-heal|p1a: Xerxes|404\/404
|move|p2a: Skarmory|Defog|p1a: Xerxes
|-unboost|p1a: Xerxes|evasion|1
|-sideend|p2: lord-beanie|Stealth Rock|[from] move: Defog|[of] p2a: Skarmory
|
|-damage|p2a: Skarmory|211\/334 brn|[from] brn
|turn|6
|
|switch|p1a: Starxiuesazdt|Starmie|262\/262
|switch|p2a: Greninja|Greninja, M, shiny|286\/286
|
|turn|7
|
|switch|p1a: Whimsicott|Whimsicott, M|324\/324
|move|p2a: Greninja|Dark Pulse|p1a: Whimsicott
|-start|p2a: Greninja|typechange|Dark|[from] Protean
|-resisted|p1a: Whimsicott
|-damage|p1a: Whimsicott|232\/324
|-damage|p2a: Greninja|258\/286|[from] item: Life Orb
|
|-heal|p1a: Whimsicott|252\/324|[from] item: Leftovers
|turn|8
|
|move|p1a: Whimsicott|Substitute|p1a: Whimsicott
|-start|p1a: Whimsicott|Substitute
|-damage|p1a: Whimsicott|171\/324
|move|p2a: Greninja|Ice Beam|p1a: Whimsicott
|-start|p2a: Greninja|typechange|Ice|[from] Protean
|-supereffective|p1a: Whimsicott
|-end|p1a: Whimsicott|Substitute
|-damage|p2a: Greninja|230\/286|[from] item: Life Orb
|
|-heal|p1a: Whimsicott|191\/324|[from] item: Leftovers
|turn|9
|
|switch|p1a: Lavaticus|Heatran, M|335\/386
|move|p2a: Greninja|Ice Beam|p1a: Lavaticus
|-resisted|p1a: Lavaticus
|-damage|p1a: Lavaticus|301\/386
|-damage|p2a: Greninja|202\/286|[from] item: Life Orb
|
|-heal|p1a: Lavaticus|325\/386|[from] item: Leftovers
|turn|10
|
|switch|p1a: Splash|Sceptile, F, shiny|282\/282
|move|p2a: Greninja|Hydro Pump|p1a: Splash
|-start|p2a: Greninja|typechange|Water|[from] Protean
|-resisted|p1a: Splash
|-damage|p1a: Splash|161\/282
|-damage|p2a: Greninja|174\/286|[from] item: Life Orb
|
|turn|11
|
|switch|p1a: Lavaticus|Heatran, M|325\/386
|move|p2a: Greninja|Ice Beam|p1a: Lavaticus
|-start|p2a: Greninja|typechange|Ice|[from] Protean
|-resisted|p1a: Lavaticus
|-damage|p1a: Lavaticus|291\/386
|-damage|p2a: Greninja|146\/286|[from] item: Life Orb
|
|-heal|p1a: Lavaticus|315\/386|[from] item: Leftovers
|turn|12
|
|move|p2a: Greninja|Dark Pulse|p1a: Lavaticus
|-start|p2a: Greninja|typechange|Dark|[from] Protean
|-damage|p1a: Lavaticus|185\/386
|-damage|p2a: Greninja|118\/286|[from] item: Life Orb
|move|p1a: Lavaticus|Flash Cannon|p2a: Greninja
|-damage|p2a: Greninja|0 fnt
|faint|p2a: Greninja
|
|-heal|p1a: Lavaticus|209\/386|[from] item: Leftovers
|c|âSilverbacks|sorry
|
|switch|p2a: Breloom|Breloom, F|262\/262
|turn|13
|
|switch|p1a: Whimsicott|Whimsicott, M|191\/324
|move|p2a: Breloom|Mach Punch|p1a: Whimsicott
|-resisted|p1a: Whimsicott
|-damage|p1a: Whimsicott|135\/324
|
|-heal|p1a: Whimsicott|155\/324|[from] item: Leftovers
|turn|14
|
|move|p1a: Whimsicott|Moonblast|p2a: Breloom
|-supereffective|p2a: Breloom
|-damage|p2a: Breloom|4\/262
|-unboost|p2a: Breloom|spa|1
|move|p2a: Breloom|Bullet Seed|p1a: Whimsicott
|-resisted|p1a: Whimsicott
|-damage|p1a: Whimsicott|117\/324
|-resisted|p1a: Whimsicott
|-damage|p1a: Whimsicott|83\/324
|-resisted|p1a: Whimsicott
|-damage|p1a: Whimsicott|48\/324
|-hitcount|p1a: Whimsicott|3
|
|-heal|p1a: Whimsicott|68\/324|[from] item: Leftovers
|turn|15
|
|switch|p2a: Rotom-Wash|Rotom-Wash|304\/304
|move|p1a: Whimsicott|Moonblast|p2a: Rotom-Wash
|-damage|p2a: Rotom-Wash|225\/304
|
|-heal|p1a: Whimsicott|88\/324|[from] item: Leftovers
|-heal|p2a: Rotom-Wash|244\/304|[from] item: Leftovers
|turn|16
|
|move|p1a: Whimsicott|Leech Seed|p2a: Rotom-Wash
|-start|p2a: Rotom-Wash|move: Leech Seed
|move|p2a: Rotom-Wash|Volt Switch|p1a: Whimsicott
|-resisted|p1a: Whimsicott
|-damage|p1a: Whimsicott|31\/324
|
|switch|p2a: Breloom|Breloom, F|4\/262
|
|-heal|p1a: Whimsicott|51\/324|[from] item: Leftovers
|turn|17
|
|switch|p1a: Starxiuesazdt|Starmie|262\/262
|move|p2a: Breloom|Mach Punch|p1a: Starxiuesazdt
|-crit|p1a: Starxiuesazdt
|-resisted|p1a: Starxiuesazdt
|-damage|p1a: Starxiuesazdt|170\/262
|
|-heal|p1a: Starxiuesazdt|186\/262|[from] item: Leftovers
|turn|18
|
|switch|p2a: Rotom-Wash|Rotom-Wash|244\/304
|move|p1a: Starxiuesazdt|Ice Beam|p2a: Rotom-Wash
|-resisted|p2a: Rotom-Wash
|-damage|p2a: Rotom-Wash|203\/304
|
|-heal|p1a: Starxiuesazdt|202\/262|[from] item: Leftovers
|-heal|p2a: Rotom-Wash|222\/304|[from] item: Leftovers
|turn|19
|join|lil manaphy
|
|switch|p1a: Splash|Sceptile, F, shiny|161\/282
|move|p2a: Rotom-Wash|Volt Switch|p1a: Splash
|-resisted|p1a: Splash
|-damage|p1a: Splash|115\/282
|
|switch|p2a: Landorus-Therian|Landorus-Therian, M|280\/320
|-ability|p2a: Landorus-Therian|Intimidate|[of] p1a: Splash
|-unboost|p1a: Splash|atk|1
|
|turn|20
|
|switch|p1a: Xerxes|Mew|404\/404
|move|p2a: Landorus-Therian|U-turn|p1a: Xerxes
|-supereffective|p1a: Xerxes
|-damage|p1a: Xerxes|282\/404
|join|belgrade
|
|switch|p2a: Salamence|Salamence, M|351\/351
|-ability|p2a: Salamence|Intimidate|[of] p1a: Xerxes
|-unboost|p1a: Xerxes|atk|1
|
|turn|21
|
|switch|p1a: Whimsicott|Whimsicott, M|51\/324
|detailschange|p2a: Salamence|Salamence-Mega, M
|message|Salamence has Mega Evolved into Mega Salamence!
|move|p2a: Salamence|Substitute|p2a: Salamence
|-start|p2a: Salamence|Substitute
|-damage|p2a: Salamence|264\/351
|
|-heal|p1a: Whimsicott|71\/324|[from] item: Leftovers
|turn|22
|
|move|p1a: Whimsicott|Encore|p2a: Salamence
|-start|p2a: Salamence|Encore
|move|p2a: Salamence|Substitute|p2a: Salamence
|-fail|p2a: Salamence|move: Substitute
|
|-heal|p1a: Whimsicott|91\/324|[from] item: Leftovers
|turn|23
|
|move|p1a: Whimsicott|Moonblast|p2a: Salamence
|-supereffective|p2a: Salamence
|-end|p2a: Salamence|Substitute
|move|p2a: Salamence|Substitute|p2a: Salamence
|-start|p2a: Salamence|Substitute
|-damage|p2a: Salamence|177\/351
|
|-heal|p1a: Whimsicott|111\/324|[from] item: Leftovers
|turn|24
|
|switch|p2a: Skarmory|Skarmory, M|211\/334 brn
|move|p1a: Whimsicott|Leech Seed|p2a: Skarmory
|-start|p2a: Skarmory|move: Leech Seed
|
|-heal|p1a: Whimsicott|131\/324|[from] item: Leftovers
|-damage|p2a: Skarmory|170\/334 brn|[from] Leech Seed|[of] p1a: Whimsicott
|-heal|p1a: Whimsicott|172\/324|[silent]
|-damage|p2a: Skarmory|129\/334 brn|[from] brn
|turn|25
|
|move|p1a: Whimsicott|Substitute|p1a: Whimsicott
|-start|p1a: Whimsicott|Substitute
|-damage|p1a: Whimsicott|91\/324
|move|p2a: Skarmory|Stealth Rock|p1a: Whimsicott
|-sidestart|p1: Silverbacks|move: Stealth Rock
|
|-heal|p1a: Whimsicott|111\/324|[from] item: Leftovers
|-damage|p2a: Skarmory|88\/334 brn|[from] Leech Seed|[of] p1a: Whimsicott
|-heal|p1a: Whimsicott|152\/324|[silent]
|-damage|p2a: Skarmory|47\/334 brn|[from] brn
|turn|26
|
|move|p1a: Whimsicott|Encore|p2a: Skarmory
|-start|p2a: Skarmory|Encore
|move|p2a: Skarmory|Stealth Rock|p1a: Whimsicott
|-fail|p1a: Whimsicott
|
|-heal|p1a: Whimsicott|172\/324|[from] item: Leftovers
|-damage|p2a: Skarmory|6\/334 brn|[from] Leech Seed|[of] p1a: Whimsicott
|-heal|p1a: Whimsicott|213\/324|[silent]
|-damage|p2a: Skarmory|0 fnt|[from] brn
|faint|p2a: Skarmory
|leave|belgrade
|
|switch|p2a: Landorus-Therian|Landorus-Therian, M|280\/320
|-activate|p1a: Whimsicott|Substitute|ability: Intimidate|[of] p2a: Landorus-Therian
|turn|27
|
|move|p2a: Landorus-Therian|Stone Edge|p1a: Whimsicott
|-end|p1a: Whimsicott|Substitute
|move|p1a: Whimsicott|Moonblast|p2a: Landorus-Therian
|-damage|p2a: Landorus-Therian|168\/320
|-unboost|p2a: Landorus-Therian|spa|1
|
|-heal|p1a: Whimsicott|233\/324|[from] item: Leftovers
|turn|28
|
|switch|p1a: Xerxes|Mew|282\/404
|-damage|p1a: Xerxes|232\/404|[from] Stealth Rock
|move|p2a: Landorus-Therian|Stone Edge|p1a: Xerxes
|-damage|p1a: Xerxes|141\/404
|
|turn|29
|join|I ABR I
|
|move|p2a: Landorus-Therian|Stone Edge|p1a: Xerxes
|-damage|p1a: Xerxes|50\/404
|move|p1a: Xerxes|Roost|p1a: Xerxes
|-heal|p1a: Xerxes|252\/404
|
|turn|30
|
|move|p2a: Landorus-Therian|Stone Edge|p1a: Xerxes|[miss]
|-miss|p2a: Landorus-Therian|p1a: Xerxes
|move|p1a: Xerxes|Roost|p1a: Xerxes
|-heal|p1a: Xerxes|404\/404
|
|turn|31
|
|switch|p2a: Rotom-Wash|Rotom-Wash|222\/304
|move|p1a: Xerxes|Ice Beam|p2a: Rotom-Wash
|-resisted|p2a: Rotom-Wash
|-damage|p2a: Rotom-Wash|189\/304
|
|-heal|p2a: Rotom-Wash|208\/304|[from] item: Leftovers
|turn|32
|leave|I ABR I
|
|move|p1a: Xerxes|Will-O-Wisp|p2a: Rotom-Wash
|-status|p2a: Rotom-Wash|brn
|move|p2a: Rotom-Wash|Will-O-Wisp|p1a: Xerxes
|-status|p1a: Xerxes|brn
|
|-heal|p2a: Rotom-Wash|227\/304 brn|[from] item: Leftovers
|-damage|p1a: Xerxes|354\/404 brn|[from] brn
|-damage|p2a: Rotom-Wash|189\/304 brn|[from] brn
|turn|33
|
|switch|p1a: Lavaticus|Heatran, M|209\/386
|-damage|p1a: Lavaticus|161\/386|[from] Stealth Rock
|move|p2a: Rotom-Wash|Pain Split|p1a: Lavaticus
|-sethp|p1a: Lavaticus|175\/386|p2a: Rotom-Wash|175\/304 brn|[from] move: Pain Split
|
|-heal|p1a: Lavaticus|199\/386|[from] item: Leftovers
|-heal|p2a: Rotom-Wash|194\/304 brn|[from] item: Leftovers
|-damage|p2a: Rotom-Wash|156\/304 brn|[from] brn
|turn|34
|
|move|p1a: Lavaticus|Stealth Rock|p2a: Rotom-Wash
|-sidestart|p2: lord-beanie|move: Stealth Rock
|move|p2a: Rotom-Wash|Hydro Pump|p1a: Lavaticus
|-supereffective|p1a: Lavaticus
|-damage|p1a: Lavaticus|0 fnt
|faint|p1a: Lavaticus
|
|-heal|p2a: Rotom-Wash|175\/304 brn|[from] item: Leftovers
|-damage|p2a: Rotom-Wash|137\/304 brn|[from] brn
|
|switch|p1a: Starxiuesazdt|Starmie|202\/262
|-damage|p1a: Starxiuesazdt|170\/262|[from] Stealth Rock
|turn|35
|
|move|p1a: Starxiuesazdt|Rapid Spin|p2a: Rotom-Wash
|-damage|p2a: Rotom-Wash|129\/304 brn
|-sideend|p1: Silverbacks|Stealth Rock|[from] move: Rapid Spin|[of] p1a: Starxiuesazdt
|move|p2a: Rotom-Wash|Volt Switch|p1a: Starxiuesazdt
|-supereffective|p1a: Starxiuesazdt
|-damage|p1a: Starxiuesazdt|0 fnt
|faint|p1a: Starxiuesazdt
|
|switch|p2a: Landorus-Therian|Landorus-Therian, M|168\/320
|-damage|p2a: Landorus-Therian|128\/320|[from] Stealth Rock
|
|
|switch|p1a: Raigar|Dragonite, M|339\/339
|turn|36
|
|move|p2a: Landorus-Therian|Stone Edge|p1a: Raigar
|-crit|p1a: Raigar
|-supereffective|p1a: Raigar
|-damage|p1a: Raigar|138\/339
|move|p1a: Raigar|Dragon Dance|p1a: Raigar
|-boost|p1a: Raigar|atk|1
|-boost|p1a: Raigar|spe|1
|
|turn|37
|
|move|p1a: Raigar|Extreme Speed|p2a: Landorus-Therian
|-damage|p2a: Landorus-Therian|0 fnt
|faint|p2a: Landorus-Therian
|
|
|switch|p2a: Rotom-Wash|Rotom-Wash|129\/304 brn
|-damage|p2a: Rotom-Wash|91\/304 brn|[from] Stealth Rock
|turn|38
|
|move|p1a: Raigar|Dragon Claw|p2a: Rotom-Wash
|-damage|p2a: Rotom-Wash|0 fnt
|faint|p2a: Rotom-Wash
|
|-message|lord-beanie forfeited.
|
|win|Silverbacks
|raw|Ladder updating...
|leave|lord-beanie
|player|p2
|raw|Silverbacks's rating: 1502 &rarr; <strong>1515<\/strong><br \/>(+13 for winning)
|raw|lord-beanie's rating: 1377 &rarr; <strong>1364<\/strong><br \/>(-13 for losing)