|join|Silverbacks
|join|based godfish
|player|p1|Silverbacks|106
|player|p2|based godfish|144
|gametype|singles
|gen|6
|tier|ORAS OU
|rated
|rule|Sleep Clause Mod: Limit one foe put to sleep
|rule|Species Clause: Limit one of each PokÃ©mon
|rule|OHKO Clause: OHKO moves are banned
|rule|Moody Clause: Moody is banned
|rule|Evasion Moves Clause: Evasion moves are banned
|rule|Endless Battle Clause: Forcing endless battles is banned
|rule|HP Percentage Mod: HP is shown in percentages
|clearpoke
|poke|p1|Salamence, M
|poke|p1|Ferrothorn, M
|poke|p1|Diggersby, M, shiny
|poke|p1|Rotom-Wash
|poke|p1|Roserade, F, shiny
|poke|p1|Latios, M
|poke|p2|Sharpedo, F
|poke|p2|Latias, F
|poke|p2|Terrakion
|poke|p2|Magnezone
|poke|p2|Diggersby, M
|poke|p2|Clefable, M
|rule|Swagger Clause: Swagger is banned
|rule|Baton Pass Clause: Limit one PokÃ©mon knowing Baton Pass
|teampreview
|
|start
|switch|p1a: Raigar|Latios, M|302\/302
|switch|p2a: Clefable|Clefable, M|389\/389
|turn|1
|
|move|p1a: Raigar|Psyshock|p2a: Clefable
|-damage|p2a: Clefable|253\/389
|move|p2a: Clefable|Calm Mind|p2a: Clefable
|-boost|p2a: Clefable|spa|1
|-boost|p2a: Clefable|spd|1
|
|-heal|p2a: Clefable|277\/389|[from] item: Leftovers
|turn|2
|
|switch|p1a: Quacky|Ferrothorn, M|352\/352
|move|p2a: Clefable|Calm Mind|p2a: Clefable
|-boost|p2a: Clefable|spa|1
|-boost|p2a: Clefable|spd|1
|
|-heal|p2a: Clefable|301\/389|[from] item: Leftovers
|turn|3
|
|move|p2a: Clefable|Flamethrower|p1a: Quacky
|-supereffective|p1a: Quacky
|-damage|p1a: Quacky|0 fnt
|faint|p1a: Quacky
|
|-heal|p2a: Clefable|325\/389|[from] item: Leftovers
|
|switch|p1a: SHOFFUU|Diggersby, M, shiny|312\/312
|turn|4
|
|move|p1a: SHOFFUU|Return|p2a: Clefable
|-damage|p2a: Clefable|75\/389
|-damage|p1a: SHOFFUU|281\/312|[from] item: Life Orb
|move|p2a: Clefable|Moonblast|p1a: SHOFFUU
|-damage|p1a: SHOFFUU|13\/312
|-unboost|p1a: SHOFFUU|spa|1
|
|-heal|p2a: Clefable|99\/389|[from] item: Leftovers
|turn|5
|join|Invok3r
|
|switch|p2a: Magnezone|Magnezone|282\/282
|move|p1a: SHOFFUU|Return|p2a: Magnezone
|-resisted|p2a: Magnezone
|-damage|p2a: Magnezone|166\/282
|-damage|p1a: SHOFFUU|0 fnt|[from] item: Life Orb
|faint|p1a: SHOFFUU
|
|
|switch|p1a: Scrotom|Rotom-Wash|304\/304
|turn|6
|c| Invok3r|mega sharpedo trash
|c|âSilverbacks|tweas me being silly with ferro
|c|âSilverbacks|it really is
|c|âSilverbacks|sadly
|c|âbased godfish|nah
|c|âbased godfish|its not
|
|move|p2a: Magnezone|Volt Switch|p1a: Scrotom
|-damage|p1a: Scrotom|217\/304
|c|âSilverbacks|i mean even with speed boost
|
|switch|p2a: Clefable|Clefable, M|99\/389
|move|p1a: Scrotom|Will-O-Wisp|p2a: Clefable|[miss]
|-miss|p1a: Scrotom|p2a: Clefable
|
|-heal|p1a: Scrotom|236\/304|[from] item: Leftovers
|-heal|p2a: Clefable|123\/389|[from] item: Leftovers
|turn|7
|c|âSilverbacks|it doesnt do as much lo sharpedos
|c|âbased godfish|dude
|c|âbased godfish|it beats the 2 most threatening megas
|c|âbased godfish|mence and meta
|c|âSilverbacks|it doesnt beat mence tho
|c|âbased godfish|it does
|c|âbased godfish|lmfao
|c|âSilverbacks|how
|c|âbased godfish|ice fang
|c|âSilverbacks|you protect
|c| Invok3r|ice fang\/beam
|c|âbased godfish|and beam
|c|âbased godfish|it outspeeds
|c|âSilverbacks|mega mence is faster
|c|âbased godfish|smart one
|c| Invok3r|nah nigguh
|c| Invok3r|speed boost
|c|âbased godfish|+1 speed
|c|âbased godfish|from speed boost
|c|âSilverbacks|you dd
|c|âbased godfish|no
|c|âSilverbacks|when they protect
|c|âbased godfish|i'm talking 1v1
|c|âbased godfish|lmfao
|c|âSilverbacks|you dont start with speed boost
|c|âbased godfish|like i've never lost to mega mence
|c|âSilverbacks|you lose it
|c|âbased godfish|with sharpedo
|c|âSilverbacks|send out sharpedo
|
|move|p1a: Scrotom|Volt Switch|p2a: Clefable
|-damage|p2a: Clefable|41\/389
|c|âSilverbacks|we will do a 1v1 now
|
|switch|p1a: Bahamut|Salamence, M|331\/331
|-ability|p1a: Bahamut|Intimidate|[of] p2a: Clefable
|-unboost|p2a: Clefable|atk|1
|move|p2a: Clefable|Soft-Boiled|p2a: Clefable
|-heal|p2a: Clefable|236\/389
|
|-heal|p2a: Clefable|260\/389|[from] item: Leftovers
|turn|8
|c|âbased godfish|no thanks
|c|âbased godfish|i'd rather win
|
|detailschange|p1a: Bahamut|Salamence-Mega, M
|message|Salamence has Mega Evolved into Mega Salamence!
|move|p1a: Bahamut|Return|p2a: Clefable
|-damage|p2a: Clefable|41\/389
|move|p2a: Clefable|Moonblast|p1a: Bahamut
|-supereffective|p1a: Bahamut
|-damage|p1a: Bahamut|91\/331
|
|-heal|p2a: Clefable|65\/389|[from] item: Leftovers
|turn|9
|
|move|p1a: Bahamut|Return|p2a: Clefable
|-damage|p2a: Clefable|0 fnt
|faint|p2a: Clefable
|
|c| Invok3r|lol
|
|switch|p2a: Terrakion|Terrakion|323\/323
|turn|10
|
|switch|p1a: Raigar|Latios, M|302\/302
|move|p2a: Terrakion|Stone Edge|p1a: Raigar
|-damage|p1a: Raigar|82\/302
|
|-heal|p1a: Raigar|100\/302|[from] item: Leftovers
|turn|11
|c| Invok3r|i gtg lolz
|
|switch|p2a: Magnezone|Magnezone|166\/282
|move|p1a: Raigar|Psyshock|p2a: Magnezone
|-resisted|p2a: Magnezone
|-damage|p2a: Magnezone|98\/282
|
|-heal|p1a: Raigar|118\/302|[from] item: Leftovers
|turn|12
|c|âbased godfish|k
|c|âbased godfish|bye
|c| Invok3r|cya after dinner
|
|move|p2a: Magnezone|Thunderbolt|p1a: Raigar
|-resisted|p1a: Raigar
|-damage|p1a: Raigar|49\/302
|-status|p1a: Raigar|par
|cant|p1a: Raigar|par
|
|-heal|p1a: Raigar|67\/302 par|[from] item: Leftovers
|turn|13
|c|âSilverbacks|jeez
|c|âSilverbacks|come on
|c|âbased godfish|lmao
|c|âbased godfish|wow that sucks
|c|âbased godfish|for you anyways
|
|move|p2a: Magnezone|Thunderbolt|p1a: Raigar
|-resisted|p1a: Raigar
|-damage|p1a: Raigar|0 fnt
|faint|p1a: Raigar
|
|
|switch|p1a: Dead Rose|Roserade, F, shiny|324\/324
|turn|14
|
|move|p2a: Magnezone|Thunderbolt|p1a: Dead Rose
|-resisted|p1a: Dead Rose
|-damage|p1a: Dead Rose|243\/324
|move|p1a: Dead Rose|Spikes|p2a: Magnezone
|-sidestart|p2: based godfish|Spikes
|
|-heal|p1a: Dead Rose|263\/324|[from] item: Black Sludge
|turn|15
|
|move|p2a: Magnezone|Thunderbolt|p1a: Dead Rose
|-resisted|p1a: Dead Rose
|-damage|p1a: Dead Rose|189\/324
|move|p1a: Dead Rose|Spikes|p2a: Magnezone
|-sidestart|p2: based godfish|Spikes
|
|-heal|p1a: Dead Rose|209\/324|[from] item: Black Sludge
|turn|16
|
|switch|p2a: Latias|Latias, F|301\/301
|move|p1a: Dead Rose|Sleep Powder|p2a: Latias
|-status|p2a: Latias|slp
|
|-heal|p1a: Dead Rose|229\/324|[from] item: Black Sludge
|turn|17
|c|âSilverbacks|them god predicts
|
|switch|p1a: Bahamut|Salamence-Mega, M|91\/331
|cant|p2a: Latias|slp
|
|turn|18
|
|move|p1a: Bahamut|Dragon Dance|p1a: Bahamut
|-boost|p1a: Bahamut|atk|1
|-boost|p1a: Bahamut|spe|1
|cant|p2a: Latias|slp
|
|turn|19
|
|move|p1a: Bahamut|Dragon Claw|p2a: Latias
|-supereffective|p2a: Latias
|-damage|p2a: Latias|0 fnt
|faint|p2a: Latias
|
|
|switch|p2a: Sharpedo|Sharpedo, F|282\/282
|-damage|p2a: Sharpedo|235\/282|[from] Spikes
|turn|20
|
|move|p2a: Sharpedo|Protect|p2a: Sharpedo
|-singleturn|p2a: Sharpedo|Protect
|move|p1a: Bahamut|Return|p2a: Sharpedo
|-activate|p2a: Sharpedo|Protect
|
|-boost|p2a: Sharpedo|spe|1|[from] ability: Speed Boost
|turn|21
|
|detailschange|p2a: Sharpedo|Sharpedo-Mega, F
|message|Sharpedo has Mega Evolved into Mega Sharpedo!
|move|p1a: Bahamut|Return|p2a: Sharpedo
|-damage|p2a: Sharpedo|0 fnt
|faint|p2a: Sharpedo
|
|c|âSilverbacks|told you
|c|âbased godfish|dude
|c|âSilverbacks|i wouldve dd
|c|âbased godfish|people run bulk on mega mence
|c|âSilverbacks|on your protect
|c|âSilverbacks|there
|c|âbased godfish|you're dumb a sshit
|c|âSilverbacks|but i didnt need to
|c|âbased godfish|dude
|c|âbased godfish|you don't get  it
|c|âbased godfish|people run bulk
|c|âSilverbacks|ok
|c|âbased godfish|to take ice shards and such
|c|âbased godfish|not max speed
|c|âbased godfish|so your logic = flawed
|c|âSilverbacks|because i do something
|
|switch|p2a: Magnezone|Magnezone|98\/282
|-damage|p2a: Magnezone|51\/282|[from] Spikes
|turn|22
|c|âSilverbacks|that others arent doing
|c|âSilverbacks|that makes me wrong
|c|âSilverbacks|well i just won
|
|move|p1a: Bahamut|Earthquake|p2a: Magnezone
|-supereffective|p2a: Magnezone
|-damage|p2a: Magnezone|0 fnt
|faint|p2a: Magnezone
|
|c|âbased godfish|you won
|c|âbased godfish|b\/c of luck
|c|âbased godfish|complete 50\/50's
|
|switch|p2a: Diggersby|Diggersby, M|312\/312
|-damage|p2a: Diggersby|260\/312|[from] Spikes
|turn|23
|c|âSilverbacks|cuz you slept on turn 2
|c|âSilverbacks|instead
|c|âbased godfish|no
|c|âbased godfish|because you got lucky getting powder right
|c|âbased godfish|on the switch
|c|âSilverbacks|XD
|c|âbased godfish|that aint skill
|c|âbased godfish|thats a 50\/50
|c|âSilverbacks|i see
|c|âSilverbacks|your logic honestly i knew you where going to switch
|c|âbased godfish|but w\/e
|
|move|p2a: Diggersby|Quick Attack|p1a: Bahamut
|-damage|p1a: Bahamut|21\/331
|move|p1a: Bahamut|Return|p2a: Diggersby
|-crit|p2a: Diggersby
|-damage|p2a: Diggersby|0 fnt
|faint|p2a: Diggersby
|
|c|âbased godfish|trash players are trash
|c|âSilverbacks|ouch
|
|switch|p2a: Terrakion|Terrakion|323\/323
|-damage|p2a: Terrakion|270\/323|[from] Spikes
|turn|24
|c|âSilverbacks|XD your ranking in ou
|c|âSilverbacks|isnt that high
|c|âbased godfish|this isn't my high account
|c|âbased godfish|stfu
|c|âSilverbacks|where did you max out
|c|âbased godfish|1850's
|c|âSilverbacks|i maxed out 1950s
|c|âbased godfish|k
|c|âbased godfish|thats not impressive
|c|âSilverbacks|but not bad for 1850
|c|âbased godfish|LOL
|c|âbased godfish|you're using the most broken mega yet you say "not bad for 1850
|c|âSilverbacks|well was mega mence
|c|âSilverbacks|ou
|c|âSilverbacks|why am i arguing with you
|c|âSilverbacks|oh yeah cuz of saltz
|
|move|p1a: Bahamut|Return|p2a: Terrakion
|-damage|p2a: Terrakion|0 fnt
|faint|p2a: Terrakion
|
|win|Silverbacks
|raw|Ladder updating...
|raw|Silverbacks's rating: 1279 &rarr; <strong>1307<\/strong><br \/>(+28 for winning)
|raw|based godfish's rating: 1332 &rarr; <strong>1309<\/strong><br \/>(-23 for losing)
|c|âbased godfish|meh
|c|âbased godfish|lucky and bad
|c|âbased godfish|players
|leave|based godfish
|player|p2