|join|Silverbacks
|join|The Goomy
|player|p1|Silverbacks|106
|player|p2|The Goomy|184
|gametype|singles
|gen|6
|tier|ORAS OU
|rated
|rule|Sleep Clause Mod: Limit one foe put to sleep
|rule|Species Clause: Limit one of each PokÃ©mon
|rule|OHKO Clause: OHKO moves are banned
|rule|Moody Clause: Moody is banned
|rule|Evasion Moves Clause: Evasion moves are banned
|rule|Endless Battle Clause: Forcing endless battles is banned
|rule|HP Percentage Mod: HP is shown in percentages
|clearpoke
|poke|p1|Diancie
|poke|p1|Rotom-Wash
|poke|p1|Scizor, F
|poke|p1|Latios, M
|poke|p1|Dugtrio, M
|poke|p1|Talonflame, M
|poke|p2|Volcarona, F
|poke|p2|Latios, M
|poke|p2|Gallade, M
|poke|p2|Rotom-Wash
|poke|p2|Clefable, M
|poke|p2|Klefki, M
|rule|Swagger Clause: Swagger is banned
|rule|Baton Pass Clause: Limit one PokÃ©mon knowing Baton Pass
|teampreview
|join|Scarf Buck
|join|QueenOfLuvdiscs
|c|âThe Goomy|Nice and silverbacks
|c|âSilverbacks|oh
|c|âThe Goomy|:]
|c|âSilverbacks|hey goomz
|c|âSilverbacks|n_n
|c|âThe Goomy|:]
|join|I'm Bi...sharp
|
|start
|switch|p1a: Smartie|Rotom-Wash|304\/304
|switch|p2a: Latios|Latios, M|301\/301
|turn|1
|
|move|p2a: Latios|Psyshock|p1a: Smartie
|-damage|p1a: Smartie|125\/304
|-damage|p2a: Latios|271\/301|[from] item: Life Orb
|move|p1a: Smartie|Pain Split|p2a: Latios
|-sethp|p2a: Latios|198\/301|p1a: Smartie|198\/304|[from] move: Pain Split
|
|-heal|p1a: Smartie|217\/304|[from] item: Leftovers
|turn|2
|
|switch|p1a: Tsubaki|Scizor, F|344\/344
|move|p2a: Latios|Psyshock|p1a: Tsubaki
|-resisted|p1a: Tsubaki
|-damage|p1a: Tsubaki|248\/344
|-damage|p2a: Latios|168\/301|[from] item: Life Orb
|
|turn|3
|
|move|p1a: Tsubaki|Pursuit|p2a: Latios|[from]Pursuit
|-supereffective|p2a: Latios
|-damage|p2a: Latios|0 fnt
|faint|p2a: Latios
|
|
|switch|p2a: Gallade|Gallade, M|277\/277
|turn|4
|
|switch|p1a: Raigar|Latios, M|302\/302
|detailschange|p2a: Gallade|Gallade-Mega, M
|message|Gallade has Mega Evolved into Mega Gallade!
|move|p2a: Gallade|Knock Off|p1a: Raigar
|-supereffective|p1a: Raigar
|-damage|p1a: Raigar|0 fnt
|-enditem|p1a: Raigar|Life Orb|[from] move: Knock Off|[of] p2a: Gallade
|faint|p1a: Raigar
|
|
|switch|p1a: Wright|Talonflame, M|331\/331
|turn|5
|
|switch|p2a: Rotom-Wash|Rotom-Wash|299\/299
|move|p1a: Wright|Will-O-Wisp|p2a: Rotom-Wash
|-status|p2a: Rotom-Wash|brn
|
|-damage|p2a: Rotom-Wash|262\/299 brn|[from] brn
|turn|6
|
|switch|p1a: Ackbar|Dugtrio, M|212\/212
|move|p2a: Rotom-Wash|Volt Switch|p1a: Ackbar
|-immune|p1a: Ackbar|[msg]
|
|-heal|p2a: Rotom-Wash|280\/299 brn|[from] item: Leftovers
|-damage|p2a: Rotom-Wash|243\/299 brn|[from] brn
|turn|7
|
|move|p1a: Ackbar|Stealth Rock|p2a: Rotom-Wash
|-sidestart|p2: The Goomy|move: Stealth Rock
|move|p2a: Rotom-Wash|Hydro Pump|p1a: Ackbar
|-supereffective|p1a: Ackbar
|-enditem|p1a: Ackbar|Focus Sash
|-damage|p1a: Ackbar|1\/212
|
|-heal|p2a: Rotom-Wash|261\/299 brn|[from] item: Leftovers
|-damage|p2a: Rotom-Wash|224\/299 brn|[from] brn
|turn|8
|
|move|p1a: Ackbar|Reversal|p2a: Rotom-Wash
|-damage|p2a: Rotom-Wash|98\/299 brn
|move|p2a: Rotom-Wash|Will-O-Wisp|p1a: Ackbar|[miss]
|-miss|p2a: Rotom-Wash|p1a: Ackbar
|
|-heal|p2a: Rotom-Wash|116\/299 brn|[from] item: Leftovers
|-damage|p2a: Rotom-Wash|79\/299 brn|[from] brn
|turn|9
|
|move|p1a: Ackbar|Reversal|p2a: Rotom-Wash
|-damage|p2a: Rotom-Wash|0 fnt
|faint|p2a: Rotom-Wash
|
|
|switch|p2a: Clefable|Clefable, M|394\/394
|turn|10
|c|âThe Goomy|fuck misses tho
|
|switch|p1a: Wright|Talonflame, M|331\/331
|move|p2a: Clefable|Stealth Rock|p1a: Wright
|-sidestart|p1: Silverbacks|move: Stealth Rock
|
|turn|11
|
|move|p1a: Wright|Swords Dance|p1a: Wright
|-boost|p1a: Wright|atk|2
|move|p2a: Clefable|Thunder Wave|p1a: Wright
|-status|p1a: Wright|par
|
|turn|12
|
|switch|p2a: Volcarona|Volcarona, F|373\/373
|-damage|p2a: Volcarona|187\/373|[from] Stealth Rock
|move|p1a: Wright|Swords Dance|p1a: Wright
|-boost|p1a: Wright|atk|2
|
|-heal|p2a: Volcarona|210\/373|[from] item: Leftovers
|turn|13
|
|move|p1a: Wright|Brave Bird|p2a: Volcarona
|-supereffective|p2a: Volcarona
|-damage|p2a: Volcarona|0 fnt
|-damage|p1a: Wright|262\/331 par|[from] recoil|[of] p2a: Volcarona
|faint|p2a: Volcarona
|
|-heal|p1a: Wright|282\/331 par|[from] item: Leftovers
|
|switch|p2a: Klefki|Klefki, M|318\/318
|-damage|p2a: Klefki|299\/318|[from] Stealth Rock
|turn|14
|
|switch|p1a: Ackbar|Dugtrio, M|1\/212
|-damage|p1a: Ackbar|0 fnt|[from] Stealth Rock
|faint|p1a: Ackbar
|move|p2a: Klefki|Reflect|p2a: Klefki
|-sidestart|p2: The Goomy|Reflect
|
|-heal|p2a: Klefki|318\/318|[from] item: Leftovers
|
|switch|p1a: Trixie|Diancie|242\/242
|-damage|p1a: Trixie|212\/242|[from] Stealth Rock
|turn|15
|
|detailschange|p1a: Trixie|Diancie-Mega
|message|Diancie has Mega Evolved into Mega Diancie!
|move|p1a: Trixie|Earth Power|p2a: Klefki
|-supereffective|p2a: Klefki
|-damage|p2a: Klefki|14\/318
|move|p2a: Klefki|Play Rough|p1a: Trixie
|-damage|p1a: Trixie|128\/242
|
|-heal|p2a: Klefki|33\/318|[from] item: Leftovers
|turn|16
|
|move|p1a: Trixie|Earth Power|p2a: Klefki
|-supereffective|p2a: Klefki
|-damage|p2a: Klefki|0 fnt
|faint|p2a: Klefki
|
|
|switch|p2a: Gallade|Gallade-Mega, M|277\/277
|-damage|p2a: Gallade|260\/277|[from] Stealth Rock
|turn|17
|c|âSilverbacks|hmm
|
|move|p2a: Gallade|Zen Headbutt|p1a: Trixie
|-damage|p1a: Trixie|0 fnt
|faint|p1a: Trixie
|
|c|âSilverbacks|speed ties
|c|âThe Goomy|^
|join|Realistic Waters
|
|switch|p1a: Wright|Talonflame, M|282\/331 par
|-damage|p1a: Wright|117\/331 par|[from] Stealth Rock
|turn|18
|
|move|p1a: Wright|Brave Bird|p2a: Gallade
|-supereffective|p2a: Gallade
|-damage|p2a: Gallade|104\/277
|-damage|p1a: Wright|66\/331 par|[from] recoil|[of] p2a: Gallade
|move|p2a: Gallade|Knock Off|p1a: Wright
|-damage|p1a: Wright|0 fnt
|-enditem|p1a: Wright|Leftovers|[from] move: Knock Off|[of] p2a: Gallade
|faint|p1a: Wright
|
|-sideend|p2: The Goomy|Reflect
|join|Ox the Fox
|
|switch|p1a: Tsubaki|Scizor, F|248\/344
|-damage|p1a: Tsubaki|205\/344|[from] Stealth Rock
|turn|19
|c|âThe Goomy|rip
|c|âThe Goomy|gg
|
|move|p1a: Tsubaki|Bullet Punch|p2a: Gallade
|-damage|p2a: Gallade|0 fnt
|faint|p2a: Gallade
|
|c|âSilverbacks|gg
|
|switch|p2a: Clefable|Clefable, M|394\/394
|turn|20
|
|move|p1a: Tsubaki|Bullet Punch|p2a: Clefable
|-supereffective|p2a: Clefable
|-damage|p2a: Clefable|32\/394
|move|p2a: Clefable|Thunder Wave|p1a: Tsubaki
|-status|p1a: Tsubaki|par
|
|-heal|p2a: Clefable|56\/394|[from] item: Leftovers
|turn|21
|
|move|p1a: Tsubaki|Bullet Punch|p2a: Clefable
|-supereffective|p2a: Clefable
|-damage|p2a: Clefable|0 fnt
|faint|p2a: Clefable
|
|win|Silverbacks
|raw|Ladder updating...
|raw|Silverbacks's rating: 1546 &rarr; <strong>1561<\/strong><br \/>(+15 for winning)
|raw|The Goomy's rating: 1463 &rarr; <strong>1448<\/strong><br \/>(-15 for losing)
|leave|The Goomy
|player|p2
|leave|QueenOfLuvdiscs
|leave|Scarf Buck
|leave|Realistic Waters