|join|strac568
|join|Silverbacks
|player|p1|strac568|169
|player|p2|Silverbacks|106
|gametype|singles
|gen|6
|tier|ORAS OU
|rated
|rule|Sleep Clause Mod: Limit one foe put to sleep
|rule|Species Clause: Limit one of each PokÃ©mon
|rule|OHKO Clause: OHKO moves are banned
|rule|Moody Clause: Moody is banned
|rule|Evasion Moves Clause: Evasion moves are banned
|rule|Endless Battle Clause: Forcing endless battles is banned
|rule|HP Percentage Mod: HP is shown in percentages
|clearpoke
|poke|p1|Excadrill, M
|poke|p1|Mew
|poke|p1|Heatran, F
|poke|p1|Salamence, M
|poke|p1|Sylveon, M
|poke|p1|Talonflame, M
|poke|p2|Whimsicott, F, shiny
|poke|p2|Sceptile, M, shiny
|poke|p2|Mew
|poke|p2|Dragonite, F
|poke|p2|Starmie
|poke|p2|Heatran, M
|rule|Swagger Clause: Swagger is banned
|rule|Baton Pass Clause: Limit one PokÃ©mon knowing Baton Pass
|teampreview
|
|start
|switch|p1a: Talonflame|Talonflame, M|298\/298
|switch|p2a: Starxiuesazdt|Starmie|262\/262
|turn|1
|
|switch|p2a: Lavaticus|Heatran, M|386\/386
|move|p1a: Talonflame|U-turn|p2a: Lavaticus
|-resisted|p2a: Lavaticus
|-damage|p2a: Lavaticus|367\/386
|
|switch|p1a: Excadrill|Excadrill, M|362\/362
|-ability|p1a: Excadrill|Mold Breaker
|
|-heal|p2a: Lavaticus|386\/386|[from] item: Leftovers
|turn|2
|
|switch|p2a: Xerxes|Mew|404\/404
|move|p1a: Excadrill|Rock Slide|p2a: Xerxes
|-damage|p2a: Xerxes|334\/404
|
|-heal|p2a: Xerxes|359\/404|[from] item: Leftovers
|turn|3
|
|switch|p1a: Talonflame|Talonflame, M|298\/298
|switch|p2a: Starxiuesazdt|Starmie|262\/262
|
|turn|4
|
|move|p1a: Talonflame|U-turn|p2a: Starxiuesazdt
|-supereffective|p2a: Starxiuesazdt
|-damage|p2a: Starxiuesazdt|66\/262
|
|switch|p1a: Sylveon|Sylveon, M|394\/394
|move|p2a: Starxiuesazdt|Hydro Pump|p1a: Sylveon
|-damage|p1a: Sylveon|291\/394
|
|-heal|p2a: Starxiuesazdt|82\/262|[from] item: Leftovers
|-heal|p1a: Sylveon|315\/394|[from] item: Leftovers
|turn|5
|c|âSilverbacks|so you are jolly
|
|switch|p2a: Lavaticus|Heatran, M|386\/386
|move|p1a: Sylveon|Hyper Voice|p2a: Lavaticus
|-resisted|p2a: Lavaticus
|-damage|p2a: Lavaticus|357\/386
|
|-heal|p2a: Lavaticus|381\/386|[from] item: Leftovers
|-heal|p1a: Sylveon|339\/394|[from] item: Leftovers
|turn|6
|
|switch|p1a: Heatran|Heatran, F|386\/386
|move|p2a: Lavaticus|Flash Cannon|p1a: Heatran
|-resisted|p1a: Heatran
|-damage|p1a: Heatran|358\/386
|-unboost|p1a: Heatran|spd|1
|
|-heal|p2a: Lavaticus|386\/386|[from] item: Leftovers
|-heal|p1a: Heatran|382\/386|[from] item: Leftovers
|turn|7
|
|switch|p1a: Salamence|Salamence, M|331\/331
|-ability|p1a: Salamence|Intimidate|[of] p2a: Lavaticus
|-unboost|p2a: Lavaticus|atk|1
|move|p2a: Lavaticus|Earth Power|p1a: Salamence
|-immune|p1a: Salamence|[msg]
|
|turn|8
|
|switch|p1a: Excadrill|Excadrill, M|362\/362
|-ability|p1a: Excadrill|Mold Breaker
|switch|p2a: Lala|Whimsicott, F, shiny|324\/324
|
|turn|9
|
|move|p2a: Lala|Substitute|p2a: Lala
|-start|p2a: Lala|Substitute
|-damage|p2a: Lala|243\/324
|move|p1a: Excadrill|Iron Head|p2a: Lala
|-supereffective|p2a: Lala
|-end|p2a: Lala|Substitute
|
|-heal|p2a: Lala|263\/324|[from] item: Leftovers
|turn|10
|
|switch|p2a: Lavaticus|Heatran, M|386\/386
|move|p1a: Excadrill|Iron Head|p2a: Lavaticus
|-resisted|p2a: Lavaticus
|-damage|p2a: Lavaticus|350\/386
|
|-heal|p2a: Lavaticus|374\/386|[from] item: Leftovers
|turn|11
|
|switch|p1a: Heatran|Heatran, F|382\/386
|move|p2a: Lavaticus|Stealth Rock|p1a: Heatran
|-sidestart|p1: strac568|move: Stealth Rock
|
|-heal|p2a: Lavaticus|386\/386|[from] item: Leftovers
|-heal|p1a: Heatran|386\/386|[from] item: Leftovers
|turn|12
|
|move|p2a: Lavaticus|Earth Power|p1a: Heatran
|-crit|p1a: Heatran
|-supereffective|p1a: Heatran
|-damage|p1a: Heatran|0 fnt
|faint|p1a: Heatran
|
|c|âSilverbacks|sorry
|
|switch|p1a: Excadrill|Excadrill, M|362\/362
|-damage|p1a: Excadrill|351\/362|[from] Stealth Rock
|-ability|p1a: Excadrill|Mold Breaker
|turn|13
|c|âstrac568|its part of the gamee
|
|switch|p2a: Xerxes|Mew|359\/404
|move|p1a: Excadrill|X-Scissor|p2a: Xerxes
|-supereffective|p2a: Xerxes
|-damage|p2a: Xerxes|213\/404
|
|-heal|p2a: Xerxes|238\/404|[from] item: Leftovers
|turn|14
|
|switch|p1a: Sylveon|Sylveon, M|339\/394
|-damage|p1a: Sylveon|290\/394|[from] Stealth Rock
|move|p2a: Xerxes|Will-O-Wisp|p1a: Sylveon
|-status|p1a: Sylveon|brn
|
|-heal|p2a: Xerxes|263\/404|[from] item: Leftovers
|-heal|p1a: Sylveon|314\/394 brn|[from] item: Leftovers
|-damage|p1a: Sylveon|265\/394 brn|[from] brn
|turn|15
|
|switch|p1a: Excadrill|Excadrill, M|351\/362
|-damage|p1a: Excadrill|340\/362|[from] Stealth Rock
|-ability|p1a: Excadrill|Mold Breaker
|move|p2a: Xerxes|Gunk Shot|p1a: Excadrill
|-immune|p1a: Excadrill|[msg]
|
|-heal|p2a: Xerxes|288\/404|[from] item: Leftovers
|turn|16
|c|âSilverbacks|you didnt see that move
|
|switch|p1a: Mew|Mew|404\/404
|-damage|p1a: Mew|354\/404|[from] Stealth Rock
|move|p2a: Xerxes|Will-O-Wisp|p1a: Mew
|-status|p1a: Mew|brn
|-status|p2a: Xerxes|brn
|
|-heal|p2a: Xerxes|313\/404 brn|[from] item: Leftovers
|-heal|p1a: Mew|379\/404 brn|[from] item: Leftovers
|-damage|p2a: Xerxes|263\/404 brn|[from] brn
|-damage|p1a: Mew|329\/404 brn|[from] brn
|turn|17
|c|âstrac568|no xD
|
|switch|p2a: Lavaticus|Heatran, M|386\/386
|move|p1a: Mew|Knock Off|p2a: Lavaticus
|-damage|p2a: Lavaticus|350\/386
|-enditem|p2a: Lavaticus|Leftovers|[from] move: Knock Off|[of] p1a: Mew
|
|-heal|p1a: Mew|354\/404 brn|[from] item: Leftovers
|-damage|p1a: Mew|304\/404 brn|[from] brn
|turn|18
|
|move|p1a: Mew|Soft-Boiled|p1a: Mew
|-heal|p1a: Mew|404\/404 brn
|move|p2a: Lavaticus|Fire Blast|p1a: Mew
|-damage|p1a: Mew|215\/404 brn
|
|-heal|p1a: Mew|240\/404 brn|[from] item: Leftovers
|-damage|p1a: Mew|190\/404 brn|[from] brn
|turn|19
|
|switch|p1a: Salamence|Salamence, M|331\/331
|-damage|p1a: Salamence|249\/331|[from] Stealth Rock
|-ability|p1a: Salamence|Intimidate|[of] p2a: Lavaticus
|-unboost|p2a: Lavaticus|atk|1
|move|p2a: Lavaticus|Fire Blast|p1a: Salamence|[miss]
|-miss|p2a: Lavaticus|p1a: Salamence
|
|turn|20
|
|switch|p2a: Lala|Whimsicott, F, shiny|263\/324
|detailschange|p1a: Salamence|Salamence-Mega, M
|message|Salamence has Mega Evolved into Mega Salamence!
|move|p1a: Salamence|Dragon Dance|p1a: Salamence
|-boost|p1a: Salamence|atk|1
|-boost|p1a: Salamence|spe|1
|
|-heal|p2a: Lala|283\/324|[from] item: Leftovers
|turn|21
|
|move|p2a: Lala|Encore|p1a: Salamence
|-start|p1a: Salamence|Encore
|move|p1a: Salamence|Dragon Dance|p1a: Salamence
|-boost|p1a: Salamence|atk|1
|-boost|p1a: Salamence|spe|1
|
|-heal|p2a: Lala|303\/324|[from] item: Leftovers
|turn|22
|
|move|p2a: Lala|Substitute|p2a: Lala
|-start|p2a: Lala|Substitute
|-damage|p2a: Lala|222\/324
|move|p1a: Salamence|Dragon Dance|p1a: Salamence
|-boost|p1a: Salamence|atk|1
|-boost|p1a: Salamence|spe|1
|
|-heal|p2a: Lala|242\/324|[from] item: Leftovers
|turn|23
|
|move|p1a: Salamence|Dragon Dance|p1a: Salamence
|-boost|p1a: Salamence|atk|1
|-boost|p1a: Salamence|spe|1
|move|p2a: Lala|Moonblast|p1a: Salamence
|-supereffective|p1a: Salamence
|-damage|p1a: Salamence|43\/331
|
|-heal|p2a: Lala|262\/324|[from] item: Leftovers
|-end|p1a: Salamence|Encore
|turn|24
|
|move|p2a: Lala|Encore|p1a: Salamence
|-start|p1a: Salamence|Encore
|move|p1a: Salamence|Dragon Dance|p1a: Salamence
|-boost|p1a: Salamence|atk|1
|-boost|p1a: Salamence|spe|1
|
|-heal|p2a: Lala|282\/324|[from] item: Leftovers
|turn|25
|
|switch|p1a: Sylveon|Sylveon, M|265\/394 brn
|-damage|p1a: Sylveon|216\/394 brn|[from] Stealth Rock
|move|p2a: Lala|Leech Seed|p1a: Sylveon
|-start|p1a: Sylveon|move: Leech Seed
|
|-heal|p2a: Lala|302\/324|[from] item: Leftovers
|-heal|p1a: Sylveon|240\/394 brn|[from] item: Leftovers
|-damage|p1a: Sylveon|191\/394 brn|[from] Leech Seed|[of] p2a: Lala
|-heal|p2a: Lala|324\/324|[silent]
|-damage|p1a: Sylveon|142\/394 brn|[from] brn
|turn|26
|
|move|p2a: Lala|Moonblast|p1a: Sylveon
|-damage|p1a: Sylveon|91\/394 brn
|move|p1a: Sylveon|Heal Bell|p1a: Sylveon
|-cureteam|p1a: Sylveon|[from] move: HealBell
|
|-heal|p1a: Sylveon|115\/394|[from] item: Leftovers
|-damage|p1a: Sylveon|66\/394|[from] Leech Seed|[of] p2a: Lala
|turn|27
|
|move|p2a: Lala|Encore|p1a: Sylveon
|-start|p1a: Sylveon|Encore
|move|p1a: Sylveon|Heal Bell|p1a: Sylveon
|-cureteam|p1a: Sylveon|[from] move: HealBell
|
|-heal|p1a: Sylveon|90\/394|[from] item: Leftovers
|-damage|p1a: Sylveon|41\/394|[from] Leech Seed|[of] p2a: Lala
|turn|28
|
|switch|p1a: Mew|Mew|190\/404
|-damage|p1a: Mew|140\/404|[from] Stealth Rock
|move|p2a: Lala|Leech Seed|p1a: Mew
|-start|p1a: Mew|move: Leech Seed
|
|-heal|p1a: Mew|165\/404|[from] item: Leftovers
|-damage|p1a: Mew|115\/404|[from] Leech Seed|[of] p2a: Lala
|turn|29
|
|move|p2a: Lala|Moonblast|p1a: Mew
|-damage|p1a: Mew|22\/404
|move|p1a: Mew|Defog|p2a: Lala
|-sideend|p1: strac568|Stealth Rock|[from] move: Defog|[of] p1a: Mew
|
|-heal|p1a: Mew|47\/404|[from] item: Leftovers
|-damage|p1a: Mew|0 fnt|[from] Leech Seed|[of] p2a: Lala
|faint|p1a: Mew
|
|switch|p1a: Talonflame|Talonflame, M|298\/298
|turn|30
|
|move|p1a: Talonflame|Brave Bird|p2a: Lala
|-supereffective|p2a: Lala
|-end|p2a: Lala|Substitute
|-damage|p1a: Talonflame|271\/298|[from] recoil|[of] p2a: Lala
|move|p2a: Lala|Moonblast|p1a: Talonflame
|-resisted|p1a: Talonflame
|-damage|p1a: Talonflame|212\/298
|
|turn|31
|
|switch|p2a: Lavaticus|Heatran, M|350\/386
|move|p1a: Talonflame|Brave Bird|p2a: Lavaticus
|-resisted|p2a: Lavaticus
|-damage|p2a: Lavaticus|236\/386
|-damage|p1a: Talonflame|174\/298|[from] recoil|[of] p2a: Lavaticus
|
|turn|32
|
|switch|p1a: Excadrill|Excadrill, M|340\/362
|-ability|p1a: Excadrill|Mold Breaker
|move|p2a: Lavaticus|Fire Blast|p1a: Excadrill
|-supereffective|p1a: Excadrill
|-damage|p1a: Excadrill|0 fnt
|faint|p1a: Excadrill
|
|c|âstrac568|gg
|c|âSilverbacks|gg
|-message|strac568 forfeited.
|
|win|Silverbacks
|raw|Ladder updating...
|leave|strac568
|player|p1
|raw|strac568's rating: 1381 &rarr; <strong>1362<\/strong><br \/>(-19 for losing)
|raw|Silverbacks's rating: 1394 &rarr; <strong>1414<\/strong><br \/>(+20 for winning)