|join|Reflect Type
|join|Silverbacks
|player|p1|Reflect Type|169
|player|p2|Silverbacks|106
|gametype|singles
|gen|6
|tier|OU
|clearpoke
|poke|p1|Charizard, M
|poke|p1|Ferrothorn, F
|poke|p1|Heatran, F
|poke|p1|Latios, M
|poke|p1|Landorus-Therian, M
|poke|p1|Rotom-Wash
|poke|p2|Tyranitar, M
|poke|p2|Excadrill, F
|poke|p2|Talonflame, M
|poke|p2|Latios, M
|poke|p2|Terrakion
|poke|p2|Greninja, F, shiny
|rule|Swagger Clause: Swagger is banned
|rule|Baton Pass Clause: Limit one PokÃ©mon knowing Baton Pass
|rule|Sleep Clause Mod: Limit one foe put to sleep
|rule|Species Clause: Limit one of each PokÃ©mon
|rule|OHKO Clause: OHKO moves are banned
|rule|Moody Clause: Moody is banned
|rule|Evasion Moves Clause: Evasion moves are banned
|rule|Endless Battle Clause: Forcing endless battles is banned
|rule|HP Percentage Mod: HP is shown in percentages
|teampreview
|c|âReflect Type|Good luck, have fun.
|
|start
|switch|p1a: Cloudchaser|Landorus-Therian, M|355\/355
|switch|p2a: Aeya|Greninja, F, shiny|286\/286
|-ability|p1a: Cloudchaser|Intimidate|[of] p2a: Aeya
|-unboost|p2a: Aeya|atk|1
|turn|1
|
|move|p1a: Cloudchaser|U-turn|p2a: Aeya
|-supereffective|p2a: Aeya
|-damage|p2a: Aeya|20\/286
|
|switch|p1a: Barby|Ferrothorn, F|352\/352
|move|p2a: Aeya|Ice Beam|p1a: Barby
|-start|p2a: Aeya|typechange|Ice|[from] Protean
|-damage|p1a: Barby|223\/352
|-damage|p2a: Aeya|0 fnt|[from] item: Life Orb
|faint|p2a: Aeya
|
|-heal|p1a: Barby|245\/352|[from] item: Leftovers
|
|switch|p2a: Terrakion|Terrakion|324\/324
|turn|2
|
|switch|p1a: Cloudchaser|Landorus-Therian, M|355\/355
|-ability|p1a: Cloudchaser|Intimidate|[of] p2a: Terrakion
|-unboost|p2a: Terrakion|atk|1
|move|p2a: Terrakion|Close Combat|p1a: Cloudchaser
|-resisted|p1a: Cloudchaser
|-damage|p1a: Cloudchaser|275\/355
|-unboost|p2a: Terrakion|def|1
|-unboost|p2a: Terrakion|spd|1
|
|turn|3
|
|switch|p2a: Crapton Falcon|Talonflame, M|331\/331
|move|p1a: Cloudchaser|U-turn|p2a: Crapton Falcon
|-resisted|p2a: Crapton Falcon
|-damage|p2a: Crapton Falcon|302\/331
|
|switch|p1a: Dysfunction|Rotom-Wash|303\/303
|
|turn|4
|
|switch|p2a: Latios|Latios, M|302\/302
|move|p1a: Dysfunction|Hydro Pump|p2a: Latios
|-resisted|p2a: Latios
|-damage|p2a: Latios|236\/302
|
|turn|5
|
|move|p2a: Latios|Psyshock|p1a: Dysfunction
|-damage|p1a: Dysfunction|130\/303
|-damage|p2a: Latios|206\/302|[from] item: Life Orb
|move|p1a: Dysfunction|Volt Switch|p2a: Latios
|-resisted|p2a: Latios
|-damage|p2a: Latios|164\/302
|
|switch|p1a: Cloudchaser|Landorus-Therian, M|275\/355
|-ability|p1a: Cloudchaser|Intimidate|[of] p2a: Latios
|-unboost|p2a: Latios|atk|1
|
|turn|6
|
|switch|p2a: Crapton Falcon|Talonflame, M|302\/331
|move|p1a: Cloudchaser|U-turn|p2a: Crapton Falcon
|-resisted|p2a: Crapton Falcon
|-damage|p2a: Crapton Falcon|271\/331
|
|switch|p1a: Dysfunction|Rotom-Wash|130\/303
|
|-heal|p1a: Dysfunction|148\/303|[from] item: Leftovers
|turn|7
|
|switch|p2a: Driller|Excadrill, F|362\/362
|-item|p2a: Driller|Air Balloon
|move|p1a: Dysfunction|Volt Switch|p2a: Driller
|-immune|p2a: Driller|[msg]
|
|-heal|p1a: Dysfunction|166\/303|[from] item: Leftovers
|turn|8
|
|switch|p2a: Latios|Latios, M|164\/302
|move|p1a: Dysfunction|Hydro Pump|p2a: Latios
|-resisted|p2a: Latios
|-damage|p2a: Latios|102\/302
|
|-heal|p1a: Dysfunction|184\/303|[from] item: Leftovers
|turn|9
|
|move|p2a: Latios|Draco Meteor|p1a: Dysfunction
|-damage|p1a: Dysfunction|0 fnt
|-unboost|p2a: Latios|spa|2
|-damage|p2a: Latios|72\/302|[from] item: Life Orb
|faint|p1a: Dysfunction
|
|
|switch|p1a: Cloudchaser|Landorus-Therian, M|275\/355
|-ability|p1a: Cloudchaser|Intimidate|[of] p2a: Latios
|-unboost|p2a: Latios|atk|1
|turn|10
|
|move|p1a: Cloudchaser|U-turn|p2a: Latios
|-supereffective|p2a: Latios
|-damage|p2a: Latios|0 fnt
|faint|p2a: Latios
|
|switch|p1a: Barby|Ferrothorn, F|245\/352
|
|-heal|p1a: Barby|267\/352|[from] item: Leftovers
|
|switch|p2a: Terrakion|Terrakion|324\/324
|turn|11
|
|move|p2a: Terrakion|Close Combat|p1a: Barby
|-supereffective|p1a: Barby
|-damage|p1a: Barby|0 fnt
|-damage|p2a: Terrakion|284\/324|[from] ability: Iron Barbs|[of] p1a: Barby
|-unboost|p2a: Terrakion|def|1
|-unboost|p2a: Terrakion|spd|1
|faint|p1a: Barby
|
|
|switch|p1a: Negator|Latios, M|301\/301
|turn|12
|
|switch|p1a: Cloudchaser|Landorus-Therian, M|275\/355
|-ability|p1a: Cloudchaser|Intimidate|[of] p2a: Terrakion
|-unboost|p2a: Terrakion|atk|1
|move|p2a: Terrakion|Stealth Rock|p1a: Cloudchaser
|-sidestart|p1: Reflect Type|move: Stealth Rock
|
|turn|13
|
|switch|p2a: Crapton Falcon|Talonflame, M|271\/331
|move|p1a: Cloudchaser|Earthquake|p2a: Crapton Falcon
|-immune|p2a: Crapton Falcon|[msg]
|
|turn|14
|
|switch|p1a: Extrusion|Heatran, F|324\/324
|-damage|p1a: Extrusion|284\/324|[from] Stealth Rock
|-item|p1a: Extrusion|Air Balloon
|move|p2a: Crapton Falcon|Swords Dance|p2a: Crapton Falcon
|-boost|p2a: Crapton Falcon|atk|2
|
|turn|15
|
|move|p2a: Crapton Falcon|Acrobatics|p1a: Extrusion
|-resisted|p1a: Extrusion
|-damage|p1a: Extrusion|158\/324
|-enditem|p1a: Extrusion|Air Balloon
|move|p1a: Extrusion|Stone Edge|p2a: Crapton Falcon
|-crit|p2a: Crapton Falcon
|-supereffective|p2a: Crapton Falcon
|-damage|p2a: Crapton Falcon|0 fnt
|faint|p2a: Crapton Falcon
|
|c|âSilverbacks|all the heatrans be caring the rock move
|c|âSilverbacks|now a days
|
|switch|p2a: Boa|Tyranitar, M|341\/341
|-weather|Sandstorm
|turn|16
|
|detailschange|p2a: Boa|Tyranitar-Mega, M
|message|Tyranitar has Mega Evolved into Mega Tyranitar!
|move|p1a: Extrusion|Taunt|p2a: Boa
|-start|p2a: Boa|move: Taunt
|move|p2a: Boa|Ice Punch|p1a: Extrusion
|-resisted|p1a: Extrusion
|-damage|p1a: Extrusion|133\/324
|
|-weather|Sandstorm|[upkeep]
|turn|17
|
|move|p2a: Boa|Stone Edge|p1a: Extrusion
|-damage|p1a: Extrusion|0 fnt
|faint|p1a: Extrusion
|
|-weather|Sandstorm|[upkeep]
|join|QK!IC
|
|switch|p1a: Cloudchaser|Landorus-Therian, M|275\/355
|-damage|p1a: Cloudchaser|231\/355|[from] Stealth Rock
|-ability|p1a: Cloudchaser|Intimidate|[of] p2a: Boa
|-unboost|p2a: Boa|atk|1
|turn|18
|
|switch|p2a: Terrakion|Terrakion|284\/324
|move|p1a: Cloudchaser|U-turn|p2a: Terrakion
|-resisted|p2a: Terrakion
|-damage|p2a: Terrakion|232\/324
|
|switch|p1a: Negator|Latios, M|301\/301
|-damage|p1a: Negator|264\/301|[from] Stealth Rock
|
|-weather|Sandstorm|[upkeep]
|-damage|p1a: Negator|246\/301|[from] sandstorm
|turn|19
|
|move|p1a: Negator|Defog|p2a: Terrakion
|-unboost|p2a: Terrakion|evasion|1
|-sideend|p1: Reflect Type|Stealth Rock|[from] move: Defog|[of] p1a: Negator
|move|p2a: Terrakion|Stone Edge|p1a: Negator|[miss]
|-miss|p2a: Terrakion|p1a: Negator
|
|-weather|Sandstorm|[upkeep]
|-damage|p1a: Negator|228\/301|[from] sandstorm
|turn|20
|c|âSilverbacks|dammit
|c|âReflect Type|...
|
|move|p2a: Terrakion|Quick Attack|p1a: Negator
|-damage|p1a: Negator|167\/301
|move|p1a: Negator|Draco Meteor|p2a: Terrakion
|-damage|p2a: Terrakion|29\/324
|-unboost|p1a: Negator|spa|2
|-damage|p1a: Negator|137\/301|[from] item: Life Orb
|
|-weather|none
|turn|21
|
|move|p1a: Negator|Draco Meteor|p2a: Terrakion
|-damage|p2a: Terrakion|0 fnt
|-unboost|p1a: Negator|spa|2
|-damage|p1a: Negator|107\/301|[from] item: Life Orb
|faint|p2a: Terrakion
|
|
|switch|p2a: Boa|Tyranitar-Mega, M|341\/341
|-weather|Sandstorm
|turn|22
|
|move|p1a: Negator|Draco Meteor|p2a: Boa
|-damage|p2a: Boa|285\/341
|-unboost|p1a: Negator|spa|2
|-damage|p1a: Negator|77\/301|[from] item: Life Orb
|move|p2a: Boa|Ice Punch|p1a: Negator
|-supereffective|p1a: Negator
|-damage|p1a: Negator|0 fnt
|faint|p1a: Negator
|
|-weather|Sandstorm|[upkeep]
|c|âSilverbacks|damn gg
|c|âReflect Type|GG
|
|switch|p1a: Cloudchaser|Landorus-Therian, M|231\/355
|-ability|p1a: Cloudchaser|Intimidate|[of] p2a: Boa
|-unboost|p2a: Boa|atk|1
|turn|23
|leave|QK!IC
|
|switch|p2a: Driller|Excadrill, F|362\/362
|-item|p2a: Driller|Air Balloon
|move|p1a: Cloudchaser|U-turn|p2a: Driller
|-resisted|p2a: Driller
|-damage|p2a: Driller|296\/362
|-enditem|p2a: Driller|Air Balloon
|join|akibukens
|
|switch|p1a: Phlogiston|Charizard, M|297\/297
|
|-weather|Sandstorm|[upkeep]
|-damage|p1a: Phlogiston|279\/297|[from] sandstorm
|turn|24
|
|move|p2a: Driller|Swords Dance|p2a: Driller
|-boost|p2a: Driller|atk|2
|move|p1a: Phlogiston|Fire Blast|p2a: Driller
|-supereffective|p2a: Driller
|-damage|p2a: Driller|0 fnt
|faint|p2a: Driller
|
|-weather|Sandstorm|[upkeep]
|-damage|p1a: Phlogiston|261\/297|[from] sandstorm
|
|switch|p2a: Boa|Tyranitar-Mega, M|285\/341
|turn|25
|
|detailschange|p1a: Phlogiston|Charizard-Mega-Y, M
|message|Charizard has Mega Evolved into Mega Charizard!
|-weather|SunnyDay
|move|p1a: Phlogiston|Solar Beam|p2a: Boa|[still]
|-prepare|p1a: Phlogiston|Solar Beam|p2a: Boa
|-anim|p1a: Phlogiston|Solar Beam|p2a: Boa
|-supereffective|p2a: Boa
|-damage|p2a: Boa|0 fnt
|faint|p2a: Boa
|
|win|Reflect Type
|leave|akibukens