|join|1orange1
|join|Silverbacks
|player|p1|1orange1|161
|player|p2|Silverbacks|106
|gametype|singles
|gen|6
|tier|OU
|rated
|clearpoke
|poke|p1|Chansey, F
|poke|p1|Scizor, M
|poke|p1|Venusaur, M
|poke|p1|Skarmory, M
|poke|p1|Cresselia, F
|poke|p1|Alomomola, F
|poke|p2|Tyranitar, M
|poke|p2|Excadrill, M
|poke|p2|Talonflame, M
|poke|p2|Latios, M
|poke|p2|Terrakion
|poke|p2|Greninja, F, shiny
|rule|Swagger Clause: Swagger is banned
|rule|Baton Pass Clause: Limit one PokÃ©mon knowing Baton Pass
|rule|Sleep Clause Mod: Limit one foe put to sleep
|rule|Species Clause: Limit one of each PokÃ©mon
|rule|OHKO Clause: OHKO moves are banned
|rule|Moody Clause: Moody is banned
|rule|Evasion Moves Clause: Evasion moves are banned
|rule|Endless Battle Clause: Forcing endless battles is banned
|rule|HP Percentage Mod: HP is shown in percentages
|teampreview
|
|start
|switch|p1a: Scizor|Scizor, M|344\/344
|switch|p2a: Terrakion|Terrakion|324\/324
|turn|1
|
|switch|p2a: Crapton Falcon|Talonflame, M|331\/331
|move|p1a: Scizor|Bullet Punch|p2a: Crapton Falcon
|-resisted|p2a: Crapton Falcon
|-damage|p2a: Crapton Falcon|272\/331
|
|turn|2
|
|switch|p1a: Alomomola|Alomomola, F|534\/534
|move|p2a: Crapton Falcon|Will-O-Wisp|p1a: Alomomola
|-status|p1a: Alomomola|brn
|
|-damage|p1a: Alomomola|468\/534 brn|[from] brn
|turn|3
|join|KozTra
|
|switch|p2a: Latios|Latios, M|302\/302
|move|p1a: Alomomola|Toxic|p2a: Latios|[miss]
|-miss|p1a: Alomomola|p2a: Latios
|
|-heal|p1a: Alomomola|501\/534 brn|[from] item: Leftovers
|-damage|p1a: Alomomola|435\/534 brn|[from] brn
|turn|4
|
|switch|p1a: Scizor|Scizor, M|344\/344
|move|p2a: Latios|Psyshock|p1a: Scizor
|-resisted|p1a: Scizor
|-damage|p1a: Scizor|248\/344
|-damage|p2a: Latios|272\/302|[from] item: Life Orb
|
|-heal|p1a: Scizor|269\/344|[from] item: Leftovers
|turn|5
|
|switch|p2a: Crapton Falcon|Talonflame, M|272\/331
|move|p1a: Scizor|Knock Off|p2a: Crapton Falcon
|-damage|p2a: Crapton Falcon|190\/331
|
|-heal|p1a: Scizor|290\/344|[from] item: Leftovers
|turn|6
|leave|KozTra
|
|switch|p1a: Alomomola|Alomomola, F|534\/534 brn
|move|p2a: Crapton Falcon|Acrobatics|p1a: Alomomola
|-damage|p1a: Alomomola|425\/534 brn
|
|-heal|p1a: Alomomola|458\/534 brn|[from] item: Leftovers
|-damage|p1a: Alomomola|392\/534 brn|[from] brn
|turn|7
|
|switch|p2a: Latios|Latios, M|272\/302
|move|p1a: Alomomola|Toxic|p2a: Latios
|-status|p2a: Latios|tox
|
|-heal|p1a: Alomomola|425\/534 brn|[from] item: Leftovers
|-damage|p2a: Latios|254\/302 tox|[from] psn
|-damage|p1a: Alomomola|359\/534 brn|[from] brn
|turn|8
|
|switch|p1a: Scizor|Scizor, M|290\/344
|move|p2a: Latios|Draco Meteor|p1a: Scizor
|-resisted|p1a: Scizor
|-damage|p1a: Scizor|168\/344
|-unboost|p2a: Latios|spa|2
|-damage|p2a: Latios|224\/302 tox|[from] item: Life Orb
|
|-heal|p1a: Scizor|189\/344|[from] item: Leftovers
|-damage|p2a: Latios|188\/302 tox|[from] psn
|turn|9
|
|switch|p2a: Crapton Falcon|Talonflame, M|190\/331
|move|p1a: Scizor|Roost|p1a: Scizor
|-heal|p1a: Scizor|344\/344
|
|turn|10
|
|switch|p1a: Alomomola|Alomomola, F|534\/534 brn
|move|p2a: Crapton Falcon|Roost|p2a: Crapton Falcon
|-heal|p2a: Crapton Falcon|331\/331
|
|-damage|p1a: Alomomola|468\/534 brn|[from] brn
|turn|11
|
|switch|p2a: Aeya|Greninja, F, shiny|286\/286
|move|p1a: Alomomola|Toxic|p2a: Aeya
|-status|p2a: Aeya|tox
|
|-heal|p1a: Alomomola|501\/534 brn|[from] item: Leftovers
|-damage|p2a: Aeya|269\/286 tox|[from] psn
|-damage|p1a: Alomomola|435\/534 brn|[from] brn
|turn|12
|
|switch|p2a: Terrakion|Terrakion|324\/324
|switch|p1a: Cresselia|Cresselia, F|444\/444
|
|turn|13
|
|move|p2a: Terrakion|Stealth Rock|p1a: Cresselia
|-sidestart|p1: 1orange1|move: Stealth Rock
|move|p1a: Cresselia|Psychic|p2a: Terrakion
|-supereffective|p2a: Terrakion
|-damage|p2a: Terrakion|136\/324
|
|turn|14
|
|switch|p2a: Boa|Tyranitar, M|341\/341
|-weather|Sandstorm
|move|p1a: Cresselia|Toxic|p2a: Boa
|-status|p2a: Boa|tox
|
|-weather|Sandstorm|[upkeep]
|-damage|p1a: Cresselia|417\/444|[from] sandstorm
|-heal|p1a: Cresselia|444\/444|[from] item: Leftovers
|-damage|p2a: Boa|320\/341 tox|[from] psn
|turn|15
|
|switch|p1a: Skarmory|Skarmory, M|334\/334
|-damage|p1a: Skarmory|293\/334|[from] Stealth Rock
|detailschange|p2a: Boa|Tyranitar-Mega, M
|message|Tyranitar has Mega Evolved into Mega Tyranitar!
|move|p2a: Boa|Dragon Dance|p2a: Boa
|-boost|p2a: Boa|atk|1
|-boost|p2a: Boa|spe|1
|
|-weather|Sandstorm|[upkeep]
|-damage|p2a: Boa|278\/341 tox|[from] psn
|turn|16
|
|move|p2a: Boa|Stone Edge|p1a: Skarmory
|-damage|p1a: Skarmory|124\/334
|move|p1a: Skarmory|Whirlwind|p2a: Boa
|drag|p2a: Crapton Falcon|Talonflame, M|331\/331
|
|-weather|Sandstorm|[upkeep]
|-damage|p2a: Crapton Falcon|311\/331|[from] sandstorm
|turn|17
|
|move|p2a: Crapton Falcon|Swords Dance|p2a: Crapton Falcon
|-boost|p2a: Crapton Falcon|atk|2
|move|p1a: Skarmory|Roost|p1a: Skarmory
|-heal|p1a: Skarmory|291\/334
|
|-weather|Sandstorm|[upkeep]
|-damage|p2a: Crapton Falcon|291\/331|[from] sandstorm
|turn|18
|
|move|p2a: Crapton Falcon|Will-O-Wisp|p1a: Skarmory
|-status|p1a: Skarmory|brn
|move|p1a: Skarmory|Stealth Rock|p2a: Crapton Falcon
|-sidestart|p2: Silverbacks|move: Stealth Rock
|
|-weather|none
|-damage|p1a: Skarmory|250\/334 brn|[from] brn
|turn|19
|
|move|p2a: Crapton Falcon|Acrobatics|p1a: Skarmory
|-resisted|p1a: Skarmory
|-damage|p1a: Skarmory|174\/334 brn
|move|p1a: Skarmory|Whirlwind|p2a: Crapton Falcon
|drag|p2a: Driller|Excadrill, M|362\/362
|-damage|p2a: Driller|351\/362|[from] Stealth Rock
|-item|p2a: Driller|Air Balloon
|
|-damage|p1a: Skarmory|133\/334 brn|[from] brn
|turn|20
|
|move|p2a: Driller|Rapid Spin|p1a: Skarmory
|-resisted|p1a: Skarmory
|-damage|p1a: Skarmory|125\/334 brn
|-sideend|p2: Silverbacks|Stealth Rock|[from] move: Rapid Spin|[of] p2a: Driller
|move|p1a: Skarmory|Roost|p1a: Skarmory
|-heal|p1a: Skarmory|292\/334 brn
|
|-damage|p1a: Skarmory|251\/334 brn|[from] brn
|turn|21
|
|move|p2a: Driller|Swords Dance|p2a: Driller
|-boost|p2a: Driller|atk|2
|move|p1a: Skarmory|Defog|p2a: Driller
|-unboost|p2a: Driller|evasion|1
|-sideend|p1: 1orange1|Stealth Rock|[from] move: Defog|[of] p1a: Skarmory
|
|-damage|p1a: Skarmory|210\/334 brn|[from] brn
|turn|22
|
|move|p2a: Driller|Iron Head|p1a: Skarmory
|-resisted|p1a: Skarmory
|-damage|p1a: Skarmory|115\/334 brn
|move|p1a: Skarmory|Whirlwind|p2a: Driller
|drag|p2a: Terrakion|Terrakion|136\/324
|
|-damage|p1a: Skarmory|74\/334 brn|[from] brn
|turn|23
|
|move|p2a: Terrakion|Close Combat|p1a: Skarmory
|-damage|p1a: Skarmory|0 fnt
|-unboost|p2a: Terrakion|def|1
|-unboost|p2a: Terrakion|spd|1
|faint|p1a: Skarmory
|
|
|switch|p1a: Scizor|Scizor, M|344\/344
|turn|24
|
|switch|p2a: Crapton Falcon|Talonflame, M|291\/331
|move|p1a: Scizor|Bullet Punch|p2a: Crapton Falcon
|-resisted|p2a: Crapton Falcon
|-damage|p2a: Crapton Falcon|230\/331
|
|turn|25
|
|switch|p1a: Alomomola|Alomomola, F|534\/534 brn
|move|p2a: Crapton Falcon|Acrobatics|p1a: Alomomola
|-damage|p1a: Alomomola|405\/534 brn
|
|-heal|p1a: Alomomola|438\/534 brn|[from] item: Leftovers
|-damage|p1a: Alomomola|372\/534 brn|[from] brn
|turn|26
|
|switch|p2a: Latios|Latios, M|188\/302 tox
|move|p1a: Alomomola|Toxic|p2a: Latios
|-fail|p2a: Latios|tox
|
|-heal|p1a: Alomomola|405\/534 brn|[from] item: Leftovers
|-damage|p2a: Latios|170\/302 tox|[from] psn
|-damage|p1a: Alomomola|339\/534 brn|[from] brn
|turn|27
|
|move|p1a: Alomomola|Protect|p1a: Alomomola
|-singleturn|p1a: Alomomola|Protect
|move|p2a: Latios|Surf|p1a: Alomomola
|-activate|p1a: Alomomola|Protect
|
|-heal|p1a: Alomomola|372\/534 brn|[from] item: Leftovers
|-damage|p2a: Latios|134\/302 tox|[from] psn
|-damage|p1a: Alomomola|306\/534 brn|[from] brn
|turn|28
|
|switch|p1a: Scizor|Scizor, M|344\/344
|move|p2a: Latios|Surf|p1a: Scizor
|-damage|p1a: Scizor|219\/344
|-damage|p2a: Latios|104\/302 tox|[from] item: Life Orb
|
|-heal|p1a: Scizor|240\/344|[from] item: Leftovers
|-damage|p2a: Latios|50\/302 tox|[from] psn
|turn|29
|
|move|p2a: Latios|Draco Meteor|p1a: Scizor
|-resisted|p1a: Scizor
|-damage|p1a: Scizor|107\/344
|-unboost|p2a: Latios|spa|2
|-damage|p2a: Latios|20\/302 tox|[from] item: Life Orb
|move|p1a: Scizor|Knock Off|p2a: Latios
|-supereffective|p2a: Latios
|-damage|p2a: Latios|0 fnt
|-enditem|p2a: Latios|Life Orb|[from] move: Knock Off|[of] p1a: Scizor
|faint|p2a: Latios
|
|-heal|p1a: Scizor|128\/344|[from] item: Leftovers
|
|switch|p2a: Crapton Falcon|Talonflame, M|230\/331
|turn|30
|
|move|p2a: Crapton Falcon|Acrobatics|p1a: Scizor
|-damage|p1a: Scizor|0 fnt
|faint|p1a: Scizor
|
|
|switch|p1a: Alomomola|Alomomola, F|484\/534 brn
|turn|31
|
|switch|p2a: Aeya|Greninja, F, shiny|269\/286 tox
|move|p1a: Alomomola|Toxic|p2a: Aeya
|-fail|p2a: Aeya|tox
|
|-heal|p1a: Alomomola|517\/534 brn|[from] item: Leftovers
|-damage|p2a: Aeya|252\/286 tox|[from] psn
|-damage|p1a: Alomomola|451\/534 brn|[from] brn
|turn|32
|
|move|p1a: Alomomola|Protect|p1a: Alomomola
|-singleturn|p1a: Alomomola|Protect
|move|p2a: Aeya|Hidden Power|p1a: Alomomola
|-start|p2a: Aeya|typechange|Grass|[from] Protean
|-activate|p1a: Alomomola|Protect
|
|-heal|p1a: Alomomola|484\/534 brn|[from] item: Leftovers
|-damage|p2a: Aeya|218\/286 tox|[from] psn
|-damage|p1a: Alomomola|418\/534 brn|[from] brn
|turn|33
|
|switch|p2a: Terrakion|Terrakion|136\/324
|switch|p1a: Chansey|Chansey, F|704\/704
|
|turn|34
|
|switch|p1a: Venusaur|Venusaur, M|364\/364
|move|p2a: Terrakion|Stealth Rock|p1a: Venusaur
|-sidestart|p1: 1orange1|move: Stealth Rock
|
|turn|35
|
|detailschange|p1a: Venusaur|Venusaur-Mega, M
|message|Venusaur has Mega Evolved into Mega Venusaur!
|move|p2a: Terrakion|Stone Edge|p1a: Venusaur
|-damage|p1a: Venusaur|244\/364
|move|p1a: Venusaur|Leech Seed|p2a: Terrakion
|-start|p2a: Terrakion|move: Leech Seed
|
|-damage|p2a: Terrakion|96\/324|[from] Leech Seed|[of] p1a: Venusaur
|-heal|p1a: Venusaur|284\/364|[silent]
|turn|36
|
|move|p2a: Terrakion|Stone Edge|p1a: Venusaur
|-damage|p1a: Venusaur|181\/364
|move|p1a: Venusaur|Leech Seed|p2a: Terrakion
|-fail|p2a: Terrakion
|
|-damage|p2a: Terrakion|56\/324|[from] Leech Seed|[of] p1a: Venusaur
|-heal|p1a: Venusaur|221\/364|[silent]
|turn|37
|
|switch|p2a: Crapton Falcon|Talonflame, M|230\/331
|move|p1a: Venusaur|Synthesis|p1a: Venusaur
|-heal|p1a: Venusaur|364\/364
|
|turn|38
|
|switch|p1a: Alomomola|Alomomola, F|534\/534 brn
|-damage|p1a: Alomomola|468\/534 brn|[from] Stealth Rock
|move|p2a: Crapton Falcon|Swords Dance|p2a: Crapton Falcon
|-boost|p2a: Crapton Falcon|atk|2
|
|-heal|p1a: Alomomola|501\/534 brn|[from] item: Leftovers
|-damage|p1a: Alomomola|435\/534 brn|[from] brn
|turn|39
|
|switch|p2a: Aeya|Greninja, F, shiny|218\/286 tox
|move|p1a: Alomomola|Toxic|p2a: Aeya|[miss]
|-miss|p1a: Alomomola|p2a: Aeya
|
|-heal|p1a: Alomomola|468\/534 brn|[from] item: Leftovers
|-damage|p2a: Aeya|201\/286 tox|[from] psn
|-damage|p1a: Alomomola|402\/534 brn|[from] brn
|turn|40
|
|move|p1a: Alomomola|Protect|p1a: Alomomola
|-singleturn|p1a: Alomomola|Protect
|move|p2a: Aeya|Hidden Power|p1a: Alomomola
|-start|p2a: Aeya|typechange|Grass|[from] Protean
|-activate|p1a: Alomomola|Protect
|
|-heal|p1a: Alomomola|435\/534 brn|[from] item: Leftovers
|-damage|p2a: Aeya|167\/286 tox|[from] psn
|-damage|p1a: Alomomola|369\/534 brn|[from] brn
|turn|41
|
|switch|p1a: Chansey|Chansey, F|704\/704
|-damage|p1a: Chansey|616\/704|[from] Stealth Rock
|move|p2a: Aeya|Hidden Power|p1a: Chansey
|-damage|p1a: Chansey|538\/704
|-damage|p2a: Aeya|139\/286 tox|[from] item: Life Orb
|
|-damage|p2a: Aeya|88\/286 tox|[from] psn
|turn|42
|
|switch|p2a: Terrakion|Terrakion|56\/324
|move|p1a: Chansey|Seismic Toss|p2a: Terrakion
|-damage|p2a: Terrakion|0 fnt
|faint|p2a: Terrakion
|
|
|switch|p2a: Driller|Excadrill, M|351\/362
|-item|p2a: Driller|Air Balloon
|turn|43
|
|switch|p1a: Venusaur|Venusaur-Mega, M|364\/364
|-damage|p1a: Venusaur|319\/364|[from] Stealth Rock
|move|p2a: Driller|Swords Dance|p2a: Driller
|-boost|p2a: Driller|atk|2
|
|turn|44
|
|move|p2a: Driller|Iron Head|p1a: Venusaur
|-damage|p1a: Venusaur|111\/364
|move|p1a: Venusaur|Giga Drain|p2a: Driller
|-damage|p2a: Driller|209\/362
|-heal|p1a: Venusaur|182\/364|[from] drain|[of] p2a: Driller
|-enditem|p2a: Driller|Air Balloon
|
|turn|45
|
|move|p2a: Driller|Iron Head|p1a: Venusaur
|-damage|p1a: Venusaur|0 fnt
|faint|p1a: Venusaur
|
|
|switch|p1a: Alomomola|Alomomola, F|534\/534 brn
|-damage|p1a: Alomomola|468\/534 brn|[from] Stealth Rock
|turn|46
|
|move|p2a: Driller|Earthquake|p1a: Alomomola
|-damage|p1a: Alomomola|140\/534 brn
|move|p1a: Alomomola|Scald|p2a: Driller
|-supereffective|p2a: Driller
|-damage|p2a: Driller|83\/362
|-status|p2a: Driller|brn
|
|-heal|p1a: Alomomola|173\/534 brn|[from] item: Leftovers
|-damage|p2a: Driller|38\/362 brn|[from] brn
|-damage|p1a: Alomomola|107\/534 brn|[from] brn
|turn|47
|
|switch|p1a: Cresselia|Cresselia, F|444\/444
|-damage|p1a: Cresselia|389\/444|[from] Stealth Rock
|move|p2a: Driller|Earthquake|p1a: Cresselia
|-immune|p1a: Cresselia|[msg]
|
|-heal|p1a: Cresselia|416\/444|[from] item: Leftovers
|-damage|p2a: Driller|0 fnt|[from] brn
|faint|p2a: Driller
|
|switch|p2a: Boa|Tyranitar-Mega, M|278\/341 tox
|-weather|Sandstorm
|turn|48
|
|switch|p1a: Alomomola|Alomomola, F|285\/534 brn
|-damage|p1a: Alomomola|219\/534 brn|[from] Stealth Rock
|move|p2a: Boa|Dragon Dance|p2a: Boa
|-boost|p2a: Boa|atk|1
|-boost|p2a: Boa|spe|1
|
|-weather|Sandstorm|[upkeep]
|-damage|p1a: Alomomola|186\/534 brn|[from] sandstorm
|-heal|p1a: Alomomola|219\/534 brn|[from] item: Leftovers
|-damage|p2a: Boa|257\/341 tox|[from] psn
|-damage|p1a: Alomomola|153\/534 brn|[from] brn
|turn|49
|
|switch|p1a: Cresselia|Cresselia, F|416\/444
|-damage|p1a: Cresselia|361\/444|[from] Stealth Rock
|move|p2a: Boa|Crunch|p1a: Cresselia
|-supereffective|p1a: Cresselia
|-damage|p1a: Cresselia|0 fnt
|faint|p1a: Cresselia
|
|-weather|Sandstorm|[upkeep]
|-damage|p2a: Boa|215\/341 tox|[from] psn
|
|switch|p1a: Alomomola|Alomomola, F|331\/534 brn
|-damage|p1a: Alomomola|265\/534 brn|[from] Stealth Rock
|turn|50
|
|move|p2a: Boa|Crunch|p1a: Alomomola
|-damage|p1a: Alomomola|69\/534 brn
|move|p1a: Alomomola|Wish|p1a: Alomomola
|
|-weather|Sandstorm|[upkeep]
|-damage|p1a: Alomomola|36\/534 brn|[from] sandstorm
|-heal|p1a: Alomomola|69\/534 brn|[from] item: Leftovers
|-damage|p2a: Boa|152\/341 tox|[from] psn
|-damage|p1a: Alomomola|3\/534 brn|[from] brn
|turn|51
|
|move|p1a: Alomomola|Protect|p1a: Alomomola
|-singleturn|p1a: Alomomola|Protect
|move|p2a: Boa|Stone Edge|p1a: Alomomola
|-activate|p1a: Alomomola|Protect
|
|-weather|Sandstorm|[upkeep]
|-damage|p1a: Alomomola|0 fnt|[from] sandstorm
|-damage|p2a: Boa|68\/341 tox|[from] psn
|faint|p1a: Alomomola
|
|switch|p1a: Chansey|Chansey, F|538\/704
|-damage|p1a: Chansey|450\/704|[from] Stealth Rock
|turn|52
|
|move|p2a: Boa|Crunch|p1a: Chansey
|-damage|p1a: Chansey|93\/704
|-unboost|p1a: Chansey|def|1
|move|p1a: Chansey|Soft-Boiled|p1a: Chansey
|-heal|p1a: Chansey|445\/704
|
|-weather|none
|-damage|p2a: Boa|0 fnt|[from] psn
|faint|p2a: Boa
|
|switch|p2a: Aeya|Greninja, F, shiny|88\/286 tox
|turn|53
|
|move|p2a: Aeya|Ice Beam|p1a: Chansey
|-start|p2a: Aeya|typechange|Ice|[from] Protean
|-crit|p1a: Chansey
|-damage|p1a: Chansey|280\/704
|-damage|p2a: Aeya|60\/286 tox|[from] item: Life Orb
|move|p1a: Chansey|Soft-Boiled|p1a: Chansey
|-heal|p1a: Chansey|632\/704
|
|-damage|p2a: Aeya|43\/286 tox|[from] psn
|turn|54
|
|move|p2a: Aeya|Ice Beam|p1a: Chansey
|-crit|p1a: Chansey
|-damage|p1a: Chansey|475\/704
|-damage|p2a: Aeya|15\/286 tox|[from] item: Life Orb
|move|p1a: Chansey|Soft-Boiled|p1a: Chansey
|-heal|p1a: Chansey|704\/704
|
|-damage|p2a: Aeya|0 fnt|[from] psn
|faint|p2a: Aeya
|
|switch|p2a: Crapton Falcon|Talonflame, M|230\/331
|turn|55
|
|move|p2a: Crapton Falcon|Swords Dance|p2a: Crapton Falcon
|-boost|p2a: Crapton Falcon|atk|2
|move|p1a: Chansey|Thunder Wave|p2a: Crapton Falcon
|-status|p2a: Crapton Falcon|par
|
|turn|56
|
|move|p2a: Crapton Falcon|Acrobatics|p1a: Chansey
|-damage|p1a: Chansey|139\/704
|move|p1a: Chansey|Seismic Toss|p2a: Crapton Falcon
|-damage|p2a: Crapton Falcon|130\/331 par
|
|turn|57
|
|move|p2a: Crapton Falcon|Acrobatics|p1a: Chansey
|-damage|p1a: Chansey|0 fnt
|faint|p1a: Chansey
|
|win|Silverbacks
|raw|Ladder updating...
|c|âSilverbacks|unless paras
|raw|1orange1's rating: 1785 &rarr; <strong>1757<\/strong><br \/>(-28 for losing)
|raw|Silverbacks's rating: 1644 &rarr; <strong>1671<\/strong><br \/>(+27 for winning)
|c|âSilverbacks|gg
|leave|1orange1
|player|p1