|join|Silverbacks
|join|Albacore
|join|Reverend
|player|p1|Silverbacks|106
|player|p2|Albacore|234
|gametype|singles
|gen|6
|tier|OU
|clearpoke
|poke|p1|Gardevoir, F, shiny
|poke|p1|Greninja, F, shiny
|poke|p1|Gengar, F
|poke|p1|Clefable, M
|poke|p1|Thundurus, M
|poke|p1|Mew
|poke|p2|Slowbro, F
|poke|p2|Gengar, F
|poke|p2|Kyurem-Black
|poke|p2|Togekiss, M
|poke|p2|Manaphy
|poke|p2|Crawdaunt, M
|rule|Swagger Clause: Swagger is banned
|rule|Baton Pass Clause: Limit one PokÃ©mon knowing Baton Pass
|rule|Sleep Clause Mod: Limit one foe put to sleep
|rule|Species Clause: Limit one of each PokÃ©mon
|rule|OHKO Clause: OHKO moves are banned
|rule|Moody Clause: Moody is banned
|rule|Evasion Moves Clause: Evasion moves are banned
|rule|Endless Battle Clause: Forcing endless battles is banned
|rule|HP Percentage Mod: HP is shown in percentages
|teampreview
|c|âAlbacore|gl hf
|join|Disorient
|join|riraiteu
|c|âSilverbacks|you too
|
|start
|switch|p1a: Aeya|Greninja, F, shiny|286\/286
|switch|p2a: Kyurem-Black|Kyurem-Black|391\/391
|-ability|p2a: Kyurem-Black|Teravolt
|turn|1
|
|switch|p1a: Eclipse|Clefable, M|394\/394
|switch|p2a: Manaphy|Manaphy|365\/365
|
|turn|2
|
|move|p2a: Manaphy|Tail Glow|p2a: Manaphy
|-boost|p2a: Manaphy|spa|3
|move|p1a: Eclipse|Stealth Rock|p2a: Manaphy
|-sidestart|p2: Albacore|move: Stealth Rock
|
|turn|3
|
|move|p2a: Manaphy|Scald|p1a: Eclipse
|-crit|p1a: Eclipse
|-damage|p1a: Eclipse|0 fnt
|faint|p1a: Eclipse
|
|
|switch|p1a: Tank|Thundurus, M|329\/329
|turn|4
|
|move|p1a: Tank|Thunder Wave|p2a: Manaphy
|-status|p2a: Manaphy|par
|move|p2a: Manaphy|Scald|p1a: Tank
|-damage|p1a: Tank|0 fnt
|faint|p1a: Tank
|
|c|âSilverbacks|tis going great
|c|âSilverbacks|XD
|
|switch|p1a: Titania|Gardevoir, F, shiny|278\/278
|-ability|p1a: Titania|Hydration|[from] ability: Trace|[of] p2a: Manaphy
|turn|5
|
|detailschange|p1a: Titania|Gardevoir-Mega, F, shiny
|-mega|p1a: Titania|Gardevoir|Gardevoirite
|move|p1a: Titania|Hyper Voice|p2a: Manaphy
|-damage|p2a: Manaphy|115\/365 par
|move|p2a: Manaphy|Scald|p1a: Titania
|-damage|p1a: Titania|25\/278
|
|-heal|p2a: Manaphy|137\/365 par|[from] item: Leftovers
|turn|6
|
|move|p1a: Titania|Hyper Voice|p2a: Manaphy
|-damage|p2a: Manaphy|0 fnt
|faint|p2a: Manaphy
|
|
|switch|p2a: Gengar|Gengar, F|262\/262
|-damage|p2a: Gengar|230\/262|[from] Stealth Rock
|turn|7
|
|move|p2a: Gengar|Sludge Bomb|p1a: Titania
|-supereffective|p1a: Titania
|-damage|p1a: Titania|0 fnt
|-damage|p2a: Gengar|204\/262|[from] item: Life Orb
|faint|p1a: Titania
|
|
|switch|p1a: Aeya|Greninja, F, shiny|286\/286
|turn|8
|
|switch|p2a: Togekiss|Togekiss, M|311\/311
|-damage|p2a: Togekiss|234\/311|[from] Stealth Rock
|move|p1a: Aeya|Dark Pulse|p2a: Togekiss
|-start|p1a: Aeya|typechange|Dark|[from] Protean
|-resisted|p2a: Togekiss
|-damage|p2a: Togekiss|160\/311
|-damage|p1a: Aeya|258\/286|[from] item: Life Orb
|
|-heal|p2a: Togekiss|179\/311|[from] item: Leftovers
|turn|9
|
|move|p1a: Aeya|Ice Beam|p2a: Togekiss
|-start|p1a: Aeya|typechange|Ice|[from] Protean
|-supereffective|p2a: Togekiss
|-damage|p2a: Togekiss|0 fnt
|-damage|p1a: Aeya|230\/286|[from] item: Life Orb
|faint|p2a: Togekiss
|
|
|switch|p2a: Crawdaunt|Crawdaunt, M|267\/267
|-damage|p2a: Crawdaunt|234\/267|[from] Stealth Rock
|turn|10
|
|switch|p1a: F you Salamence|Mew|404\/404
|move|p2a: Crawdaunt|Knock Off|p1a: F you Salamence
|-supereffective|p1a: F you Salamence
|-damage|p1a: F you Salamence|0 fnt
|-enditem|p1a: F you Salamence|Leftovers|[from] move: Knock Off|[of] p2a: Crawdaunt
|-damage|p2a: Crawdaunt|208\/267|[from] item: Life Orb
|faint|p1a: F you Salamence
|
|
|switch|p1a: Aeya|Greninja, F, shiny|230\/286
|turn|11
|join|mudkipz9001
|
|move|p1a: Aeya|Gunk Shot|p2a: Crawdaunt
|-start|p1a: Aeya|typechange|Poison|[from] Protean
|-damage|p2a: Crawdaunt|43\/267
|-damage|p1a: Aeya|202\/286|[from] item: Life Orb
|move|p2a: Crawdaunt|Crabhammer|p1a: Aeya
|-damage|p1a: Aeya|0 fnt
|-damage|p2a: Crawdaunt|17\/267|[from] item: Life Orb
|faint|p1a: Aeya
|
|
|switch|p1a: Gaygar|Gengar, F|297\/297
|turn|12
|c|âSilverbacks|gg
|
|move|p1a: Gaygar|Substitute|p1a: Gaygar
|-start|p1a: Gaygar|Substitute
|-damage|p1a: Gaygar|223\/297
|move|p2a: Crawdaunt|Knock Off|p1a: Gaygar
|-supereffective|p1a: Gaygar
|-end|p1a: Gaygar|Substitute
|-damage|p2a: Crawdaunt|0 fnt|[from] item: Life Orb
|faint|p2a: Crawdaunt
|
|-heal|p1a: Gaygar|241\/297|[from] item: Leftovers
|c|âAlbacore|gg
|join|Demandred
|
|switch|p2a: Kyurem-Black|Kyurem-Black|391\/391
|-damage|p2a: Kyurem-Black|294\/391|[from] Stealth Rock
|-ability|p2a: Kyurem-Black|Teravolt
|turn|13
|c|âSilverbacks|maybe i shouldnt have used my worst team
|c|âSilverbacks|XD
|
|move|p1a: Gaygar|Sludge Bomb|p2a: Kyurem-Black
|-damage|p2a: Kyurem-Black|122\/391
|-status|p2a: Kyurem-Black|psn
|move|p2a: Kyurem-Black|Earth Power|p1a: Gaygar
|-supereffective|p1a: Gaygar
|-damage|p1a: Gaygar|0 fnt
|-damage|p2a: Kyurem-Black|83\/391 psn|[from] item: Life Orb
|faint|p1a: Gaygar
|
|win|Albacore
|leave|Albacore
|player|p2
|leave|mudkipz9001
|leave|Silverbacks
|player|p1
|leave|Disorient