|join|Silverbacks
|join|Saph
|player|p1|Silverbacks|106
|player|p2|Saph|265
|gametype|singles
|gen|6
|tier|OU
|clearpoke
|poke|p1|Metagross
|poke|p1|Keldeo
|poke|p1|Landorus-Therian, M
|poke|p1|Clefable, M
|poke|p1|Ferrothorn, M
|poke|p1|Slowbro, M
|poke|p2|Garchomp, F
|poke|p2|Lopunny, M
|poke|p2|Rotom-Wash
|poke|p2|Landorus-Therian, M
|poke|p2|Excadrill, M
|poke|p2|Latias, F
|rule|Swagger Clause: Swagger is banned
|rule|Baton Pass Clause: Limit one PokÃ©mon knowing Baton Pass
|rule|Sleep Clause Mod: Limit one foe put to sleep
|rule|Species Clause: Limit one of each PokÃ©mon
|rule|OHKO Clause: OHKO moves are banned
|rule|Moody Clause: Moody is banned
|rule|Evasion Moves Clause: Evasion moves are banned
|rule|Endless Battle Clause: Forcing endless battles is banned
|rule|HP Percentage Mod: HP is shown in percentages
|teampreview
|c|âSilverbacks|glhf
|c|âSaph|u2
|join|RYOUZAN
|
|start
|switch|p1a: Xan|Landorus-Therian, M|320\/320
|switch|p2a: Garchomp|Garchomp, F|357\/357
|-ability|p1a: Xan|Intimidate|[of] p2a: Garchomp
|-unboost|p2a: Garchomp|atk|1
|turn|1
|
|move|p1a: Xan|U-turn|p2a: Garchomp
|-damage|p2a: Garchomp|267\/357
|-damage|p1a: Xan|280\/320|[from] ability: Rough Skin|[of] p2a: Garchomp
|join|amg
|c| amg|get em saph
|join|The DragonKnight
|
|switch|p1a: Hugz|Ferrothorn, M|352\/352
|move|p2a: Garchomp|Stealth Rock|p1a: Hugz
|-sidestart|p1: Silverbacks|move: Stealth Rock
|
|turn|2
|
|switch|p1a: The slowest|Slowbro, M|394\/394
|-damage|p1a: The slowest|345\/394|[from] Stealth Rock
|move|p2a: Garchomp|Swords Dance|p2a: Garchomp
|-boost|p2a: Garchomp|atk|2
|
|-heal|p1a: The slowest|369\/394|[from] item: Leftovers
|turn|3
|join|suhnny
|c| suhnny|go silverbacks
|c| suhnny|r u a fan of gorillas
|c| suhnny|u gotta be
|
|move|p2a: Garchomp|Swords Dance|p2a: Garchomp
|-boost|p2a: Garchomp|atk|2
|move|p1a: The slowest|Scald|p2a: Garchomp
|-damage|p2a: Garchomp|156\/357
|-status|p2a: Garchomp|brn
|
|-heal|p1a: The slowest|393\/394|[from] item: Leftovers
|-damage|p2a: Garchomp|112\/357 brn|[from] brn
|turn|4
|c|âSilverbacks|XD
|
|switch|p1a: Hugz|Ferrothorn, M|352\/352
|-damage|p1a: Hugz|330\/352|[from] Stealth Rock
|move|p2a: Garchomp|Outrage|p1a: Hugz
|-resisted|p1a: Hugz
|-damage|p1a: Hugz|241\/352
|-damage|p2a: Garchomp|68\/357 brn|[from] ability: Iron Barbs|[of] p1a: Hugz
|
|-heal|p1a: Hugz|263\/352|[from] item: Leftovers
|-damage|p2a: Garchomp|24\/357 brn|[from] brn
|turn|5
|
|move|p2a: Garchomp|Outrage|p1a: Hugz
|-resisted|p1a: Hugz
|-damage|p1a: Hugz|166\/352
|-damage|p2a: Garchomp|0 fnt|[from] ability: Iron Barbs|[of] p1a: Hugz
|faint|p2a: Garchomp
|move|p1a: Hugz|Stealth Rock|p2: Garchomp
|-sidestart|p2: Saph|move: Stealth Rock
|
|-heal|p1a: Hugz|188\/352|[from] item: Leftovers
|c| suhnny|can u own saph
|c| suhnny|he hails from marriland
|c|âSaph|no
|c| amg|lmao
|c|âSaph|lmao
|
|switch|p2a: Lopunny|Lopunny, M|271\/271
|-damage|p2a: Lopunny|238\/271|[from] Stealth Rock
|turn|6
|
|switch|p1a: The slowest|Slowbro, M|394\/394
|-damage|p1a: The slowest|345\/394|[from] Stealth Rock
|detailschange|p2a: Lopunny|Lopunny-Mega, M
|-mega|p2a: Lopunny|Lopunny|Lopunnite
|move|p2a: Lopunny|High Jump Kick|p1a: The slowest
|-resisted|p1a: The slowest
|-damage|p1a: The slowest|261\/394
|
|-heal|p1a: The slowest|285\/394|[from] item: Leftovers
|turn|7
|
|switch|p2a: Rotom-Wash|Rotom-Wash|304\/304
|-damage|p2a: Rotom-Wash|266\/304|[from] Stealth Rock
|move|p1a: The slowest|Scald|p2a: Rotom-Wash
|-resisted|p2a: Rotom-Wash
|-damage|p2a: Rotom-Wash|225\/304
|
|-heal|p2a: Rotom-Wash|244\/304|[from] item: Leftovers
|-heal|p1a: The slowest|309\/394|[from] item: Leftovers
|turn|8
|
|switch|p1a: Twixie|Clefable, M|394\/394
|move|p2a: Rotom-Wash|Will-O-Wisp|p1a: Twixie
|-status|p1a: Twixie|brn
|
|-heal|p2a: Rotom-Wash|263\/304|[from] item: Leftovers
|turn|9
|
|move|p2a: Rotom-Wash|Volt Switch|p1a: Twixie
|-crit|p1a: Twixie
|-damage|p1a: Twixie|271\/394 brn
|
|switch|p2a: Excadrill|Excadrill, M|361\/361
|-damage|p2a: Excadrill|350\/361|[from] Stealth Rock
|-ability|p2a: Excadrill|Mold Breaker
|move|p1a: Twixie|Moonblast|p2a: Excadrill
|-resisted|p2a: Excadrill
|-damage|p2a: Excadrill|270\/361
|-unboost|p2a: Excadrill|spa|1
|
|-heal|p1a: Twixie|295\/394 brn|[from] item: Leftovers
|turn|10
|
|switch|p2a: Rotom-Wash|Rotom-Wash|263\/304
|-damage|p2a: Rotom-Wash|225\/304|[from] Stealth Rock
|switch|p1a: Hugz|Ferrothorn, M|188\/352
|-damage|p1a: Hugz|166\/352|[from] Stealth Rock
|
|-heal|p2a: Rotom-Wash|244\/304|[from] item: Leftovers
|-heal|p1a: Hugz|188\/352|[from] item: Leftovers
|turn|11
|
|move|p2a: Rotom-Wash|Will-O-Wisp|p1a: Hugz
|-status|p1a: Hugz|brn
|move|p1a: Hugz|Leech Seed|p2a: Rotom-Wash
|-start|p2a: Rotom-Wash|move: Leech Seed
|
|-heal|p2a: Rotom-Wash|263\/304|[from] item: Leftovers
|-heal|p1a: Hugz|210\/352 brn|[from] item: Leftovers
|-damage|p2a: Rotom-Wash|225\/304|[from] Leech Seed|[of] p1a: Hugz
|-heal|p1a: Hugz|248\/352 brn|[silent]
|-damage|p1a: Hugz|204\/352 brn|[from] brn
|turn|12
|
|move|p2a: Rotom-Wash|Volt Switch|p1a: Hugz
|-resisted|p1a: Hugz
|-damage|p1a: Hugz|174\/352 brn
|c| suhnny|silverbacks plz represent ur kind
|
|switch|p2a: Latias|Latias, F|301\/301
|-damage|p2a: Latias|264\/301|[from] Stealth Rock
|move|p1a: Hugz|Leech Seed|p2a: Latias
|-start|p2a: Latias|move: Leech Seed
|
|-heal|p1a: Hugz|196\/352 brn|[from] item: Leftovers
|-damage|p2a: Latias|227\/301|[from] Leech Seed|[of] p1a: Hugz
|-heal|p1a: Hugz|233\/352 brn|[silent]
|-damage|p1a: Hugz|189\/352 brn|[from] brn
|turn|13
|join|Myliltony
|
|switch|p2a: Lopunny|Lopunny-Mega, M|238\/271
|-damage|p2a: Lopunny|222\/271|[from] Stealth Rock
|move|p1a: Hugz|Gyro Ball|p2a: Lopunny
|-damage|p2a: Lopunny|128\/271
|
|-heal|p1a: Hugz|211\/352 brn|[from] item: Leftovers
|-damage|p1a: Hugz|167\/352 brn|[from] brn
|turn|14
|leave|Myliltony
|leave|The DragonKnight
|
|switch|p1a: The slowest|Slowbro, M|394\/394
|-damage|p1a: The slowest|345\/394|[from] Stealth Rock
|move|p2a: Lopunny|Return|p1a: The slowest
|-damage|p1a: The slowest|212\/394
|
|-heal|p1a: The slowest|236\/394|[from] item: Leftovers
|turn|15
|
|switch|p2a: Latias|Latias, F|227\/301
|-damage|p2a: Latias|190\/301|[from] Stealth Rock
|move|p1a: The slowest|Scald|p2a: Latias
|-resisted|p2a: Latias
|-damage|p2a: Latias|154\/301
|
|-heal|p1a: The slowest|260\/394|[from] item: Leftovers
|turn|16
|
|switch|p1a: Twixie|Clefable, M|295\/394 brn
|move|p2a: Latias|Thunderbolt|p1a: Twixie
|-damage|p1a: Twixie|174\/394 brn
|-damage|p2a: Latias|124\/301|[from] item: Life Orb
|
|-heal|p1a: Twixie|198\/394 brn|[from] item: Leftovers
|turn|17
|
|move|p2a: Latias|Psyshock|p1a: Twixie
|-damage|p1a: Twixie|10\/394 brn
|-damage|p2a: Latias|94\/301|[from] item: Life Orb
|move|p1a: Twixie|Soft-Boiled|p1a: Twixie
|-heal|p1a: Twixie|207\/394 brn
|
|-heal|p1a: Twixie|231\/394 brn|[from] item: Leftovers
|turn|18
|
|switch|p2a: Excadrill|Excadrill, M|270\/361
|-damage|p2a: Excadrill|259\/361|[from] Stealth Rock
|-ability|p2a: Excadrill|Mold Breaker
|move|p1a: Twixie|Soft-Boiled|p1a: Twixie
|-heal|p1a: Twixie|394\/394 brn
|
|turn|19
|c| suhnny|lol
|c| suhnny|stay in
|c| suhnny|hes going to spin
|c| suhnny|xd
|c|âSilverbacks|<_<
|
|switch|p1a: Hugz|Ferrothorn, M|167\/352 brn
|-damage|p1a: Hugz|145\/352 brn|[from] Stealth Rock
|move|p2a: Excadrill|Rapid Spin|p1a: Hugz
|-resisted|p1a: Hugz
|-damage|p1a: Hugz|137\/352 brn
|-damage|p2a: Excadrill|214\/361|[from] ability: Iron Barbs|[of] p1a: Hugz
|-sideend|p2: Saph|Stealth Rock|[from] move: Rapid Spin|[of] p2a: Excadrill
|
|-heal|p1a: Hugz|159\/352 brn|[from] item: Leftovers
|-damage|p1a: Hugz|115\/352 brn|[from] brn
|turn|20
|c| suhnny|plz
|c|âSilverbacks|well your right he did
|c| amg|saph go for the SD
|
|switch|p2a: Lopunny|Lopunny-Mega, M|128\/271
|switch|p1a: Xan|Landorus-Therian, M|280\/320
|-damage|p1a: Xan|240\/320|[from] Stealth Rock
|-ability|p1a: Xan|Intimidate|[of] p2a: Lopunny
|-unboost|p2a: Lopunny|atk|1
|
|turn|21
|c| suhnny|lol
|c| amg|damn
|c| suhnny|stfu amg
|c| amg|the plays
|c| suhnny|ur dookie
|c| amg|fuku suhnny
|
|move|p2a: Lopunny|Fake Out|p1a: Xan
|-damage|p1a: Xan|182\/320
|cant|p1a: Xan|flinch
|
|turn|22
|c| amg|ur str8 bin
|
|switch|p2a: Landorus-Therian|Landorus-Therian, M|319\/319
|-ability|p2a: Landorus-Therian|Intimidate|[of] p1a: Xan
|-unboost|p1a: Xan|atk|1
|move|p1a: Xan|U-turn|p2a: Landorus-Therian
|-resisted|p2a: Landorus-Therian
|-damage|p2a: Landorus-Therian|287\/319
|c| suhnny|silverbacks is legit
|
|switch|p1a: Twilight|Keldeo|324\/324
|-damage|p1a: Twilight|304\/324|[from] Stealth Rock
|
|-heal|p1a: Twilight|324\/324|[from] item: Leftovers
|turn|23
|c| amg|tbh saph is slowly losing
|c|âSaph|needed to not get burned
|c|âSaph|w\/ chomp
|c|âSaph|early game
|c|âSaph|lol
|
|move|p2a: Landorus-Therian|U-turn|p1a: Twilight
|-resisted|p1a: Twilight
|-damage|p1a: Twilight|279\/324
|c| amg|but ur chomp
|c| amg|was sashed
|c| amg|rite
|
|switch|p2a: Rotom-Wash|Rotom-Wash|225\/304
|move|p1a: Twilight|Scald|p2a: Rotom-Wash
|-crit|p2a: Rotom-Wash
|-resisted|p2a: Rotom-Wash
|-damage|p2a: Rotom-Wash|138\/304
|-status|p2a: Rotom-Wash|brn
|
|-heal|p1a: Twilight|299\/324|[from] item: Leftovers
|-heal|p2a: Rotom-Wash|157\/304 brn|[from] item: Leftovers
|-damage|p2a: Rotom-Wash|119\/304 brn|[from] brn
|turn|24
|c| amg|ah nice
|c|âSaph|and it would have got me
|c|âSaph|a ko
|c|âSaph|lol
|
|move|p1a: Twilight|Calm Mind|p1a: Twilight
|-boost|p1a: Twilight|spa|1
|-boost|p1a: Twilight|spd|1
|move|p2a: Rotom-Wash|Pain Split|p1a: Twilight
|-sethp|p1a: Twilight|209\/324|p2a: Rotom-Wash|209\/304 brn|[from] move: Pain Split
|
|-heal|p1a: Twilight|229\/324|[from] item: Leftovers
|-heal|p2a: Rotom-Wash|228\/304 brn|[from] item: Leftovers
|-damage|p2a: Rotom-Wash|190\/304 brn|[from] brn
|turn|25
|c|âSaph|w\/ no burn
|c| amg|he is goin for game
|
|move|p1a: Twilight|Substitute|p1a: Twilight
|-start|p1a: Twilight|Substitute
|-damage|p1a: Twilight|148\/324
|move|p2a: Rotom-Wash|Volt Switch|p1a: Twilight
|-supereffective|p1a: Twilight
|-end|p1a: Twilight|Substitute
|c| suhnny|hes inside
|c| amg|ah nice play
|c| suhnny|o
|
|switch|p2a: Lopunny|Lopunny-Mega, M|128\/271
|
|-heal|p1a: Twilight|168\/324|[from] item: Leftovers
|turn|26
|c| amg|damn
|
|switch|p1a: Hugz|Ferrothorn, M|115\/352 brn
|-damage|p1a: Hugz|93\/352 brn|[from] Stealth Rock
|move|p2a: Lopunny|Return|p1a: Hugz
|-resisted|p1a: Hugz
|-damage|p1a: Hugz|33\/352 brn
|-damage|p2a: Lopunny|95\/271|[from] ability: Iron Barbs|[of] p1a: Hugz
|
|-heal|p1a: Hugz|55\/352 brn|[from] item: Leftovers
|-damage|p1a: Hugz|11\/352 brn|[from] brn
|turn|27
|
|move|p2a: Lopunny|Return|p1a: Hugz
|-resisted|p1a: Hugz
|-damage|p1a: Hugz|0 fnt
|-damage|p2a: Lopunny|62\/271|[from] ability: Iron Barbs|[of] p1a: Hugz
|faint|p1a: Hugz
|
|
|switch|p1a: The slowest|Slowbro, M|391\/394
|-damage|p1a: The slowest|342\/394|[from] Stealth Rock
|turn|28
|c| amg|its gg
|
|switch|p2a: Rotom-Wash|Rotom-Wash|190\/304 brn
|move|p1a: The slowest|Scald|p2a: Rotom-Wash
|-resisted|p2a: Rotom-Wash
|-damage|p2a: Rotom-Wash|147\/304 brn
|
|-heal|p2a: Rotom-Wash|166\/304 brn|[from] item: Leftovers
|-heal|p1a: The slowest|366\/394|[from] item: Leftovers
|-damage|p2a: Rotom-Wash|128\/304 brn|[from] brn
|turn|29
|c| amg|slowbro 6-0s his whole team
|c| suhnny|lol stfu amg
|c| RYOUZAN|theres only 5 mons left
|c| amg|shhh
|c| RYOUZAN|how does it 6-0
|c| amg|i didnt ask
|
|switch|p1a: Twixie|Clefable, M|394\/394 brn
|move|p2a: Rotom-Wash|Pain Split|p1a: Twixie
|-sethp|p1a: Twixie|261\/394 brn|p2a: Rotom-Wash|261\/304 brn|[from] move: Pain Split
|
|-heal|p2a: Rotom-Wash|280\/304 brn|[from] item: Leftovers
|-heal|p1a: Twixie|285\/394 brn|[from] item: Leftovers
|-damage|p2a: Rotom-Wash|242\/304 brn|[from] brn
|turn|30
|c|âSilverbacks|you guys are cute <3
|
|move|p2a: Rotom-Wash|Volt Switch|p1a: Twixie
|-damage|p1a: Twixie|204\/394 brn
|c| amg|im the best drawer out of us though
|
|switch|p2a: Excadrill|Excadrill, M|214\/361
|-ability|p2a: Excadrill|Mold Breaker
|move|p1a: Twixie|Moonblast|p2a: Excadrill
|-resisted|p2a: Excadrill
|-damage|p2a: Excadrill|139\/361
|
|-heal|p1a: Twixie|228\/394 brn|[from] item: Leftovers
|turn|31
|
|switch|p2a: Rotom-Wash|Rotom-Wash|242\/304 brn
|switch|p1a: The slowest|Slowbro, M|394\/394
|-damage|p1a: The slowest|345\/394|[from] Stealth Rock
|
|-heal|p2a: Rotom-Wash|261\/304 brn|[from] item: Leftovers
|-heal|p1a: The slowest|369\/394|[from] item: Leftovers
|-damage|p2a: Rotom-Wash|223\/304 brn|[from] brn
|turn|32
|c| amg|damn
|
|switch|p1a: Xan|Landorus-Therian, M|182\/320
|-damage|p1a: Xan|142\/320|[from] Stealth Rock
|-ability|p1a: Xan|Intimidate|[of] p2a: Rotom-Wash
|-unboost|p2a: Rotom-Wash|atk|1
|move|p2a: Rotom-Wash|Volt Switch|p1a: Xan
|-immune|p1a: Xan|[msg]
|
|-heal|p2a: Rotom-Wash|242\/304 brn|[from] item: Leftovers
|-damage|p2a: Rotom-Wash|204\/304 brn|[from] brn
|turn|33
|c|âSilverbacks|nb
|c| amg|a nice 21% more
|c| amg|or that
|c| amg|damn
|
|switch|p2a: Landorus-Therian|Landorus-Therian, M|287\/319
|-ability|p2a: Landorus-Therian|Intimidate|[of] p1a: Xan
|-unboost|p1a: Xan|atk|1
|move|p1a: Xan|Knock Off|p2a: Landorus-Therian
|-damage|p2a: Landorus-Therian|191\/319
|-enditem|p2a: Landorus-Therian|Choice Scarf|[from] move: Knock Off|[of] p1a: Xan
|
|turn|34
|
|switch|p1a: The slowest|Slowbro, M|394\/394
|-damage|p1a: The slowest|345\/394|[from] Stealth Rock
|move|p2a: Landorus-Therian|Knock Off|p1a: The slowest
|-supereffective|p1a: The slowest
|-damage|p1a: The slowest|175\/394
|-enditem|p1a: The slowest|Leftovers|[from] move: Knock Off|[of] p2a: Landorus-Therian
|
|turn|35
|c| suhnny|p0o0o
|c| suhnny|o0o0o
|c| amg|SD
|
|move|p2a: Landorus-Therian|U-turn|p1a: The slowest
|-supereffective|p1a: The slowest
|-damage|p1a: The slowest|53\/394
|c| amg|damn
|
|switch|p2a: Latias|Latias, F|94\/301
|move|p1a: The slowest|Slack Off|p1a: The slowest
|-heal|p1a: The slowest|250\/394
|
|turn|36
|
|switch|p1a: Meta knight|Metagross|301\/301
|-damage|p1a: Meta knight|283\/301|[from] Stealth Rock
|move|p2a: Latias|Psyshock|p1a: Meta knight
|-resisted|p1a: Meta knight
|-damage|p1a: Meta knight|248\/301
|-damage|p2a: Latias|64\/301|[from] item: Life Orb
|
|turn|37
|c| suhnny|is it over
|c| amg|the gross is inside
|
|detailschange|p1a: Meta knight|Metagross-Mega
|-mega|p1a: Meta knight|Metagross|Metagrossite
|move|p2a: Latias|Healing Wish|p2a: Latias
|faint|p2a: Latias
|move|p1a: Meta knight|Meteor Mash|p2: Latias|[notarget]
|-notarget
|
|c| amg|xd
|c|âSilverbacks|hmm
|c| suhnny|damn u got this silverbacks
|c| suhnny|i believe in u
|c| amg|saph will win
|c| amg|he just needs to think this through
|
|switch|p2a: Rotom-Wash|Rotom-Wash|204\/304 brn
|-heal|p2a: Rotom-Wash|304\/304|[from] move: Healing Wish
|turn|38
|c| suhnny|lol stfu plz
|c| amg|ah nice
|c|âSilverbacks|that was the move
|c|âSilverbacks|nice
|
|switch|p1a: Twixie|Clefable, M|228\/394 brn
|move|p2a: Rotom-Wash|Volt Switch|p1a: Twixie
|-damage|p1a: Twixie|156\/394 brn
|c| amg|gotem
|
|switch|p2a: Lopunny|Lopunny-Mega, M|62\/271
|
|-heal|p1a: Twixie|180\/394 brn|[from] item: Leftovers
|turn|39
|c| amg|the pressure
|
|switch|p1a: The slowest|Slowbro, M|381\/394
|-damage|p1a: The slowest|332\/394|[from] Stealth Rock
|move|p2a: Lopunny|Fake Out|p1a: The slowest
|-damage|p1a: The slowest|286\/394
|
|turn|40
|c| amg|noo
|c| amg|why did u fke out
|
|switch|p2a: Rotom-Wash|Rotom-Wash|304\/304
|move|p1a: The slowest|Scald|p2a: Rotom-Wash
|-resisted|p2a: Rotom-Wash
|-damage|p2a: Rotom-Wash|267\/304
|
|-heal|p2a: Rotom-Wash|286\/304|[from] item: Leftovers
|turn|41
|
|switch|p1a: Twixie|Clefable, M|180\/394 brn
|move|p2a: Rotom-Wash|Hydro Pump|p1a: Twixie|[miss]
|-miss|p2a: Rotom-Wash|p1a: Twixie
|
|-heal|p2a: Rotom-Wash|304\/304|[from] item: Leftovers
|-heal|p1a: Twixie|204\/394 brn|[from] item: Leftovers
|turn|42
|c| amg|rip
|c|âSaph|well
|c|âSaph|fuck
|c| amg|yea that sucks
|c| suhnny|just crit this one
|c|âSilverbacks|XD
|
|move|p2a: Rotom-Wash|Volt Switch|p1a: Twixie
|-damage|p1a: Twixie|134\/394 brn
|c| amg|the gorilla hax is real
|
|switch|p2a: Excadrill|Excadrill, M|139\/361
|-ability|p2a: Excadrill|Mold Breaker
|move|p1a: Twixie|Soft-Boiled|p1a: Twixie
|-heal|p1a: Twixie|331\/394 brn
|
|-heal|p1a: Twixie|355\/394 brn|[from] item: Leftovers
|turn|43
|
|switch|p2a: Landorus-Therian|Landorus-Therian, M|191\/319
|-ability|p2a: Landorus-Therian|Intimidate|[of] p1a: Twixie
|-unboost|p1a: Twixie|atk|1
|switch|p1a: Xan|Landorus-Therian, M|142\/320
|-damage|p1a: Xan|102\/320|[from] Stealth Rock
|-ability|p1a: Xan|Intimidate|[of] p2a: Landorus-Therian
|-unboost|p2a: Landorus-Therian|atk|1
|
|turn|44
|c| amg|nice
|c| suhnny|somebdoy be real
|c| suhnny|and reveal the hp ice landot
|
|move|p1a: Xan|U-turn|p2a: Landorus-Therian
|-resisted|p2a: Landorus-Therian
|-damage|p2a: Landorus-Therian|140\/319
|c| suhnny|some nice bw2
|
|switch|p1a: Twilight|Keldeo|168\/324
|-damage|p1a: Twilight|148\/324|[from] Stealth Rock
|move|p2a: Landorus-Therian|Stone Edge|p1a: Twilight
|-resisted|p1a: Twilight
|-damage|p1a: Twilight|101\/324
|
|-heal|p1a: Twilight|121\/324|[from] item: Leftovers
|turn|45
|c| amg|damn
|c| amg|gg
|
|move|p1a: Twilight|Scald|p2a: Landorus-Therian
|-supereffective|p2a: Landorus-Therian
|-damage|p2a: Landorus-Therian|0 fnt
|faint|p2a: Landorus-Therian
|
|-heal|p1a: Twilight|141\/324|[from] item: Leftovers
|
|switch|p2a: Lopunny|Lopunny-Mega, M|62\/271
|turn|46
|
|switch|p1a: The slowest|Slowbro, M|394\/394
|-damage|p1a: The slowest|345\/394|[from] Stealth Rock
|move|p2a: Lopunny|Return|p1a: The slowest
|-damage|p1a: The slowest|207\/394
|
|turn|47
|
|switch|p2a: Rotom-Wash|Rotom-Wash|304\/304
|move|p1a: The slowest|Scald|p2a: Rotom-Wash
|-resisted|p2a: Rotom-Wash
|-damage|p2a: Rotom-Wash|265\/304
|-status|p2a: Rotom-Wash|brn
|
|-heal|p2a: Rotom-Wash|284\/304 brn|[from] item: Leftovers
|-damage|p2a: Rotom-Wash|246\/304 brn|[from] brn
|turn|48
|c| suhnny|lmfao
|
|switch|p1a: Xan|Landorus-Therian, M|102\/320
|-damage|p1a: Xan|62\/320|[from] Stealth Rock
|-ability|p1a: Xan|Intimidate|[of] p2a: Rotom-Wash
|-unboost|p2a: Rotom-Wash|atk|1
|move|p2a: Rotom-Wash|Volt Switch|p1a: Xan
|-immune|p1a: Xan|[msg]
|
|-heal|p2a: Rotom-Wash|265\/304 brn|[from] item: Leftovers
|-damage|p2a: Rotom-Wash|227\/304 brn|[from] brn
|turn|49
|c| amg|damn
|c| amg|silverbacks is that kind of guy
|
|move|p1a: Xan|Knock Off|p2a: Rotom-Wash
|-damage|p2a: Rotom-Wash|129\/304 brn
|-enditem|p2a: Rotom-Wash|Leftovers|[from] move: Knock Off|[of] p1a: Xan
|move|p2a: Rotom-Wash|Hydro Pump|p1a: Xan
|-crit|p1a: Xan
|-supereffective|p1a: Xan
|-damage|p1a: Xan|0 fnt
|faint|p1a: Xan
|
|-damage|p2a: Rotom-Wash|91\/304 brn|[from] brn
|c|âSilverbacks|i aint a guy
|c| amg|ooo
|
|switch|p1a: Meta knight|Metagross-Mega|248\/301
|-damage|p1a: Meta knight|230\/301|[from] Stealth Rock
|turn|50
|c| suhnny|silverbacks
|c| suhnny|will u tutor me
|c|âSaph|misses sucked q.q
|c| amg|interesting
|c|âSilverbacks|meh i didnt need clefable
|c|âSilverbacks|much
|c|âSilverbacks|i was sacking
|c| suhnny|can u pray
|c| amg|win w\/o using clef then
|c| suhnny|that u dont miss
|c| amg|i dare u
|c| suhnny|zen headbutt
|c| RYOUZAN|=c=
|c|âSilverbacks|i will :)
|
|move|p1a: Meta knight|Zen Headbutt|p2a: Rotom-Wash
|-damage|p2a: Rotom-Wash|0 fnt
|faint|p2a: Rotom-Wash
|
|
|switch|p2a: Excadrill|Excadrill, M|139\/361
|-ability|p2a: Excadrill|Mold Breaker
|turn|51
|c| suhnny|jk i prayed for u
|c| suhnny|yw
|c| suhnny|:)
|
|move|p2a: Excadrill|Earthquake|p1a: Meta knight
|-supereffective|p1a: Meta knight
|-damage|p1a: Meta knight|0 fnt
|faint|p1a: Meta knight
|
|c| amg|rip farm league
|c|âSilverbacks|two scarfers
|c|âSilverbacks|interesting
|
|switch|p1a: The slowest|Slowbro, M|338\/394
|-damage|p1a: The slowest|289\/394|[from] Stealth Rock
|turn|52
|c| suhnny|wat would it be
|c|âSilverbacks|i was wondering wat that was
|
|move|p2a: Excadrill|Earthquake|p1a: The slowest
|-damage|p1a: The slowest|174\/394
|move|p1a: The slowest|Scald|p2a: Excadrill
|-supereffective|p2a: Excadrill
|-damage|p2a: Excadrill|0 fnt
|faint|p2a: Excadrill
|
|c| amg|u shuda used the team i gave u saph
|
|switch|p2a: Lopunny|Lopunny-Mega, M|62\/271
|turn|53
|c| suhnny|lmfao
|c| suhnny|stfu amg
|c| amg|sash t-tar, excadrill, gengar, mega pinsir, talonflame, dragonite
|
|switch|p1a: Twilight|Keldeo|141\/324
|-damage|p1a: Twilight|121\/324|[from] Stealth Rock
|move|p2a: Lopunny|Fake Out|p1a: Twilight
|-damage|p1a: Twilight|45\/324
|
|-heal|p1a: Twilight|65\/324|[from] item: Leftovers
|turn|54
|
|move|p2a: Lopunny|Return|p1a: Twilight
|-damage|p1a: Twilight|0 fnt
|faint|p1a: Twilight
|
|c|âSaph|Crit this imo
|
|switch|p1a: The slowest|Slowbro, M|305\/394
|-damage|p1a: The slowest|256\/394|[from] Stealth Rock
|turn|55
|c|âSilverbacks|wont kill
|c|âSilverbacks|gg
|c| RYOUZAN|wont kill
|c| RYOUZAN|gg
|
|move|p2a: Lopunny|Return|p1a: The slowest
|-damage|p1a: The slowest|135\/394
|move|p1a: The slowest|Scald|p2a: Lopunny
|-damage|p2a: Lopunny|0 fnt
|faint|p2a: Lopunny
|
|win|Silverbacks
|c|âSaph|gg lol
|c|âSilverbacks|gg
|c| amg|ggg
|c| amg|rip farm leg
|leave|Saph
|player|p2
|c| amg|luckE
|leave|suhnny
|leave|amg
|leave|RYOUZAN