|join|Silverbacks
|join|WECAMEASROMANS
|player|p1|Silverbacks|106
|player|p2|WECAMEASROMANS|257
|gametype|singles
|gen|6
|tier|OU
|clearpoke
|poke|p1|Tyranitar, M
|poke|p1|Landorus-Therian, M
|poke|p1|Latios, M
|poke|p1|Celebi
|poke|p1|Talonflame, M
|poke|p1|Azumarill, M
|poke|p2|Manaphy
|poke|p2|Venusaur, M
|poke|p2|Landorus-Therian, M
|poke|p2|Bisharp, M
|poke|p2|Raikou
|poke|p2|Latias, F
|rule|Swagger Clause: Swagger is banned
|rule|Baton Pass Clause: Limit one PokÃ©mon knowing Baton Pass
|rule|Sleep Clause Mod: Limit one foe put to sleep
|rule|Species Clause: Limit one of each PokÃ©mon
|rule|OHKO Clause: OHKO moves are banned
|rule|Moody Clause: Moody is banned
|rule|Evasion Moves Clause: Evasion moves are banned
|rule|Endless Battle Clause: Forcing endless battles is banned
|rule|HP Percentage Mod: HP is shown in percentages
|teampreview
|c|âWECAMEASROMANS|gl :3
|c|âSilverbacks|im not very good 
|c|âSilverbacks|so yeah
|c|âSilverbacks|you too
|
|start
|switch|p1a: Giga|Landorus-Therian, M|382\/382
|switch|p2a: Venusaur|Venusaur, M|360\/360
|-ability|p1a: Giga|Intimidate|[of] p2a: Venusaur
|-unboost|p2a: Venusaur|atk|1
|turn|1
|
|move|p1a: Giga|Stealth Rock|p2a: Venusaur
|-sidestart|p2: WECAMEASROMANS|move: Stealth Rock
|move|p2a: Venusaur|Giga Drain|p1a: Giga
|-damage|p1a: Giga|228\/382
|
|-heal|p1a: Giga|251\/382|[from] item: Leftovers
|turn|2
|
|detailschange|p2a: Venusaur|Venusaur-Mega, M
|message|Venusaur has Mega Evolved into Mega Venusaur!
|move|p1a: Giga|U-turn|p2a: Venusaur
|-damage|p2a: Venusaur|299\/360
|
|switch|p1a: Raigar|Latios, M|302\/302
|move|p2a: Venusaur|Giga Drain|p1a: Raigar
|-resisted|p1a: Raigar
|-damage|p1a: Raigar|236\/302
|-heal|p2a: Venusaur|332\/360|[from] drain|[of] p1a: Raigar
|
|turn|3
|join|Flan76
|join|LadderSoTall
|join|AlldaAlts
|leave|Flan76
|
|switch|p2a: Latias|Latias, F|301\/301
|-damage|p2a: Latias|264\/301|[from] Stealth Rock
|move|p1a: Raigar|Psyshock|p2a: Latias
|-resisted|p2a: Latias
|-damage|p2a: Latias|167\/301
|-damage|p1a: Raigar|206\/302|[from] item: Life Orb
|
|turn|4
|
|move|p2a: Latias|Defog|p1a: Raigar
|-unboost|p1a: Raigar|evasion|1
|-sideend|p2: WECAMEASROMANS|Stealth Rock|[from] move: Defog|[of] p2a: Latias
|move|p1a: Raigar|Draco Meteor|p2a: Latias
|-supereffective|p2a: Latias
|-damage|p2a: Latias|0 fnt
|-unboost|p1a: Raigar|spa|2
|-damage|p1a: Raigar|176\/302|[from] item: Life Orb
|faint|p2a: Latias
|
|
|switch|p2a: Bisharp|Bisharp, M|291\/291
|turn|5
|
|move|p1a: Raigar|Hidden Power|p2a: Bisharp
|-supereffective|p2a: Bisharp
|-damage|p2a: Bisharp|41\/291
|-damage|p1a: Raigar|146\/302|[from] item: Life Orb
|move|p2a: Bisharp|Pursuit|p1a: Raigar
|-supereffective|p1a: Raigar
|-damage|p1a: Raigar|0 fnt
|-damage|p2a: Bisharp|12\/291|[from] item: Life Orb
|faint|p1a: Raigar
|
|
|switch|p1a: Bud|Azumarill, M|404\/404
|turn|6
|
|switch|p2a: Venusaur|Venusaur-Mega, M|332\/360
|move|p1a: Bud|Aqua Jet|p2a: Venusaur
|-resisted|p2a: Venusaur
|-damage|p2a: Venusaur|296\/360
|
|turn|7
|leave|LadderSoTall
|
|switch|p1a: Crapton Falcon|Talonflame, M|331\/331
|move|p2a: Venusaur|Giga Drain|p1a: Crapton Falcon
|-resisted|p1a: Crapton Falcon
|-damage|p1a: Crapton Falcon|287\/331
|-heal|p2a: Venusaur|318\/360|[from] drain|[of] p1a: Crapton Falcon
|
|turn|8
|join|Ill leave
|
|switch|p2a: Landorus-Therian|Landorus-Therian, M|369\/369
|-ability|p2a: Landorus-Therian|Intimidate|[of] p1a: Crapton Falcon
|-unboost|p1a: Crapton Falcon|atk|1
|move|p1a: Crapton Falcon|Will-O-Wisp|p2a: Landorus-Therian
|-status|p2a: Landorus-Therian|brn
|
|-damage|p2a: Landorus-Therian|323\/369 brn|[from] brn
|turn|9
|
|move|p1a: Crapton Falcon|Swords Dance|p1a: Crapton Falcon
|-boost|p1a: Crapton Falcon|atk|2
|move|p2a: Landorus-Therian|U-turn|p1a: Crapton Falcon
|-resisted|p1a: Crapton Falcon
|-damage|p1a: Crapton Falcon|274\/331
|
|switch|p2a: Raikou|Raikou|329\/329
|-ability|p2a: Raikou|Pressure
|
|turn|10
|
|switch|p1a: Puck|Celebi|404\/404
|move|p2a: Raikou|Thunderbolt|p1a: Puck
|-resisted|p1a: Puck
|-damage|p1a: Puck|347\/404
|-status|p1a: Puck|par
|
|-heal|p1a: Puck|372\/404 par|[from] item: Leftovers
|turn|11
|
|move|p2a: Raikou|Calm Mind|p2a: Raikou
|-boost|p2a: Raikou|spa|1
|-boost|p2a: Raikou|spd|1
|move|p1a: Puck|Baton Pass|p1a: Puck
|
|switch|p1a: Lizardon|Tyranitar, M|342\/342
|-weather|Sandstorm
|
|-weather|Sandstorm|[upkeep]
|-damage|p2a: Raikou|309\/329|[from] sandstorm
|-heal|p2a: Raikou|329\/329|[from] item: Leftovers
|turn|12
|
|switch|p2a: Landorus-Therian|Landorus-Therian, M|323\/369 brn
|-ability|p2a: Landorus-Therian|Intimidate|[of] p1a: Lizardon
|-unboost|p1a: Lizardon|atk|1
|detailschange|p1a: Lizardon|Tyranitar-Mega, M
|message|Tyranitar has Mega Evolved into Mega Tyranitar!
|move|p1a: Lizardon|Dragon Dance|p1a: Lizardon
|-boost|p1a: Lizardon|atk|1
|-boost|p1a: Lizardon|spe|1
|
|-weather|Sandstorm|[upkeep]
|-heal|p2a: Landorus-Therian|346\/369 brn|[from] item: Leftovers
|-damage|p2a: Landorus-Therian|300\/369 brn|[from] brn
|turn|13
|
|move|p1a: Lizardon|Dragon Dance|p1a: Lizardon
|-boost|p1a: Lizardon|atk|1
|-boost|p1a: Lizardon|spe|1
|move|p2a: Landorus-Therian|Earthquake|p1a: Lizardon
|-supereffective|p1a: Lizardon
|-damage|p1a: Lizardon|228\/342
|
|-weather|Sandstorm|[upkeep]
|-heal|p2a: Landorus-Therian|323\/369 brn|[from] item: Leftovers
|-damage|p2a: Landorus-Therian|277\/369 brn|[from] brn
|turn|14
|
|move|p1a: Lizardon|Dragon Dance|p1a: Lizardon
|-boost|p1a: Lizardon|atk|1
|-boost|p1a: Lizardon|spe|1
|move|p2a: Landorus-Therian|Earthquake|p1a: Lizardon
|-crit|p1a: Lizardon
|-supereffective|p1a: Lizardon
|-damage|p1a: Lizardon|46\/342
|
|-weather|Sandstorm|[upkeep]
|-heal|p2a: Landorus-Therian|300\/369 brn|[from] item: Leftovers
|-damage|p2a: Landorus-Therian|254\/369 brn|[from] brn
|turn|15
|c|âSilverbacks|:(
|c|âSilverbacks|welp
|
|move|p1a: Lizardon|Ice Punch|p2a: Landorus-Therian
|-supereffective|p2a: Landorus-Therian
|-damage|p2a: Landorus-Therian|0 fnt
|faint|p2a: Landorus-Therian
|
|-weather|none
|
|switch|p2a: Bisharp|Bisharp, M|12\/291
|turn|16
|
|move|p2a: Bisharp|Sucker Punch|p1a: Lizardon
|-fail|p1a: Lizardon
|move|p1a: Lizardon|Dragon Dance|p1a: Lizardon
|-boost|p1a: Lizardon|atk|1
|-boost|p1a: Lizardon|spe|1
|
|turn|17
|
|move|p2a: Bisharp|Sucker Punch|p1a: Lizardon
|-fail|p1a: Lizardon
|move|p1a: Lizardon|Dragon Dance|p1a: Lizardon
|-boost|p1a: Lizardon|atk|1
|-boost|p1a: Lizardon|spe|1
|
|turn|18
|
|move|p2a: Bisharp|Sucker Punch|p1a: Lizardon
|-fail|p1a: Lizardon
|move|p1a: Lizardon|Dragon Dance|p1a: Lizardon
|-boost|p1a: Lizardon|atk|1
|-boost|p1a: Lizardon|spe|1
|
|turn|19
|
|move|p2a: Bisharp|Sucker Punch|p1a: Lizardon
|-fail|p1a: Lizardon
|move|p1a: Lizardon|Dragon Dance|p1a: Lizardon
|-boost|p1a: Lizardon|atk|1
|
|turn|20
|join|Escavalier
|
|move|p2a: Bisharp|Sucker Punch|p1a: Lizardon
|-fail|p1a: Lizardon
|move|p1a: Lizardon|Dragon Dance|p1a: Lizardon
|-fail|p1a: Lizardon
|
|turn|21
|
|move|p2a: Bisharp|Sucker Punch|p1a: Lizardon
|-fail|p1a: Lizardon
|move|p1a: Lizardon|Dragon Dance|p1a: Lizardon
|-fail|p1a: Lizardon
|
|turn|22
|
|move|p1a: Lizardon|Dragon Dance|p1a: Lizardon
|-fail|p1a: Lizardon
|move|p2a: Bisharp|Iron Head|p1a: Lizardon
|-supereffective|p1a: Lizardon
|-damage|p1a: Lizardon|0 fnt
|-damage|p2a: Bisharp|0 fnt|[from] item: Life Orb
|faint|p1a: Lizardon
|faint|p2a: Bisharp
|
|join|PanureMenthol
|c|âSilverbacks|damn XD
|leave|PanureMenthol
|c|âSilverbacks|man 
|c|âSilverbacks|crits
|c|âSilverbacks|;-;
|c|âWECAMEASROMANS|sry ._.
|c|âSilverbacks|its k
|c|âSilverbacks|not your fault plus its friendly n_n
|
|switch|p2a: Raikou|Raikou|329\/329
|switch|p1a: Puck|Celebi|372\/404
|-ability|p2a: Raikou|Pressure
|turn|23
|c|âSilverbacks|i just dont like them
|
|move|p2a: Raikou|Calm Mind|p2a: Raikou
|-boost|p2a: Raikou|spa|1
|-boost|p2a: Raikou|spd|1
|move|p1a: Puck|Psychic|p2a: Raikou
|-crit|p2a: Raikou
|-damage|p2a: Raikou|173\/329
|
|-heal|p2a: Raikou|193\/329|[from] item: Leftovers
|-heal|p1a: Puck|397\/404|[from] item: Leftovers
|turn|24
|c|âSilverbacks|i think you got this
|
|move|p2a: Raikou|Calm Mind|p2a: Raikou
|-boost|p2a: Raikou|spa|1
|-boost|p2a: Raikou|spd|1
|move|p1a: Puck|Baton Pass|p1a: Puck
|
|switch|p1a: Bud|Azumarill, M|404\/404
|
|-heal|p2a: Raikou|213\/329|[from] item: Leftovers
|turn|25
|
|move|p1a: Bud|Aqua Jet|p2a: Raikou
|-damage|p2a: Raikou|96\/329
|move|p2a: Raikou|Thunderbolt|p1a: Bud
|-supereffective|p1a: Bud
|-damage|p1a: Bud|0 fnt
|faint|p1a: Bud
|
|-heal|p2a: Raikou|116\/329|[from] item: Leftovers
|
|switch|p1a: Crapton Falcon|Talonflame, M|274\/331
|turn|26
|
|move|p1a: Crapton Falcon|Acrobatics|p2a: Raikou
|-resisted|p2a: Raikou
|-damage|p2a: Raikou|31\/329
|move|p2a: Raikou|Thunderbolt|p1a: Crapton Falcon
|-supereffective|p1a: Crapton Falcon
|-damage|p1a: Crapton Falcon|0 fnt
|faint|p1a: Crapton Falcon
|
|-heal|p2a: Raikou|51\/329|[from] item: Leftovers
|
|switch|p1a: Puck|Celebi|397\/404
|turn|27
|
|move|p2a: Raikou|Hidden Power|p1a: Puck
|-supereffective|p1a: Puck
|-damage|p1a: Puck|191\/404
|move|p1a: Puck|Psychic|p2a: Raikou
|-damage|p2a: Raikou|2\/329
|
|-heal|p2a: Raikou|22\/329|[from] item: Leftovers
|-heal|p1a: Puck|216\/404|[from] item: Leftovers
|turn|28
|
|move|p2a: Raikou|Hidden Power|p1a: Puck
|-supereffective|p1a: Puck
|-damage|p1a: Puck|18\/404
|move|p1a: Puck|Giga Drain|p2a: Raikou
|-damage|p2a: Raikou|0 fnt
|-heal|p1a: Puck|29\/404|[from] drain|[of] p2a: Raikou
|faint|p2a: Raikou
|
|-heal|p1a: Puck|54\/404|[from] item: Leftovers
|
|switch|p2a: Venusaur|Venusaur-Mega, M|318\/360
|turn|29
|
|switch|p1a: Giga|Landorus-Therian, M|251\/382
|-ability|p1a: Giga|Intimidate|[of] p2a: Venusaur
|-unboost|p2a: Venusaur|atk|1
|move|p2a: Venusaur|Sludge Bomb|p1a: Giga
|-resisted|p1a: Giga
|-damage|p1a: Giga|158\/382
|
|-heal|p1a: Giga|181\/382|[from] item: Leftovers
|turn|30
|
|move|p1a: Giga|Earthquake|p2a: Venusaur
|-damage|p2a: Venusaur|191\/360
|move|p2a: Venusaur|Giga Drain|p1a: Giga
|-damage|p1a: Giga|22\/382
|-heal|p2a: Venusaur|271\/360|[from] drain|[of] p1a: Giga
|
|-heal|p1a: Giga|45\/382|[from] item: Leftovers
|turn|31
|
|switch|p2a: Manaphy|Manaphy|352\/352
|move|p1a: Giga|Earthquake|p2a: Manaphy
|-damage|p2a: Manaphy|180\/352
|
|-heal|p2a: Manaphy|202\/352|[from] item: Leftovers
|-heal|p1a: Giga|68\/382|[from] item: Leftovers
|turn|32
|
|move|p2a: Manaphy|Scald|p1a: Giga
|-supereffective|p1a: Giga
|-damage|p1a: Giga|0 fnt
|faint|p1a: Giga
|
|-heal|p2a: Manaphy|224\/352|[from] item: Leftovers
|
|switch|p1a: Puck|Celebi|54\/404
|turn|33
|
|move|p2a: Manaphy|Scald|p1a: Puck
|-resisted|p1a: Puck
|-damage|p1a: Puck|8\/404
|move|p1a: Puck|Giga Drain|p2a: Manaphy
|-supereffective|p2a: Manaphy
|-damage|p2a: Manaphy|50\/352
|-heal|p1a: Puck|95\/404|[from] drain|[of] p2a: Manaphy
|
|-heal|p2a: Manaphy|72\/352|[from] item: Leftovers
|-heal|p1a: Puck|120\/404|[from] item: Leftovers
|turn|34
|
|move|p2a: Manaphy|Scald|p1a: Puck
|-resisted|p1a: Puck
|-damage|p1a: Puck|79\/404
|move|p1a: Puck|Recover|p1a: Puck
|-heal|p1a: Puck|281\/404
|
|-heal|p2a: Manaphy|94\/352|[from] item: Leftovers
|-heal|p1a: Puck|306\/404|[from] item: Leftovers
|turn|35
|
|move|p2a: Manaphy|Scald|p1a: Puck
|-resisted|p1a: Puck
|-damage|p1a: Puck|264\/404
|move|p1a: Puck|Giga Drain|p2a: Manaphy
|-supereffective|p2a: Manaphy
|-damage|p2a: Manaphy|0 fnt
|-heal|p1a: Puck|311\/404|[from] drain|[of] p2a: Manaphy
|faint|p2a: Manaphy
|
|-heal|p1a: Puck|336\/404|[from] item: Leftovers
|
|switch|p2a: Venusaur|Venusaur-Mega, M|271\/360
|turn|36
|
|move|p1a: Puck|Psychic|p2a: Venusaur
|-crit|p2a: Venusaur
|-supereffective|p2a: Venusaur
|-damage|p2a: Venusaur|0 fnt
|faint|p2a: Venusaur
|
|win|Silverbacks
|c|âSilverbacks|wow
|c|âWECAMEASROMANS|gg
|leave|WECAMEASROMANS
|player|p2
|c| Ill leave|damn 
|c| Ill leave|comeback 
|c| Ill leave|that was sick 
|leave|Escavalier
|leave|Ill leave