|join|Nagari
|join|Silverbacks
|player|p1|Nagari|1
|player|p2|Silverbacks|106
|gametype|singles
|gen|6
|tier|OU
|rated
|clearpoke
|poke|p1|Azumarill, M
|poke|p1|Landorus-Therian, M
|poke|p1|Klefki, F
|poke|p1|Sceptile, M
|poke|p1|Heatran, F
|poke|p1|Latios, M
|poke|p2|Latias, F
|poke|p2|Azumarill, M
|poke|p2|Azelf
|poke|p2|Mamoswine, M
|poke|p2|Scizor, F
|poke|p2|Talonflame, M
|rule|Swagger Clause: Swagger is banned
|rule|Baton Pass Clause: Limit one PokÃ©mon knowing Baton Pass
|rule|Sleep Clause Mod: Limit one foe put to sleep
|rule|Species Clause: Limit one of each PokÃ©mon
|rule|OHKO Clause: OHKO moves are banned
|rule|Moody Clause: Moody is banned
|rule|Evasion Moves Clause: Evasion moves are banned
|rule|Endless Battle Clause: Forcing endless battles is banned
|rule|HP Percentage Mod: HP is shown in percentages
|teampreview
|
|start
|switch|p1a: Burglar|Klefki, F|318\/318
|switch|p2a: Kamikaze|Azelf|291\/291
|turn|1
|
|move|p2a: Kamikaze|Taunt|p1a: Burglar
|-start|p1a: Burglar|move: Taunt
|move|p1a: Burglar|Foul Play|p2a: Kamikaze
|-supereffective|p2a: Kamikaze
|-damage|p2a: Kamikaze|11\/291
|
|turn|2
|
|move|p2a: Kamikaze|Stealth Rock|p1a: Burglar
|-sidestart|p1: Nagari|move: Stealth Rock
|move|p1a: Burglar|Foul Play|p2a: Kamikaze
|-supereffective|p2a: Kamikaze
|-damage|p2a: Kamikaze|0 fnt
|faint|p2a: Kamikaze
|
|
|switch|p2a: Tusk|Mamoswine, M|361\/361
|turn|3
|
|switch|p1a: Lando-T|Landorus-Therian, M|382\/382
|-damage|p1a: Lando-T|335\/382|[from] Stealth Rock
|-ability|p1a: Lando-T|Intimidate|[of] p2a: Tusk
|-unboost|p2a: Tusk|atk|1
|move|p2a: Tusk|Earthquake|p1a: Lando-T
|-immune|p1a: Lando-T|[msg]
|
|-heal|p1a: Lando-T|358\/382|[from] item: Leftovers
|turn|4
|
|switch|p1a: Burglar|Klefki, F|318\/318
|-damage|p1a: Burglar|299\/318|[from] Stealth Rock
|move|p2a: Tusk|Icicle Crash|p1a: Burglar
|-crit|p1a: Burglar
|-resisted|p1a: Burglar
|-damage|p1a: Burglar|134\/318
|-damage|p2a: Tusk|325\/361|[from] item: Life Orb
|
|-heal|p1a: Burglar|153\/318|[from] item: Leftovers
|turn|5
|
|move|p1a: Burglar|Magnet Rise|p1a: Burglar
|-start|p1a: Burglar|Magnet Rise
|move|p2a: Tusk|Earthquake|p1a: Burglar
|-immune|p1a: Burglar|[msg]
|
|-heal|p1a: Burglar|172\/318|[from] item: Leftovers
|turn|6
|c|âSilverbacks|i dont even
|
|switch|p2a: Wright|Talonflame, M|329\/329
|move|p1a: Burglar|Foul Play|p2a: Wright
|-damage|p2a: Wright|220\/329
|
|-heal|p1a: Burglar|191\/318|[from] item: Leftovers
|turn|7
|c|âNagari|lol
|
|move|p1a: Burglar|Thunder Wave|p2a: Wright
|-status|p2a: Wright|par
|move|p2a: Wright|Will-O-Wisp|p1a: Burglar
|-status|p1a: Burglar|brn
|
|-heal|p1a: Burglar|210\/318 brn|[from] item: Leftovers
|-damage|p1a: Burglar|171\/318 brn|[from] brn
|turn|8
|
|move|p1a: Burglar|Spikes|p2a: Wright
|-sidestart|p2: Silverbacks|Spikes
|move|p2a: Wright|Swords Dance|p2a: Wright
|-boost|p2a: Wright|atk|2
|
|-heal|p1a: Burglar|190\/318 brn|[from] item: Leftovers
|-damage|p1a: Burglar|151\/318 brn|[from] brn
|turn|9
|c|âSilverbacks|next level shit there
|
|switch|p1a: Lavaster|Heatran, F|378\/378
|-damage|p1a: Lavaster|331\/378|[from] Stealth Rock
|move|p2a: Wright|Acrobatics|p1a: Lavaster
|-resisted|p1a: Lavaster
|-damage|p1a: Lavaster|189\/378
|
|turn|10
|c|âNagari|sd talonbitch
|
|move|p2a: Wright|Roost|p2a: Wright
|-heal|p2a: Wright|329\/329 par
|move|p1a: Lavaster|Ancient Power|p2a: Wright
|-supereffective|p2a: Wright
|-damage|p2a: Wright|3\/329 par
|
|turn|11
|c|âNagari|my worst nightmare
|c|âNagari|but i gotchu
|c|âNagari|with my all new set
|
|switch|p2a: Bud|Azumarill, M|404\/404
|-damage|p2a: Bud|354\/404|[from] Spikes
|move|p1a: Lavaster|Ancient Power|p2a: Bud
|-damage|p2a: Bud|266\/404
|
|turn|12
|
|switch|p1a: Lando-T|Landorus-Therian, M|358\/382
|-damage|p1a: Lando-T|311\/382|[from] Stealth Rock
|-ability|p1a: Lando-T|Intimidate|[of] p2a: Bud
|-unboost|p2a: Bud|atk|1
|move|p2a: Bud|Play Rough|p1a: Lando-T
|-damage|p1a: Lando-T|218\/382
|
|-heal|p1a: Lando-T|241\/382|[from] item: Leftovers
|turn|13
|
|move|p1a: Lando-T|Stealth Rock|p2a: Bud
|-sidestart|p2: Silverbacks|move: Stealth Rock
|move|p2a: Bud|Waterfall|p1a: Lando-T
|-supereffective|p1a: Lando-T
|-damage|p1a: Lando-T|77\/382
|
|-heal|p1a: Lando-T|100\/382|[from] item: Leftovers
|turn|14
|
|move|p2a: Bud|Aqua Jet|p1a: Lando-T
|-crit|p1a: Lando-T
|-supereffective|p1a: Lando-T
|-damage|p1a: Lando-T|0 fnt
|faint|p1a: Lando-T
|
|
|switch|p1a: Where At|Sceptile, M|281\/281
|-damage|p1a: Where At|246\/281|[from] Stealth Rock
|turn|15
|
|switch|p2a: Wright|Talonflame, M|3\/329 par
|-damage|p2a: Wright|0 fnt|[from] Stealth Rock
|faint|p2a: Wright
|detailschange|p1a: Where At|Sceptile-Mega, M
|message|Sceptile has Mega Evolved into Mega Sceptile!
|move|p1a: Where At|Leaf Storm|p2: Wright|[notarget]
|-notarget
|
|
|switch|p2a: Tusk|Mamoswine, M|325\/361
|-damage|p2a: Tusk|280\/361|[from] Spikes
|-damage|p2a: Tusk|235\/361|[from] Stealth Rock
|turn|16
|c|âSilverbacks|Where you at
|c|âSilverbacks|is the question
|c|âNagari|lol
|c|âNagari|it stands for
|c|âNagari|where's the switch at?
|
|switch|p1a: Burglar|Klefki, F|151\/318 brn
|-damage|p1a: Burglar|132\/318 brn|[from] Stealth Rock
|move|p2a: Tusk|Ice Shard|p1a: Burglar
|-resisted|p1a: Burglar
|-damage|p1a: Burglar|77\/318 brn
|-damage|p2a: Tusk|199\/361|[from] item: Life Orb
|
|-heal|p1a: Burglar|96\/318 brn|[from] item: Leftovers
|-damage|p1a: Burglar|57\/318 brn|[from] brn
|turn|17
|
|move|p2a: Tusk|Ice Shard|p1a: Burglar
|-resisted|p1a: Burglar
|-damage|p1a: Burglar|2\/318 brn
|-damage|p2a: Tusk|163\/361|[from] item: Life Orb
|move|p1a: Burglar|Foul Play|p2a: Tusk
|-damage|p2a: Tusk|92\/361
|
|-heal|p1a: Burglar|21\/318 brn|[from] item: Leftovers
|-damage|p1a: Burglar|0 fnt|[from] brn
|faint|p1a: Burglar
|
|switch|p1a: AzumAAA|Azumarill, M|342\/342
|-damage|p1a: AzumAAA|300\/342|[from] Stealth Rock
|turn|18
|
|move|p1a: AzumAAA|Aqua Jet|p2a: Tusk
|-supereffective|p2a: Tusk
|-damage|p2a: Tusk|0 fnt
|faint|p2a: Tusk
|
|
|switch|p2a: Tsubaki|Scizor, F|311\/311
|-damage|p2a: Tsubaki|273\/311|[from] Stealth Rock
|-damage|p2a: Tsubaki|235\/311|[from] Spikes
|turn|19
|
|switch|p1a: Lavaster|Heatran, F|189\/378
|-damage|p1a: Lavaster|142\/378|[from] Stealth Rock
|move|p2a: Tsubaki|Swords Dance|p2a: Tsubaki
|-boost|p2a: Tsubaki|atk|2
|
|turn|20
|
|move|p2a: Tsubaki|Superpower|p1a: Lavaster
|-supereffective|p1a: Lavaster
|-damage|p1a: Lavaster|0 fnt
|-unboost|p2a: Tsubaki|atk|1
|-unboost|p2a: Tsubaki|def|1
|-damage|p2a: Tsubaki|204\/311|[from] item: Life Orb
|faint|p1a: Lavaster
|
|
|switch|p1a: AzumAAA|Azumarill, M|300\/342
|-damage|p1a: AzumAAA|258\/342|[from] Stealth Rock
|turn|21
|
|move|p2a: Tsubaki|Bullet Punch|p1a: AzumAAA
|-damage|p1a: AzumAAA|0 fnt
|-damage|p2a: Tsubaki|173\/311|[from] item: Life Orb
|faint|p1a: AzumAAA
|
|c|âSilverbacks|gg
|c|âNagari|wow
|c|âNagari|powa
|
|switch|p1a: FlightGanon|Latios, M|302\/302
|-damage|p1a: FlightGanon|265\/302|[from] Stealth Rock
|turn|22
|
|move|p2a: Tsubaki|Bullet Punch|p1a: FlightGanon
|-damage|p1a: FlightGanon|2\/302
|-damage|p2a: Tsubaki|142\/311|[from] item: Life Orb
|move|p1a: FlightGanon|Psyshock|p2a: Tsubaki
|-resisted|p2a: Tsubaki
|-damage|p2a: Tsubaki|29\/311
|
|turn|23
|c|âSilverbacks|aw snap
|c|âNagari|LIVIN LIFE!
|
|move|p1a: FlightGanon|Psyshock|p2a: Tsubaki
|-resisted|p2a: Tsubaki
|-damage|p2a: Tsubaki|0 fnt
|faint|p2a: Tsubaki
|
|
|switch|p2a: Throwback|Latias, F|364\/364
|-damage|p2a: Throwback|319\/364|[from] Stealth Rock
|turn|24
|
|detailschange|p2a: Throwback|Latias-Mega, F
|message|Latias has Mega Evolved into Mega Latias!
|move|p1a: FlightGanon|Psyshock|p2a: Throwback
|-resisted|p2a: Throwback
|-damage|p2a: Throwback|271\/364
|move|p2a: Throwback|Calm Mind|p2a: Throwback
|-boost|p2a: Throwback|spa|1
|-boost|p2a: Throwback|spd|1
|
|turn|25
|c|âNagari|you son of a...
|c|âNagari|why did you let me live
|c|âNagari|g
|c|âNagari|gg
|c|âSilverbacks|because of mega sceptile
|
|move|p1a: FlightGanon|Psyshock|p2a: Throwback
|-resisted|p2a: Throwback
|-damage|p2a: Throwback|224\/364
|move|p2a: Throwback|Calm Mind|p2a: Throwback
|-boost|p2a: Throwback|spa|1
|-boost|p2a: Throwback|spd|1
|
|turn|26
|c|âNagari|i know
|c|âSilverbacks|knew you were locked into
|
|move|p1a: FlightGanon|Psyshock|p2a: Throwback
|-resisted|p2a: Throwback
|-damage|p2a: Throwback|176\/364
|move|p2a: Throwback|Recover|p2a: Throwback
|-heal|p2a: Throwback|358\/364
|
|turn|27
|c|âNagari|fak
|c|âSilverbacks|if you had gigadrain
|c|âSilverbacks|you win
|c|âSilverbacks|so
|c|âNagari|wait how?
|c|âSilverbacks|i dont risk it
|
|move|p1a: FlightGanon|Psyshock|p2a: Throwback
|-resisted|p2a: Throwback
|-damage|p2a: Throwback|316\/364
|move|p2a: Throwback|Calm Mind|p2a: Throwback
|-boost|p2a: Throwback|spa|1
|-boost|p2a: Throwback|spd|1
|
|turn|28
|c|âSilverbacks|you kill azu
|c|âSilverbacks|then dragon pulse latias
|c|âNagari|i mean how do you know im locked in?
|c|âNagari|yh yh
|c|âSilverbacks|damage
|
|move|p1a: FlightGanon|Psyshock|p2a: Throwback
|-resisted|p2a: Throwback
|-damage|p2a: Throwback|274\/364
|move|p2a: Throwback|Dragon Pulse|p1a: FlightGanon
|-supereffective|p1a: FlightGanon
|-damage|p1a: FlightGanon|0 fnt
|faint|p1a: FlightGanon
|
|c|âSilverbacks|looked like scarf damage
|
|switch|p1a: Where At|Sceptile-Mega, M|246\/281
|-damage|p1a: Where At|211\/281|[from] Stealth Rock
|turn|29
|
|move|p1a: Where At|Dragon Pulse|p2a: Throwback
|-crit|p2a: Throwback
|-supereffective|p2a: Throwback
|-damage|p2a: Throwback|0 fnt
|faint|p2a: Throwback
|
|c|âSilverbacks|motherfucker
|c|âSilverbacks|\/me cries
|c|âSilverbacks|my plan
|c|âSilverbacks|T-T
|c|âNagari|:O
|c|âNagari|\/me dying of laughter
|c|âNagari|dude
|c|âSilverbacks|not nice
|c|âNagari|im so sorry
|c|âSilverbacks|i aint no dude
|c|âSilverbacks|<_<
|c|âSilverbacks|gg tho
|c|âSilverbacks|:)
|
|switch|p2a: Bud|Azumarill, M|266\/404
|-damage|p2a: Bud|216\/404|[from] Spikes
|-damage|p2a: Bud|166\/404|[from] Stealth Rock
|turn|30
|c|âSilverbacks|maybe leaf storm misses
|c|âSilverbacks|it aint tover
|c|âSilverbacks|XD
|c|âNagari|it will
|
|move|p1a: Where At|Leaf Storm|p2a: Bud|[miss]
|-miss|p1a: Where At|p2a: Bud
|move|p2a: Bud|Play Rough|p1a: Where At
|-supereffective|p1a: Where At
|-damage|p1a: Where At|0 fnt
|faint|p1a: Where At
|
|win|Silverbacks
|raw|Ladder updating...
|raw|Nagari's rating: 1711 &rarr; <strong>1685<\/strong><br \/>(-26 for losing)
|raw|Silverbacks's rating: 1616 &rarr; <strong>1641<\/strong><br \/>(+25 for winning)
|c|âSilverbacks|this GAME
|c|âNagari|HAHAHHAHHAA
|c|âSilverbacks|XD
|c|âNagari|dude im  rying
|c|âNagari|*crying
|c|âSilverbacks|XD
|c|âNagari|crying of laughter
|c|âSilverbacks|XD
|c|âSilverbacks|so good
|join|The Goomy
|c|âSilverbacks|oh my god XD cant believe that happened
|c|âNagari|im recording this
|leave|The Goomy
|c|âSilverbacks|XD
|c|âNagari|i literally thought to myself
|c|âNagari|imma crit the d pulse
|c|âNagari|ill miss the leaf storm
|c|âSilverbacks|XD
|c|âSilverbacks|best two turns ever
|c|âSilverbacks|the game took the victory away from me
|c|âSilverbacks|and then is like damn i feel bad
|c|âSilverbacks|and gave it back
|c|âSilverbacks|XD