|join|much professional
|join|Silverbacks
|player|p1|much professional|265
|player|p2|Silverbacks|106
|gametype|singles
|gen|6
|tier|OU
|rated
|clearpoke
|poke|p1|Manaphy
|poke|p1|Clefable, M
|poke|p1|Raikou
|poke|p1|Espeon, M
|poke|p1|Gardevoir, M
|poke|p1|Scolipede, F
|poke|p2|Diancie
|poke|p2|Rotom-Wash
|poke|p2|Scizor, F
|poke|p2|Latios, M
|poke|p2|Dugtrio, M
|poke|p2|Talonflame, M
|rule|Swagger Clause: Swagger is banned
|rule|Baton Pass Clause: Limit one PokÃ©mon knowing Baton Pass
|rule|Sleep Clause Mod: Limit one foe put to sleep
|rule|Species Clause: Limit one of each PokÃ©mon
|rule|OHKO Clause: OHKO moves are banned
|rule|Moody Clause: Moody is banned
|rule|Evasion Moves Clause: Evasion moves are banned
|rule|Endless Battle Clause: Forcing endless battles is banned
|rule|HP Percentage Mod: HP is shown in percentages
|teampreview
|
|start
|switch|p1a: Scolipede|Scolipede, F|323\/323
|switch|p2a: Wright|Talonflame, M|331\/331
|turn|1
|
|switch|p1a: Raikou|Raikou|331\/331
|-ability|p1a: Raikou|Pressure
|move|p2a: Wright|Swords Dance|p2a: Wright
|-boost|p2a: Wright|atk|2
|
|turn|2
|
|switch|p2a: Ackbar|Dugtrio, M|201\/201
|move|p1a: Raikou|Thunderbolt|p2a: Ackbar
|-immune|p2a: Ackbar|[msg]
|
|turn|3
|
|move|p2a: Ackbar|Earthquake|p1a: Raikou
|-supereffective|p1a: Raikou
|-damage|p1a: Raikou|0 fnt
|faint|p1a: Raikou
|
|
|switch|p1a: Scolipede|Scolipede, F|323\/323
|turn|4
|
|move|p2a: Ackbar|Stone Edge|p1a: Scolipede
|-supereffective|p1a: Scolipede
|-damage|p1a: Scolipede|125\/323
|move|p1a: Scolipede|Iron Defense|p1a: Scolipede
|-boost|p1a: Scolipede|def|2
|
|-boost|p1a: Scolipede|spe|1|[from] ability: Speed Boost
|turn|5
|
|switch|p2a: Trixie|Diancie|242\/242
|move|p1a: Scolipede|Substitute|p1a: Scolipede
|-start|p1a: Scolipede|Substitute
|-damage|p1a: Scolipede|45\/323
|
|-boost|p1a: Scolipede|spe|1|[from] ability: Speed Boost
|turn|6
|
|detailschange|p2a: Trixie|Diancie-Mega
|message|Diancie has Mega Evolved into Mega Diancie!
|move|p1a: Scolipede|Protect|p1a: Scolipede
|-singleturn|p1a: Scolipede|Protect
|move|p2a: Trixie|Moonblast|p1a: Scolipede
|-activate|p1a: Scolipede|Protect
|
|-boost|p1a: Scolipede|spe|1|[from] ability: Speed Boost
|turn|7
|
|move|p1a: Scolipede|Baton Pass|p1a: Scolipede
|
|switch|p1a: Manaphy|Manaphy|404\/404
|move|p2a: Trixie|Moonblast|p1a: Manaphy
|-end|p1a: Manaphy|Substitute
|
|turn|8
|
|move|p1a: Manaphy|Calm Mind|p1a: Manaphy
|-boost|p1a: Manaphy|spa|1
|-boost|p1a: Manaphy|spd|1
|move|p2a: Trixie|Calm Mind|p2a: Trixie
|-boost|p2a: Trixie|spa|1
|-boost|p2a: Trixie|spd|1
|
|turn|9
|
|move|p1a: Manaphy|Calm Mind|p1a: Manaphy
|-boost|p1a: Manaphy|spa|1
|-boost|p1a: Manaphy|spd|1
|move|p2a: Trixie|Moonblast|p1a: Manaphy
|-damage|p1a: Manaphy|280\/404
|
|-heal|p1a: Manaphy|305\/404|[from] item: Leftovers
|turn|10
|
|move|p1a: Manaphy|Rain Dance|p1a: Manaphy
|-weather|RainDance
|move|p2a: Trixie|Calm Mind|p2a: Trixie
|-boost|p2a: Trixie|spa|1
|-boost|p2a: Trixie|spd|1
|
|-weather|RainDance|[upkeep]
|-heal|p1a: Manaphy|330\/404|[from] item: Leftovers
|turn|11
|
|move|p1a: Manaphy|Scald|p2a: Trixie
|-supereffective|p2a: Trixie
|-damage|p2a: Trixie|0 fnt
|faint|p2a: Trixie
|
|-weather|RainDance|[upkeep]
|-heal|p1a: Manaphy|355\/404|[from] item: Leftovers
|c|âSilverbacks|O-O
|c|âSilverbacks|gg
|
|switch|p2a: Smartie|Rotom-Wash|304\/304
|turn|12
|c|âmuch professional|lol
|c|âmuch professional|is this new to you?
|c|âmuch professional|you seem a bit surprised lol
|
|move|p1a: Manaphy|Calm Mind|p1a: Manaphy
|-boost|p1a: Manaphy|spa|1
|-boost|p1a: Manaphy|spd|1
|move|p2a: Smartie|Volt Switch|p1a: Manaphy
|-supereffective|p1a: Manaphy
|-damage|p1a: Manaphy|287\/404
|c|âSilverbacks|just the damage
|c|âSilverbacks|XD i was at plus two too
|c|âmuch professional|ooh
|
|switch|p2a: Raigar|Latios, M|302\/302
|
|-weather|RainDance|[upkeep]
|-heal|p1a: Manaphy|312\/404|[from] item: Leftovers
|turn|13
|c|âmuch professional|don't underestimate stab super effective in he rain
|c|âmuch professional|lol
|c|âSilverbacks|only base 100
|c|âSilverbacks|most manaphys dont run special attack
|
|move|p1a: Manaphy|Calm Mind|p1a: Manaphy
|-boost|p1a: Manaphy|spa|1
|-boost|p1a: Manaphy|spd|1
|move|p2a: Raigar|Psyshock|p1a: Manaphy
|-damage|p1a: Manaphy|233\/404
|-damage|p2a: Raigar|272\/302|[from] item: Life Orb
|
|-weather|RainDance|[upkeep]
|-heal|p1a: Manaphy|258\/404|[from] item: Leftovers
|turn|14
|
|move|p1a: Manaphy|Scald|p2a: Raigar
|-resisted|p2a: Raigar
|-damage|p2a: Raigar|81\/302
|move|p2a: Raigar|Psyshock|p1a: Manaphy
|-damage|p1a: Manaphy|176\/404
|-damage|p2a: Raigar|51\/302|[from] item: Life Orb
|
|-weather|none
|-heal|p1a: Manaphy|201\/404|[from] item: Leftovers
|turn|15
|
|move|p1a: Manaphy|Rain Dance|p1a: Manaphy
|-weather|RainDance
|move|p2a: Raigar|Psyshock|p1a: Manaphy
|-damage|p1a: Manaphy|127\/404
|-damage|p2a: Raigar|21\/302|[from] item: Life Orb
|
|-weather|RainDance|[upkeep]
|-heal|p1a: Manaphy|152\/404|[from] item: Leftovers
|turn|16
|
|move|p1a: Manaphy|Rest|p1a: Manaphy
|-status|p1a: Manaphy|slp
|-heal|p1a: Manaphy|404\/404 slp|[silent]
|-status|p1a: Manaphy|slp|[from] move: Rest
|move|p2a: Raigar|Draco Meteor|p1a: Manaphy
|-damage|p1a: Manaphy|318\/404 slp
|-unboost|p2a: Raigar|spa|2
|-damage|p2a: Raigar|0 fnt|[from] item: Life Orb
|faint|p2a: Raigar
|
|-weather|RainDance|[upkeep]
|-curestatus|p1a: Manaphy|slp
|-heal|p1a: Manaphy|343\/404|[from] item: Leftovers
|c|âmuch professional|i barely run any
|c|âmuch professional|i invest a lot into def
|
|switch|p2a: Ackbar|Dugtrio, M|201\/201
|turn|17
|
|move|p1a: Manaphy|Scald|p2a: Ackbar
|-supereffective|p2a: Ackbar
|-enditem|p2a: Ackbar|Focus Sash
|-damage|p2a: Ackbar|1\/201
|move|p2a: Ackbar|Reversal|p1a: Manaphy
|-crit|p1a: Manaphy
|-damage|p1a: Manaphy|126\/404
|
|-weather|RainDance|[upkeep]
|-heal|p1a: Manaphy|151\/404|[from] item: Leftovers
|turn|18
|c|âmuch professional|nice!
|
|move|p1a: Manaphy|Rest|p1a: Manaphy
|-status|p1a: Manaphy|slp
|-heal|p1a: Manaphy|404\/404 slp|[silent]
|-status|p1a: Manaphy|slp|[from] move: Rest
|move|p2a: Ackbar|Reversal|p1a: Manaphy
|-damage|p1a: Manaphy|339\/404 slp
|
|-weather|RainDance|[upkeep]
|-curestatus|p1a: Manaphy|slp
|-heal|p1a: Manaphy|364\/404|[from] item: Leftovers
|turn|19
|
|move|p1a: Manaphy|Scald|p2a: Ackbar
|-supereffective|p2a: Ackbar
|-damage|p2a: Ackbar|0 fnt
|faint|p2a: Ackbar
|
|-weather|none
|-heal|p1a: Manaphy|389\/404|[from] item: Leftovers
|
|switch|p2a: Smartie|Rotom-Wash|304\/304
|turn|20
|
|move|p1a: Manaphy|Rain Dance|p1a: Manaphy
|-weather|RainDance
|move|p2a: Smartie|Will-O-Wisp|p1a: Manaphy
|-status|p1a: Manaphy|brn
|
|-weather|RainDance|[upkeep]
|-curestatus|p1a: Manaphy|brn
|-heal|p1a: Manaphy|404\/404|[from] item: Leftovers
|turn|21
|
|move|p1a: Manaphy|Scald|p2a: Smartie
|-resisted|p2a: Smartie
|-damage|p2a: Smartie|148\/304
|move|p2a: Smartie|Pain Split|p1a: Manaphy
|-sethp|p1a: Manaphy|276\/404|p2a: Smartie|276\/304|[from] move: Pain Split
|
|-weather|RainDance|[upkeep]
|-heal|p1a: Manaphy|301\/404|[from] item: Leftovers
|-heal|p2a: Smartie|295\/304|[from] item: Leftovers
|turn|22
|
|move|p1a: Manaphy|Scald|p2a: Smartie
|-resisted|p2a: Smartie
|-damage|p2a: Smartie|151\/304
|move|p2a: Smartie|Volt Switch|p1a: Manaphy
|-supereffective|p1a: Manaphy
|-damage|p1a: Manaphy|251\/404
|
|switch|p2a: Tsubaki|Scizor, F|344\/344
|
|-weather|RainDance|[upkeep]
|-heal|p1a: Manaphy|276\/404|[from] item: Leftovers
|turn|23
|
|move|p2a: Tsubaki|Bullet Punch|p1a: Manaphy
|-resisted|p1a: Manaphy
|-damage|p1a: Manaphy|244\/404
|move|p1a: Manaphy|Scald|p2a: Tsubaki
|-damage|p2a: Tsubaki|0 fnt
|faint|p2a: Tsubaki
|
|-weather|RainDance|[upkeep]
|-heal|p1a: Manaphy|269\/404|[from] item: Leftovers
|
|switch|p2a: Smartie|Rotom-Wash|151\/304
|turn|24
|c|âmuch professional|i'm sorry buddy
|
|move|p1a: Manaphy|Scald|p2a: Smartie
|-resisted|p2a: Smartie
|-damage|p2a: Smartie|6\/304
|move|p2a: Smartie|Pain Split|p1a: Manaphy
|-sethp|p1a: Manaphy|137\/404|p2a: Smartie|137\/304|[from] move: Pain Split
|
|-weather|none
|-heal|p1a: Manaphy|162\/404|[from] item: Leftovers
|-heal|p2a: Smartie|156\/304|[from] item: Leftovers
|turn|25
|c|âmuch professional|it was hopeless for you as soon as i passed those speed boosts to manaphy
|c|âSilverbacks|honestly yeah
|
|move|p1a: Manaphy|Scald|p2a: Smartie
|-resisted|p2a: Smartie
|-damage|p2a: Smartie|61\/304
|move|p2a: Smartie|Volt Switch|p1a: Manaphy
|-supereffective|p1a: Manaphy
|-damage|p1a: Manaphy|108\/404
|c|âSilverbacks|XD
|
|switch|p2a: Wright|Talonflame, M|331\/331
|
|-heal|p1a: Manaphy|133\/404|[from] item: Leftovers
|turn|26
|c|âSilverbacks|i picked wrong team too
|c|âSilverbacks|XD
|
|move|p2a: Wright|Brave Bird|p1a: Manaphy
|-damage|p1a: Manaphy|72\/404
|-damage|p2a: Wright|311\/331|[from] recoil|[of] p1a: Manaphy
|move|p1a: Manaphy|Scald|p2a: Wright
|-supereffective|p2a: Wright
|-damage|p2a: Wright|0 fnt
|faint|p2a: Wright
|
|-heal|p1a: Manaphy|97\/404|[from] item: Leftovers
|c|âmuch professional|that's the defense EVs
|
|switch|p2a: Smartie|Rotom-Wash|61\/304
|turn|27
|c|âmuch professional|coming into play
|
|move|p1a: Manaphy|Scald|p2a: Smartie
|-resisted|p2a: Smartie
|-damage|p2a: Smartie|0 fnt
|faint|p2a: Smartie
|
|win|much professional
|raw|Ladder updating...
|raw|much professional's rating: 1694 &rarr; <strong>1711<\/strong><br \/>(+17 for winning)
|raw|Silverbacks's rating: 1638 &rarr; <strong>1621<\/strong><br \/>(-17 for losing)
|c|âSilverbacks|gg
|c|âmuch professional|that sucks
|leave|Silverbacks
|player|p2