|join|potato14798
|join|Silverbacks
|player|p1|potato14798|290
|player|p2|Silverbacks|106
|gametype|singles
|gen|6
|tier|OU
|rated
|clearpoke
|poke|p1|Diancie
|poke|p1|Magnezone
|poke|p1|Tyranitar, F
|poke|p1|Volcarona, M
|poke|p1|Excadrill, F
|poke|p1|Kyurem-Black
|poke|p2|Latias, F
|poke|p2|Azumarill, F
|poke|p2|Azelf
|poke|p2|Mamoswine, M
|poke|p2|Scizor, F
|poke|p2|Talonflame, M
|rule|Swagger Clause: Swagger is banned
|rule|Baton Pass Clause: Limit one PokÃ©mon knowing Baton Pass
|rule|Sleep Clause Mod: Limit one foe put to sleep
|rule|Species Clause: Limit one of each PokÃ©mon
|rule|OHKO Clause: OHKO moves are banned
|rule|Moody Clause: Moody is banned
|rule|Evasion Moves Clause: Evasion moves are banned
|rule|Endless Battle Clause: Forcing endless battles is banned
|rule|HP Percentage Mod: HP is shown in percentages
|teampreview
|c|âpotato14798|LOL
|c|âpotato14798|YOURE MY OPPONENT
|c|âpotato14798|FOR FARM LEAGUE
|c|âpotato14798|or am i insane
|c|âSilverbacks|want to make this
|c|âSilverbacks|the farm match
|c|âpotato14798|uh
|c|âpotato14798|sure
|c|âpotato14798|lol
|c|âSilverbacks|ok
|c|âSilverbacks|i think your team has a distinct adv
|c|âSilverbacks|but i can work around that
|
|start
|switch|p1a: Tyranitar|Tyranitar, F|404\/404
|switch|p2a: Tsubaki|Scizor, F|309\/309
|-weather|Sandstorm
|turn|1
|
|move|p2a: Tsubaki|Superpower|p1a: Tyranitar
|-supereffective|p1a: Tyranitar
|-damage|p1a: Tyranitar|0 fnt
|-unboost|p2a: Tsubaki|atk|1
|-unboost|p2a: Tsubaki|def|1
|-damage|p2a: Tsubaki|279\/309|[from] item: Life Orb
|faint|p1a: Tyranitar
|
|-weather|Sandstorm|[upkeep]
|join|Calm Stone
|
|switch|p1a: Excadrill|Excadrill, F|361\/361
|turn|2
|
|switch|p2a: Throwback|Latias, F|364\/364
|move|p1a: Excadrill|Earthquake|p2a: Throwback
|-immune|p2a: Throwback|[msg]
|
|-weather|Sandstorm|[upkeep]
|-damage|p2a: Throwback|342\/364|[from] Sandstorm
|turn|3
|
|detailschange|p2a: Throwback|Latias-Mega, F
|-mega|p2a: Throwback|Latias|Latiasite
|move|p1a: Excadrill|Iron Head|p2a: Throwback
|-damage|p2a: Throwback|228\/364
|-damage|p1a: Excadrill|325\/361|[from] item: Life Orb
|move|p2a: Throwback|Calm Mind|p2a: Throwback
|-boost|p2a: Throwback|spa|1
|-boost|p2a: Throwback|spd|1
|
|-weather|Sandstorm|[upkeep]
|-damage|p2a: Throwback|206\/364|[from] Sandstorm
|turn|4
|
|move|p1a: Excadrill|Iron Head|p2a: Throwback
|-damage|p2a: Throwback|96\/364
|-damage|p1a: Excadrill|289\/361|[from] item: Life Orb
|cant|p2a: Throwback|flinch
|
|-weather|Sandstorm|[upkeep]
|-damage|p2a: Throwback|74\/364|[from] Sandstorm
|turn|5
|c| Calm Stone|LOL
|c|âpotato14798|:(
|c|âpotato14798|sorry
|c|âSilverbacks|its k
|join|Silverfkingpotato
|c| Silverfkingpotato|HI
|c| Silverfkingpotato|this is storm
|
|move|p1a: Excadrill|Iron Head|p2a: Throwback
|-damage|p2a: Throwback|0 fnt
|-damage|p1a: Excadrill|253\/361|[from] item: Life Orb
|faint|p2a: Throwback
|
|-weather|Sandstorm|[upkeep]
|
|switch|p2a: Bud|Azumarill, F|404\/404
|turn|6
|c|âpotato14798|storm what
|c| Silverfkingpotato|zone
|c| Silverfkingpotato|lol
|join|Imstrombone
|c| Imstrombone|:]
|
|move|p2a: Bud|Aqua Jet|p1a: Excadrill
|-supereffective|p1a: Excadrill
|-damage|p1a: Excadrill|1\/361
|move|p1a: Excadrill|Earthquake|p2a: Bud
|-crit|p2a: Bud
|-damage|p2a: Bud|0 fnt
|-damage|p1a: Excadrill|0 fnt|[from] item: Life Orb
|faint|p2a: Bud
|faint|p1a: Excadrill
|
|-weather|Sandstorm|[upkeep]
|c|âpotato14798|man
|c|âpotato14798|fuck
|c|âpotato14798|me
|join|Calm Stone
|c|âSilverbacks|lol
|c|âSilverbacks|im getting wrekt
|c|âpotato14798|nah
|c| Calm Stone|Take advantage of hax like this vs her...
|
|switch|p1a: Volcarona|Volcarona, M|311\/311
|switch|p2a: Tusk|Mamoswine, M|361\/361
|turn|7
|c| Calm Stone|She will b stush if u hax her and u get a free win
|
|switch|p1a: Diancie|Diancie|241\/241
|switch|p2a: Wright|Talonflame, M|327\/327
|
|-weather|Sandstorm|[upkeep]
|-damage|p2a: Wright|307\/327|[from] Sandstorm
|turn|8
|c| Calm Stone|win\/win situation y\/n haha
|
|detailschange|p1a: Diancie|Diancie-Mega
|-mega|p1a: Diancie|Diancie|Diancite
|move|p2a: Wright|Swords Dance|p2a: Wright
|-boost|p2a: Wright|atk|2
|move|p1a: Diancie|Hidden Power|p2a: Wright
|-resisted|p2a: Wright
|-damage|p2a: Wright|248\/327
|
|-weather|none
|turn|9
|c|âSilverbacks|damn that excadrill fucked me up
|
|move|p2a: Wright|Acrobatics|p1a: Diancie
|-resisted|p1a: Diancie
|-damage|p1a: Diancie|111\/241
|move|p1a: Diancie|Moonblast|p2a: Wright
|-resisted|p2a: Wright
|-damage|p2a: Wright|123\/327
|
|turn|10
|c| Calm Stone|u have an azu and scizor
|c| Calm Stone|;-;
|c| Calm Stone|.........
|c|âSilverbacks|azu is dead
|
|move|p2a: Wright|Acrobatics|p1a: Diancie
|-resisted|p1a: Diancie
|-damage|p1a: Diancie|0 fnt
|faint|p1a: Diancie
|
|c| Calm Stone|bc u let it die
|c| Calm Stone|..
|
|switch|p1a: Kyurem-Black|Kyurem-Black|391\/391
|-ability|p1a: Kyurem-Black|Teravolt
|turn|11
|
|switch|p2a: Kamikaze|Azelf|291\/291
|move|p1a: Kyurem-Black|Dragon Claw|p2a: Kamikaze
|-enditem|p2a: Kamikaze|Focus Sash
|-damage|p2a: Kamikaze|1\/291
|-damage|p1a: Kyurem-Black|352\/391|[from] item: Life Orb
|
|turn|12
|
|move|p2a: Kamikaze|Stealth Rock|p1a: Kyurem-Black
|-sidestart|p1: potato14798|move: Stealth Rock
|move|p1a: Kyurem-Black|Dragon Claw|p2a: Kamikaze
|-damage|p2a: Kamikaze|0 fnt
|-damage|p1a: Kyurem-Black|313\/391|[from] item: Life Orb
|faint|p2a: Kamikaze
|
|
|switch|p2a: Tsubaki|Scizor, F|279\/309
|turn|13
|
|move|p1a: Kyurem-Black|Fusion Bolt|p2a: Tsubaki
|-damage|p2a: Tsubaki|98\/309
|-damage|p1a: Kyurem-Black|274\/391|[from] item: Life Orb
|move|p2a: Tsubaki|Superpower|p1a: Kyurem-Black
|-supereffective|p1a: Kyurem-Black
|-damage|p1a: Kyurem-Black|0 fnt
|-unboost|p2a: Tsubaki|atk|1
|-unboost|p2a: Tsubaki|def|1
|-damage|p2a: Tsubaki|68\/309|[from] item: Life Orb
|faint|p1a: Kyurem-Black
|
|c| Calm Stone|its how silverbacks still wins
|
|switch|p1a: Volcarona|Volcarona, M|311\/311
|-damage|p1a: Volcarona|156\/311|[from] Stealth Rock
|turn|14
|c| Calm Stone|..
|c|âpotato14798|lol i suck
|
|move|p2a: Tsubaki|Bullet Punch|p1a: Volcarona
|-resisted|p1a: Volcarona
|-damage|p1a: Volcarona|81\/311
|-status|p2a: Tsubaki|brn
|-damage|p2a: Tsubaki|38\/309 brn|[from] item: Life Orb
|move|p1a: Volcarona|Fiery Dance|p2a: Tsubaki
|-supereffective|p2a: Tsubaki
|-damage|p2a: Tsubaki|0 fnt
|faint|p2a: Tsubaki
|
|-heal|p1a: Volcarona|100\/311|[from] item: Leftovers
|c| Calm Stone|if u say u suck... ull nvr get gud...
|c| Calm Stone|I sucked in 2011
|
|switch|p2a: Wright|Talonflame, M|123\/327
|turn|15
|c| Calm Stone|in 2012 I thought I was gud but I got bad...
|
|move|p2a: Wright|Acrobatics|p1a: Volcarona
|-supereffective|p1a: Volcarona
|-damage|p1a: Volcarona|0 fnt
|faint|p1a: Volcarona
|
|c|âSilverbacks|XD then i wouped this man like so many games in a row
|c|âSilverbacks|last year
|
|switch|p1a: Magnezone|Magnezone|281\/281
|-damage|p1a: Magnezone|264\/281|[from] Stealth Rock
|turn|16
|c| Calm Stone|then in 2013 it was gud an 2014 it was god an 2015.. forgotten ladder player
|c| Calm Stone|and I just wouped u in a game
|c| Calm Stone|XD
|
|move|p2a: Wright|Roost|p2a: Wright
|-heal|p2a: Wright|287\/327
|move|p1a: Magnezone|Flash Cannon|p2a: Wright
|-resisted|p2a: Wright
|-damage|p2a: Wright|125\/327
|
|turn|17
|c|âSilverbacks|true
|c|âSilverbacks|this thing is specs huh
|
|move|p2a: Wright|Roost|p2a: Wright
|-heal|p2a: Wright|289\/327
|move|p1a: Magnezone|Flash Cannon|p2a: Wright
|-resisted|p2a: Wright
|-damage|p2a: Wright|137\/327
|
|turn|18
|c|âpotato14798|ya
|c|âSilverbacks|figures why you wouldnt switch it in on my scizor
|c| Calm Stone|:v
|
|move|p2a: Wright|Roost|p2a: Wright
|-heal|p2a: Wright|301\/327
|move|p1a: Magnezone|Flash Cannon|p2a: Wright
|-resisted|p2a: Wright
|-damage|p2a: Wright|130\/327
|
|turn|19
|c|âpotato14798|gg
|c|âSilverbacks|gg
|-message|potato14798 forfeited.
|
|win|Silverbacks
|raw|Ladder updating...
|raw|potato14798's rating: 1456 &rarr; <strong>1437<\/strong><br \/>(-19 for losing)
|raw|Silverbacks's rating: 1478 &rarr; <strong>1496<\/strong><br \/>(+18 for winning)
|
|c| Calm Stone|POTATO FORFEITED
|c| Calm Stone|**MEXICAN PANTALONES**
|c| Calm Stone|...
|c|âpotato14798|?
|leave|potato14798
|c| Calm Stone|lol I am bored to death I cant
|c| Calm Stone|find a game
|player|p1