|join|lil manaphy
|join|Silverbacks
|player|p1|lil manaphy|37
|player|p2|Silverbacks|106
|gametype|singles
|gen|6
|tier|OU
|rated
|clearpoke
|poke|p1|Lopunny, F
|poke|p1|Manaphy
|poke|p1|Scizor, M
|poke|p1|Celebi
|poke|p1|Heatran, F
|poke|p1|Mandibuzz, F
|poke|p2|Chansey, F
|poke|p2|Sableye, M
|poke|p2|Rhyperior, F
|poke|p2|Skarmory, F
|poke|p2|Gothitelle, M
|poke|p2|Celebi
|rule|Swagger Clause: Swagger is banned
|rule|Baton Pass Clause: Limit one PokÃ©mon knowing Baton Pass
|rule|Sleep Clause Mod: Limit one foe put to sleep
|rule|Species Clause: Limit one of each PokÃ©mon
|rule|OHKO Clause: OHKO moves are banned
|rule|Moody Clause: Moody is banned
|rule|Evasion Moves Clause: Evasion moves are banned
|rule|Endless Battle Clause: Forcing endless battles is banned
|rule|HP Percentage Mod: HP is shown in percentages
|teampreview
|c|âSilverbacks|hi manaphy n_n
|join|im testin ok
|c|âlil manaphy|hii
|c|âSilverbacks|your using a manaphy <3
|
|start
|switch|p1a: Lopunny|Lopunny, F|271\/271
|switch|p2a: Kuro|Sableye, M|303\/303
|turn|1
|
|switch|p2a: Meta|Skarmory, F|333\/333
|detailschange|p1a: Lopunny|Lopunny-Mega, F
|-mega|p1a: Lopunny|Lopunny|Lopunnite
|move|p1a: Lopunny|Fake Out|p2a: Meta
|-crit|p2a: Meta
|-resisted|p2a: Meta
|-damage|p2a: Meta|299\/333
|-damage|p1a: Lopunny|226\/271|[from] item: Rocky Helmet|[of] p2a: Meta
|
|turn|2
|
|switch|p1a: Heatran|Heatran, F|386\/386
|switch|p2a: Kuro|Sableye, M|303\/303
|
|turn|3
|
|detailschange|p2a: Kuro|Sableye-Mega, M
|-mega|p2a: Kuro|Sableye|Sablenite
|move|p2a: Kuro|Calm Mind|p2a: Kuro
|-boost|p2a: Kuro|spa|1
|-boost|p2a: Kuro|spd|1
|move|p1a: Heatran|Lava Plume|p2a: Kuro
|-damage|p2a: Kuro|225\/303
|
|turn|4
|
|move|p1a: Heatran|Lava Plume|p2a: Kuro
|-crit|p2a: Kuro
|-damage|p2a: Kuro|60\/303
|move|p2a: Kuro|Dark Pulse|p1a: Heatran
|-damage|p1a: Heatran|301\/386
|
|-heal|p1a: Heatran|325\/386|[from] item: Leftovers
|turn|5
|
|switch|p2a: Hateme|Gothitelle, M|301\/301
|move|p1a: Heatran|Lava Plume|p2a: Hateme
|-damage|p2a: Hateme|184\/301
|
|-heal|p1a: Heatran|349\/386|[from] item: Leftovers
|turn|6
|
|move|p2a: Hateme|Trick|p1a: Heatran
|-activate|p2a: Hateme|move: Trick|[of] p1a: Heatran
|-item|p1a: Heatran|Choice Scarf|[from] move: Trick
|-item|p2a: Hateme|Leftovers|[from] move: Trick
|move|p1a: Heatran|Lava Plume|p2a: Hateme
|-damage|p2a: Hateme|76\/301
|
|-heal|p2a: Hateme|94\/301|[from] item: Leftovers
|turn|7
|
|switch|p2a: Chex|Chansey, F|703\/703
|move|p1a: Heatran|Lava Plume|p2a: Chex
|-damage|p2a: Chex|630\/703
|
|turn|8
|
|switch|p1a: Scizor|Scizor, M|343\/343
|move|p2a: Chex|Wish|p2a: Chex
|
|turn|9
|
|switch|p2a: Stick|Rhyperior, F|434\/434
|move|p1a: Scizor|U-turn|p2a: Stick
|-damage|p2a: Stick|301\/434
|
|switch|p1a: small|Manaphy|341\/341
|
|-heal|p2a: Stick|434\/434|[from] move: Wish|[wisher] Chex
|turn|10
|
|move|p1a: small|Scald|p2a: Stick
|-supereffective|p2a: Stick
|-damage|p2a: Stick|0 fnt
|faint|p2a: Stick
|
|join|Luffy Trillen
|
|switch|p2a: Puck|Celebi|395\/395
|turn|11
|join|dstwo
|
|switch|p1a: Scizor|Scizor, M|343\/343
|move|p2a: Puck|Calm Mind|p2a: Puck
|-boost|p2a: Puck|spa|1
|-boost|p2a: Puck|spd|1
|
|turn|12
|
|move|p2a: Puck|Baton Pass|p2a: Puck
|
|switch|p2a: Meta|Skarmory, F|299\/333
|move|p1a: Scizor|U-turn|p2a: Meta
|-crit|p2a: Meta
|-resisted|p2a: Meta
|-damage|p2a: Meta|256\/333
|-damage|p1a: Scizor|286\/343|[from] item: Rocky Helmet|[of] p2a: Meta
|
|switch|p1a: Heatran|Heatran, F|349\/386
|
|turn|13
|
|switch|p2a: Kuro|Sableye-Mega, M|60\/303
|move|p1a: Heatran|Lava Plume|p2a: Kuro
|-damage|p2a: Kuro|0 fnt
|faint|p2a: Kuro
|
|
|switch|p2a: Chex|Chansey, F|630\/703
|turn|14
|
|switch|p1a: Scizor|Scizor, M|286\/343
|move|p2a: Chex|Seismic Toss|p1a: Scizor
|-damage|p1a: Scizor|186\/343
|
|turn|15
|
|switch|p2a: Meta|Skarmory, F|256\/333
|move|p1a: Scizor|Superpower|p2a: Meta
|-damage|p2a: Meta|110\/333
|-damage|p1a: Scizor|129\/343|[from] item: Rocky Helmet|[of] p2a: Meta
|-unboost|p1a: Scizor|atk|1
|-unboost|p1a: Scizor|def|1
|
|turn|16
|
|move|p2a: Meta|Roost|p2a: Meta
|-heal|p2a: Meta|277\/333
|move|p1a: Scizor|Superpower|p2a: Meta
|-supereffective|p2a: Meta
|-damage|p2a: Meta|87\/333
|-damage|p1a: Scizor|72\/343|[from] item: Rocky Helmet|[of] p2a: Meta
|-unboost|p1a: Scizor|atk|1
|-unboost|p1a: Scizor|def|1
|
|turn|17
|
|switch|p1a: Heatran|Heatran, F|349\/386
|move|p2a: Meta|Roost|p2a: Meta
|-heal|p2a: Meta|254\/333
|
|turn|18
|
|switch|p2a: Hateme|Gothitelle, M|94\/301
|move|p1a: Heatran|Lava Plume|p2a: Hateme
|-damage|p2a: Hateme|0 fnt
|faint|p2a: Hateme
|
|
|switch|p2a: Chex|Chansey, F|630\/703
|turn|19
|c| im testin ok|rhyperior was necessary
|c|âSilverbacks|indeed
|
|switch|p1a: Lopunny|Lopunny-Mega, F|226\/271
|move|p2a: Chex|Seismic Toss|p1a: Lopunny
|-damage|p1a: Lopunny|126\/271
|
|turn|20
|c|âSilverbacks|but i was being ballsy
|
|switch|p2a: Puck|Celebi|395\/395
|move|p1a: Lopunny|Drain Punch|p2a: Puck
|-resisted|p2a: Puck
|-damage|p2a: Puck|331\/395
|-heal|p1a: Lopunny|158\/271|[from] drain|[of] p2a: Puck
|
|-heal|p2a: Puck|355\/395|[from] item: Leftovers
|turn|21
|c| im testin ok|mega lopunny is OP
|c|âSilverbacks|its pretty good
|
|move|p1a: Lopunny|Power-Up Punch|p2a: Puck
|-resisted|p2a: Puck
|-damage|p2a: Puck|316\/395
|-boost|p1a: Lopunny|atk|1
|move|p2a: Puck|Baton Pass|p2a: Puck
|c|âSilverbacks|well i think i lost
|c|âlil manaphy|gg
|c|âSilverbacks|gg
|
|switch|p2a: Meta|Skarmory, F|254\/333
|
|turn|22
|join|Calm Stone
|c|âSilverbacks|this thing beats this team like easy actually
|c| Calm Stone|Hi silverbacks
|c|âSilverbacks|hi hi
|
|move|p1a: Lopunny|Drain Punch|p2a: Meta
|-crit|p2a: Meta
|-damage|p2a: Meta|77\/333
|-heal|p1a: Lopunny|247\/271|[from] drain|[of] p2a: Meta
|-damage|p1a: Lopunny|202\/271|[from] item: Rocky Helmet|[of] p2a: Meta
|move|p2a: Meta|Whirlwind|p1a: Lopunny
|drag|p1a: small|Manaphy|341\/341
|
|turn|23
|c| im testin ok|i destroyed some talonflames with fake out and quick attack on my m-lopunny
|c|âSilverbacks|hmm
|c| Calm Stone|fking manaphy
|
|switch|p2a: Puck|Celebi|316\/395
|move|p1a: small|Tail Glow|p1a: small
|-boost|p1a: small|spa|3
|
|-heal|p2a: Puck|340\/395|[from] item: Leftovers
|turn|24
|c| Calm Stone|http:\/\/play.pokemonshowdown.com\/battle-ou-202872177
|
|switch|p1a: Scizor|Scizor, M|72\/343
|move|p2a: Puck|Calm Mind|p2a: Puck
|-boost|p2a: Puck|spa|1
|-boost|p2a: Puck|spd|1
|
|-heal|p2a: Puck|364\/395|[from] item: Leftovers
|turn|25
|c| Calm Stone|my lando got rekt by a manaphy :(
|c|âSilverbacks|does scizor die
|
|move|p2a: Puck|Baton Pass|p2a: Puck
|
|switch|p2a: Meta|Skarmory, F|77\/333
|move|p1a: Scizor|U-turn|p2a: Meta
|-crit|p2a: Meta
|-resisted|p2a: Meta
|-damage|p2a: Meta|34\/333
|-damage|p1a: Scizor|15\/343|[from] item: Rocky Helmet|[of] p2a: Meta
|
|switch|p1a: Lopunny|Lopunny-Mega, F|202\/271
|
|turn|26
|c|âSilverbacks|this is the end of me
|c| im testin ok|rhyperior dude!
|c|âSilverbacks|mhm
|
|move|p1a: Lopunny|Drain Punch|p2a: Meta
|-damage|p2a: Meta|0 fnt
|-heal|p1a: Lopunny|219\/271|[from] drain|[of] p2a: Meta
|-damage|p1a: Lopunny|174\/271|[from] item: Rocky Helmet|[of] p2a: Meta
|faint|p2a: Meta
|
|c|âSilverbacks|i played way too agressively for stall
|
|switch|p2a: Puck|Celebi|364\/395
|turn|27
|c|âSilverbacks|right man
|
|move|p1a: Lopunny|Power-Up Punch|p2a: Puck
|-resisted|p2a: Puck
|-damage|p2a: Puck|328\/395
|-boost|p1a: Lopunny|atk|1
|move|p2a: Puck|Calm Mind|p2a: Puck
|-boost|p2a: Puck|spa|1
|-boost|p2a: Puck|spd|1
|
|-heal|p2a: Puck|352\/395|[from] item: Leftovers
|turn|28
|
|move|p1a: Lopunny|Return|p2a: Puck
|-damage|p2a: Puck|67\/395
|move|p2a: Puck|Giga Drain|p1a: Lopunny
|-damage|p1a: Lopunny|27\/271
|-heal|p2a: Puck|141\/395|[from] drain|[of] p1a: Lopunny
|
|-heal|p2a: Puck|165\/395|[from] item: Leftovers
|turn|29
|c|âSilverbacks|oh man if that critted
|
|move|p1a: Lopunny|Return|p2a: Puck
|-damage|p2a: Puck|0 fnt
|faint|p2a: Puck
|
|c| im testin ok|nah
|
|switch|p2a: Chex|Chansey, F|630\/703
|turn|30
|c|âSilverbacks|i can set up on heatran and scizor dies
|c|âlil manaphy|toxic?
|c|âSilverbacks|i would just lose if that mandibuzz had toxic
|c|âSilverbacks|yeah
|
|move|p1a: Lopunny|Drain Punch|p2a: Chex
|-supereffective|p2a: Chex
|-damage|p2a: Chex|72\/703
|-heal|p1a: Lopunny|271\/271|[from] drain|[of] p2a: Chex
|move|p2a: Chex|Heal Bell|p2a: Chex
|-cureteam|p2a: Chex|[from] move: HealBell
|
|turn|31
|
|move|p1a: Lopunny|Power-Up Punch|p2a: Chex
|-supereffective|p2a: Chex
|-damage|p2a: Chex|0 fnt
|-boost|p1a: Lopunny|atk|1
|faint|p2a: Chex
|
|win|lil manaphy
|raw|Ladder updating...
|raw|lil manaphy's rating: 1754 &rarr; <strong>1766<\/strong><br \/>(+12 for winning)
|raw|Silverbacks's rating: 1590 &rarr; <strong>1579<\/strong><br \/>(-11 for losing)
|c|âSilverbacks|gg
|c|âSilverbacks|n_n
|c| im testin ok|gg both
|c|âlil manaphy|gg