|join|Silverbacks
|join|TFL
|player|p1|Silverbacks|106
|player|p2|TFL|263
|gametype|singles
|gen|6
|tier|OU
|clearpoke
|poke|p1|Chansey, F
|poke|p1|Sableye, F
|poke|p1|Rhyperior, F
|poke|p1|Skarmory, F
|poke|p1|Gothitelle, F
|poke|p1|Celebi
|poke|p2|Landorus, M
|poke|p2|Keldeo
|poke|p2|Slowking, M
|poke|p2|Heatran, F
|poke|p2|Amoonguss, M
|poke|p2|Gardevoir, M, shiny
|rule|Swagger Clause: Swagger is banned
|rule|Baton Pass Clause: Limit one PokÃ©mon knowing Baton Pass
|rule|Sleep Clause Mod: Limit one foe put to sleep
|rule|Species Clause: Limit one of each PokÃ©mon
|rule|OHKO Clause: OHKO moves are banned
|rule|Moody Clause: Moody is banned
|rule|Evasion Moves Clause: Evasion moves are banned
|rule|Endless Battle Clause: Forcing endless battles is banned
|rule|HP Percentage Mod: HP is shown in percentages
|teampreview
|join|Yuttt.annual
|c| Yuttt.annual|tfl
|c| Yuttt.annual|should i use the
|c| Yuttt.annual|no item amoonguss
|c| Yuttt.annual|to beat bd knock off azu
|c|âTFL|no ._.
|c|âSilverbacks|this team looks scary
|c| Yuttt.annual|>brought stall
|c| Yuttt.annual|you reap
|c| Yuttt.annual|what you SOW
|
|start
|switch|p1a: Kuro|Sableye, F|303\/303
|switch|p2a: Landorus|Landorus, M|320\/320
|turn|1
|c|âSilverbacks|hey its a good test
|c|âSilverbacks|if he cant beat stall
|
|detailschange|p1a: Kuro|Sableye-Mega, F
|-mega|p1a: Kuro|Sableye|Sablenite
|move|p1a: Kuro|Calm Mind|p1a: Kuro
|-boost|p1a: Kuro|spa|1
|-boost|p1a: Kuro|spd|1
|move|p2a: Landorus|Earth Power|p1a: Kuro
|-damage|p1a: Kuro|157\/303
|
|turn|2
|c|âSilverbacks|than there is a problem
|c| Yuttt.annual|show me
|c| Yuttt.annual|DOUBLES
|
|move|p2a: Landorus|Earth Power|p1a: Kuro
|-damage|p1a: Kuro|19\/303
|move|p1a: Kuro|Recover|p1a: Kuro
|-heal|p1a: Kuro|171\/303
|
|turn|3
|c| Yuttt.annual|show me TRAINING CRIT
|c| Yuttt.annual|did you train your landoru
|c| Yuttt.annual|to crit?
|c|âTFL|n
|c|âSilverbacks|that would be mean
|c| Yuttt.annual|you should switch then
|
|switch|p2a: Gardevoir|Gardevoir, M, shiny|277\/277
|-ability|p2a: Gardevoir|Magic Bounce|[from] ability: Trace|[of] p1a: Kuro
|switch|p1a: Chex|Chansey, F|703\/703
|
|turn|4
|c| Yuttt.annual|toxic him
|c| Yuttt.annual|imo
|
|switch|p2a: Amoonguss|Amoonguss, M|431\/431
|move|p1a: Chex|Seismic Toss|p2a: Amoonguss
|-damage|p2a: Amoonguss|331\/431
|
|-heal|p2a: Amoonguss|357\/431|[from] item: Black Sludge
|turn|5
|c| Yuttt.annual|also user:tfl
|c| Yuttt.annual|is that keldeo
|c| Yuttt.annual|specs hp electric
|c| Yuttt.annual|cuz if not
|c|âTFL|yes
|c| Yuttt.annual|bd azu sweeps
|c| Yuttt.annual|ok
|
|switch|p1a: Kuro|Sableye-Mega, F|171\/303
|switch|p2a: Landorus|Landorus, M|320\/320
|
|turn|6
|c| Yuttt.annual|the DOUBLES?
|
|switch|p1a: Chex|Chansey, F|703\/703
|move|p2a: Landorus|Stealth Rock|p1a: Chex
|-sidestart|p1: Silverbacks|move: Stealth Rock
|
|turn|7
|c|âSilverbacks|TFL is like jesus christ in the pokemon battling community
|c|âSilverbacks|see not even scared
|
|switch|p2a: Keldeo|Keldeo|324\/324
|move|p1a: Chex|Seismic Toss|p2a: Keldeo
|-damage|p2a: Keldeo|224\/324
|
|turn|8
|
|switch|p2a: Heatran|Heatran, F|323\/323
|move|p1a: Chex|Protect|p1a: Chex
|-fail|p1a: Chex
|
|turn|9
|c| Yuttt.annual|PROTECT
|c| Yuttt.annual|THIS MAN
|c| Yuttt.annual|RUNS
|c| Yuttt.annual|PROTECT CHANSEY
|c|âTFL|wowie
|c| Yuttt.annual|USE BLISSEY M88
|
|switch|p2a: Slowking|Slowking, M|393\/393
|move|p1a: Chex|Seismic Toss|p2a: Slowking
|-damage|p2a: Slowking|293\/393
|
|turn|10
|
|move|p1a: Chex|Wish|p1a: Chex
|move|p2a: Slowking|Dragon Tail|p1a: Chex
|-damage|p1a: Chex|653\/703
|drag|p1a: Kuro|Sableye-Mega, F|171\/303
|-damage|p1a: Kuro|134\/303|[from] Stealth Rock
|
|turn|11
|join|Mistaken
|leave|Mistaken
|c| Yuttt.annual|that wasn't
|c| Yuttt.annual|the right roll
|c|âTFL|haha
|c| Yuttt.annual|slowking requires more training
|
|switch|p2a: Gardevoir|Gardevoir, M, shiny|277\/277
|-ability|p2a: Gardevoir|Magic Bounce|[from] ability: Trace|[of] p1a: Kuro
|move|p1a: Kuro|Recover|p1a: Kuro
|-heal|p1a: Kuro|286\/303
|
|-heal|p1a: Kuro|303\/303|[from] move: Wish|[wisher] Chex
|turn|12
|
|switch|p1a: Chex|Chansey, F|653\/703
|-damage|p1a: Chex|566\/703|[from] Stealth Rock
|detailschange|p2a: Gardevoir|Gardevoir-Mega, M, shiny
|-mega|p2a: Gardevoir|Gardevoir|Gardevoirite
|move|p2a: Gardevoir|Hyper Voice|p1a: Chex
|-damage|p1a: Chex|422\/703
|
|turn|13
|
|switch|p2a: Keldeo|Keldeo|224\/324
|move|p1a: Chex|Wish|p1a: Chex
|
|turn|14
|c|âTFL|k gotta fix something on the team
|join|craing
|
|move|p1a: Chex|Protect|p1a: Chex
|-singleturn|p1a: Chex|Protect
|move|p2a: Keldeo|Secret Sword|p1a: Chex
|-activate|p1a: Chex|Protect
|
|-heal|p1a: Chex|703\/703|[from] move: Wish|[wisher] Chex
|turn|15
|c|âSilverbacks|like the inability to kill chansey
|c|âTFL|nah
|
|switch|p2a: Heatran|Heatran, F|323\/323
|move|p1a: Chex|Wish|p1a: Chex
|
|turn|16
|c|âTFL|slow has no regen
|c| Yuttt.annual|los
|c| Yuttt.annual|doubles
|
|switch|p2a: Slowking|Slowking, M|293\/393
|move|p1a: Chex|Seismic Toss|p2a: Slowking
|-damage|p2a: Slowking|193\/393
|
|turn|17
|c| Yuttt.annual|oblivious
|c| Yuttt.annual|imo
|
|switch|p1a: Puck|Celebi|395\/395
|-damage|p1a: Puck|346\/395|[from] Stealth Rock
|move|p2a: Slowking|Dragon Tail|p1a: Puck
|-damage|p1a: Puck|308\/395
|drag|p1a: Stick|Rhyperior, F|434\/434
|-damage|p1a: Stick|407\/434|[from] Stealth Rock
|
|-heal|p1a: Stick|434\/434|[from] item: Leftovers
|turn|18
|
|switch|p1a: Chex|Chansey, F|703\/703
|-damage|p1a: Chex|616\/703|[from] Stealth Rock
|move|p2a: Slowking|Scald|p1a: Chex
|-damage|p1a: Chex|543\/703
|-status|p1a: Chex|brn
|
|-damage|p1a: Chex|456\/703 brn|[from] brn
|turn|19
|c| Yuttt.annual|nice
|c| Yuttt.annual|recovery
|c| Yuttt.annual|on dtail
|c| Yuttt.annual|!
|
|switch|p2a: Heatran|Heatran, F|323\/323
|move|p1a: Chex|Seismic Toss|p2a: Heatran
|-damage|p2a: Heatran|223\/323
|
|-heal|p2a: Heatran|243\/323|[from] item: Leftovers
|-damage|p1a: Chex|369\/703 brn|[from] brn
|turn|20
|
|switch|p1a: Hateme|Gothitelle, F|301\/301
|-damage|p1a: Hateme|264\/301|[from] Stealth Rock
|move|p2a: Heatran|Magma Storm|p1a: Hateme
|-damage|p1a: Hateme|104\/301
|-activate|p1a: Hateme|move: Magma Storm|[of] p2a: Heatran
|
|-heal|p2a: Heatran|263\/323|[from] item: Leftovers
|-damage|p1a: Hateme|67\/301|[from] move: Magma Storm|[partiallytrapped]
|turn|21
|c| Yuttt.annual|threat
|c| Yuttt.annual|jsut double protect
|
|move|p1a: Hateme|Trick|p2a: Heatran
|-activate|p1a: Hateme|move: Trick|[of] p2a: Heatran
|-item|p2a: Heatran|Choice Scarf|[from] move: Trick
|-item|p1a: Hateme|Leftovers|[from] move: Trick
|move|p2a: Heatran|Earth Power|p1a: Hateme
|-damage|p1a: Hateme|0 fnt
|faint|p1a: Hateme
|
|
|switch|p1a: Puck|Celebi|308\/395
|-damage|p1a: Puck|259\/395|[from] Stealth Rock
|turn|22
|c| Yuttt.annual|that is not
|c| Yuttt.annual|chansey
|
|switch|p2a: Amoonguss|Amoonguss, M|431\/431
|move|p1a: Puck|Calm Mind|p1a: Puck
|-boost|p1a: Puck|spa|1
|-boost|p1a: Puck|spd|1
|
|-heal|p1a: Puck|283\/395|[from] item: Leftovers
|turn|23
|join|Braken ToTheStars
|
|move|p1a: Puck|Calm Mind|p1a: Puck
|-boost|p1a: Puck|spa|1
|-boost|p1a: Puck|spd|1
|move|p2a: Amoonguss|Clear Smog|p1a: Puck
|-supereffective|p1a: Puck
|-damage|p1a: Puck|239\/395
|-clearboost|p1a: Puck
|
|-heal|p1a: Puck|263\/395|[from] item: Leftovers
|turn|24
|c|âSilverbacks|well
|c|âSilverbacks|that kind of stinks
|
|switch|p2a: Gardevoir|Gardevoir-Mega, M, shiny|277\/277
|move|p1a: Puck|Recover|p1a: Puck
|-heal|p1a: Puck|395\/395
|
|turn|25
|
|move|p2a: Gardevoir|Hyper Voice|p1a: Puck
|-damage|p1a: Puck|191\/395
|move|p1a: Puck|Calm Mind|p1a: Puck
|-boost|p1a: Puck|spa|1
|-boost|p1a: Puck|spd|1
|
|-heal|p1a: Puck|215\/395|[from] item: Leftovers
|turn|26
|
|switch|p2a: Amoonguss|Amoonguss, M|431\/431
|move|p1a: Puck|Recover|p1a: Puck
|-heal|p1a: Puck|395\/395
|
|turn|27
|
|move|p1a: Puck|Baton Pass|p1a: Puck
|
|switch|p1a: Meta|Skarmory, F|333\/333
|-damage|p1a: Meta|292\/333|[from] Stealth Rock
|move|p2a: Amoonguss|Clear Smog|p1a: Meta
|-immune|p1a: Meta|[msg]
|
|turn|28
|c| Yuttt.annual|yes
|c| Yuttt.annual|the +1 SpD skarmory
|c|âTFL|lol
|c| Yuttt.annual|and SpA
|c|âSilverbacks|i know right so stronk
|c| Yuttt.annual|time to use
|c| Yuttt.annual|hp steel
|
|switch|p2a: Heatran|Heatran, F|263\/323
|move|p1a: Meta|Spikes|p2a: Heatran
|-sidestart|p2: TFL|Spikes
|
|turn|29
|
|switch|p1a: Stick|Rhyperior, F|434\/434
|-damage|p1a: Stick|407\/434|[from] Stealth Rock
|move|p2a: Heatran|Magma Storm|p1a: Stick
|-crit|p1a: Stick
|-resisted|p1a: Stick
|-damage|p1a: Stick|183\/434
|-activate|p1a: Stick|move: Magma Storm|[of] p2a: Heatran
|
|-heal|p1a: Stick|210\/434|[from] item: Leftovers
|-damage|p1a: Stick|156\/434|[from] move: Magma Storm|[partiallytrapped]
|turn|30
|c| Yuttt.annual|tell me tfl
|c| Yuttt.annual|how to hit
|c| Yuttt.annual|magma storm
|
|switch|p2a: Landorus|Landorus, M|320\/320
|move|p1a: Stick|Stealth Rock|p2a: Landorus
|-sidestart|p2: TFL|move: Stealth Rock
|
|-heal|p1a: Stick|183\/434|[from] item: Leftovers
|-end|p1a: Stick|Magma Storm|[partiallytrapped]
|turn|31
|c|âSilverbacks|XD
|c| Yuttt.annual|i average
|c| Yuttt.annual|1\/8
|c|âTFL|ive used magma storm tens of times
|c|âTFL|and have never missed it
|c|âSilverbacks|like i said jesus christ
|c| Yuttt.annual|i can hit blizzard infinitely in gen 1
|
|move|p2a: Landorus|Earth Power|p1a: Stick
|-supereffective|p1a: Stick
|-damage|p1a: Stick|0 fnt
|faint|p1a: Stick
|
|c| Yuttt.annual|but not magma storm
|c|âSilverbacks|of the pokemon world
|c|âTFL|haha 90 acc
|c|âSilverbacks|!dt magma storm
|c|~|\/data-move Magma Storm
|raw|<font size="1"><font color=#585858>Priority:<\/font> 0&nbsp;|&ThickSpace;<font color=#585858><font color=black>&#10003; Blocked by Protect<\/font><\/font>&nbsp;|&ThickSpace;<font color=#585858>Target:<\/font> One Adjacent Pokemon<\/font>
|
|switch|p1a: Chex|Chansey, F|369\/703
|-damage|p1a: Chex|282\/703|[from] Stealth Rock
|turn|32
|c|âTFL|should i run knock off on this yuttt?
|c| Yuttt.annual|uh
|c| Yuttt.annual|wot
|c| Yuttt.annual|knock off SR
|c| Yuttt.annual|the BAIT
|c|âTFL|yus
|c| Yuttt.annual|is REAL
|c| Yuttt.annual|run rock polish too
|c|âTFL|!
|c|âSilverbacks|lol
|c|âSilverbacks|Yutt is too real
|
|switch|p2a: Keldeo|Keldeo|224\/324
|-damage|p2a: Keldeo|204\/324|[from] Stealth Rock
|-damage|p2a: Keldeo|164\/324|[from] Spikes
|move|p1a: Chex|Wish|p1a: Chex
|
|turn|33
|c| Yuttt.annual|good luck recovering
|c| Yuttt.annual|aginst pokemon
|c| Yuttt.annual|with roar
|c| Yuttt.annual|!
|c| Yuttt.annual|roar keldeo
|c| Yuttt.annual|incoming
|c|âTFL|:O
|
|move|p1a: Chex|Protect|p1a: Chex
|-singleturn|p1a: Chex|Protect
|move|p2a: Keldeo|Secret Sword|p1a: Chex
|-activate|p1a: Chex|Protect
|
|-heal|p1a: Chex|633\/703|[from] move: Wish|[wisher] Chex
|turn|34
|c|âSilverbacks|too good
|
|switch|p2a: Gardevoir|Gardevoir-Mega, M, shiny|277\/277
|-damage|p2a: Gardevoir|243\/277|[from] Stealth Rock
|-damage|p2a: Gardevoir|209\/277|[from] Spikes
|switch|p1a: Kuro|Sableye-Mega, F|303\/303
|-damage|p1a: Kuro|266\/303|[from] Stealth Rock
|
|turn|35
|join|Rawk Hawk
|
|switch|p1a: Chex|Chansey, F|633\/703
|-damage|p1a: Chex|546\/703|[from] Stealth Rock
|move|p2a: Gardevoir|Will-O-Wisp|p1a: Chex
|-status|p1a: Chex|brn
|
|-damage|p1a: Chex|459\/703 brn|[from] brn
|turn|36
|c|âSilverbacks|why is your team all spd
|c|âSilverbacks|i mean special attack
|c|âSilverbacks|what i said made no sense
|c|âTFL|idk
|
|move|p2a: Gardevoir|Psyshock|p1a: Chex
|-damage|p1a: Chex|230\/703 brn
|move|p1a: Chex|Wish|p1a: Chex
|
|-damage|p1a: Chex|143\/703 brn|[from] brn
|turn|37
|c| Yuttt.annual|nice
|c| Yuttt.annual|counter
|c| Yuttt.annual|mr. wish protect
|c|âTFL|lol
|c|âSilverbacks|:D
|
|move|p1a: Chex|Protect|p1a: Chex
|-singleturn|p1a: Chex|Protect
|move|p2a: Gardevoir|Psyshock|p1a: Chex
|-activate|p1a: Chex|Protect
|
|-heal|p1a: Chex|494\/703 brn|[from] move: Wish|[wisher] Chex
|-damage|p1a: Chex|407\/703 brn|[from] brn
|turn|38
|join|yuruuu
|
|move|p2a: Gardevoir|Psyshock|p1a: Chex
|-damage|p1a: Chex|191\/703 brn
|move|p1a: Chex|Wish|p1a: Chex
|
|-damage|p1a: Chex|104\/703 brn|[from] brn
|turn|39
|c| Yuttt.annual|skillful min roll
|c|âSilverbacks|yeap this is gg
|
|move|p2a: Gardevoir|Hyper Voice|p1a: Chex
|-damage|p1a: Chex|0 fnt
|faint|p1a: Chex
|
|c|âTFL|jeejee :)
|c|âTFL|thx btw
|
|switch|p1a: Puck|Celebi|395\/395
|-damage|p1a: Puck|346\/395|[from] Stealth Rock
|turn|40
|c|âSilverbacks|XD no probs
|
|move|p2a: Gardevoir|Hyper Voice|p1a: Puck
|-damage|p1a: Puck|172\/395
|move|p1a: Puck|Calm Mind|p1a: Puck
|-boost|p1a: Puck|spa|1
|-boost|p1a: Puck|spd|1
|
|-heal|p1a: Puck|196\/395|[from] item: Leftovers
|turn|41
|c| Yuttt.annual|the check
|
|switch|p2a: Amoonguss|Amoonguss, M|431\/431
|-damage|p2a: Amoonguss|378\/431|[from] Stealth Rock
|-damage|p2a: Amoonguss|325\/431|[from] Spikes
|move|p1a: Puck|Recover|p1a: Puck
|-heal|p1a: Puck|394\/395
|
|-heal|p1a: Puck|395\/395|[from] item: Leftovers
|-heal|p2a: Amoonguss|351\/431|[from] item: Black Sludge
|turn|42
|leave|Rawk Hawk
|c|âTFL|send in da skarm
|
|move|p1a: Puck|Baton Pass|p1a: Puck
|c|âSilverbacks|i lost when goth died
|c|âSilverbacks|XD
|
|switch|p1a: Kuro|Sableye-Mega, F|266\/303
|-damage|p1a: Kuro|229\/303|[from] Stealth Rock
|move|p2a: Amoonguss|Clear Smog|p1a: Kuro
|-resisted|p1a: Kuro
|-damage|p1a: Kuro|214\/303
|-clearboost|p1a: Kuro
|
|-heal|p2a: Amoonguss|377\/431|[from] item: Black Sludge
|turn|43
|c|âSilverbacks|i really thought that heatran was a normal one
|
|switch|p2a: Gardevoir|Gardevoir-Mega, M, shiny|209\/277
|-damage|p2a: Gardevoir|175\/277|[from] Stealth Rock
|-damage|p2a: Gardevoir|141\/277|[from] Spikes
|move|p1a: Kuro|Will-O-Wisp|p2a: Gardevoir
|-status|p2a: Gardevoir|brn
|
|-damage|p2a: Gardevoir|107\/277 brn|[from] brn
|turn|44
|leave|Braken ToTheStars
|
|switch|p1a: Meta|Skarmory, F|292\/333
|-damage|p1a: Meta|251\/333|[from] Stealth Rock
|move|p2a: Gardevoir|Hyper Voice|p1a: Meta
|-resisted|p1a: Meta
|-damage|p1a: Meta|73\/333
|
|-damage|p2a: Gardevoir|73\/277 brn|[from] brn
|turn|45
|join|Highest Threat
|c| Yuttt.annual|not very effective
|c| Yuttt.annual|we should switch out
|c| Highest Threat|TFL
|c| Yuttt.annual|ah yes goth
|c| Highest Threat|u like stealing my teams ^_^
|c|âTFL|yo
|c| Yuttt.annual|the pokemon
|c| Yuttt.annual|who checks gardevoir
|c|âTFL|i just made this
|c|âTFL|.-.
|c| Highest Threat|....
|
|move|p2a: Gardevoir|Hyper Voice|p1a: Meta
|-resisted|p1a: Meta
|-damage|p1a: Meta|0 fnt
|faint|p1a: Meta
|
|-damage|p2a: Gardevoir|39\/277 brn|[from] brn
|c| Highest Threat|I have the same exact team
|leave|craing
|c| Highest Threat|lmao
|c|âTFL|lol
|
|switch|p1a: Puck|Celebi|395\/395
|-damage|p1a: Puck|346\/395|[from] Stealth Rock
|turn|46
|c|âSilverbacks|i knew skarm was going to die
|c|âSilverbacks|lol
|c| Yuttt.annual|highest threat
|c| Yuttt.annual|stop stealing
|c| Yuttt.annual|tfl's teams!
|
|move|p2a: Gardevoir|Hyper Voice|p1a: Puck
|-damage|p1a: Puck|142\/395
|move|p1a: Puck|Calm Mind|p1a: Puck
|-boost|p1a: Puck|spa|1
|-boost|p1a: Puck|spd|1
|
|-heal|p1a: Puck|166\/395|[from] item: Leftovers
|-damage|p2a: Gardevoir|5\/277 brn|[from] brn
|turn|47
|c|âSilverbacks|its just im pretty sure gard kills celeb
|c| Highest Threat|um
|c|âSilverbacks|if i switch out
|c| Highest Threat|Me>Craing>TFL
|c| Highest Threat|k
|
|move|p2a: Gardevoir|Hyper Voice|p1a: Puck
|-damage|p1a: Puck|46\/395
|move|p1a: Puck|Recover|p1a: Puck
|-heal|p1a: Puck|244\/395
|
|-heal|p1a: Puck|268\/395|[from] item: Leftovers
|-damage|p2a: Gardevoir|0 fnt|[from] brn
|faint|p2a: Gardevoir
|c| Highest Threat|or naw
|c| Highest Threat|TFL knows who's better
|c| Yuttt.annual|who even are you
|
|switch|p2a: Amoonguss|Amoonguss, M|431\/431
|-damage|p2a: Amoonguss|378\/431|[from] Spikes
|-damage|p2a: Amoonguss|325\/431|[from] Stealth Rock
|turn|48
|c| Highest Threat|even though he be lucky n bad in random doubles
|c| Highest Threat|and always beat me %_%
|c|âSilverbacks|!dt clear smog
|c|~|\/data-move Clear Smog
|raw|<font size="1"><font color=#585858>Priority:<\/font> 0&nbsp;|&ThickSpace;<font color=#585858><font color=black>&#10003; Blocked by Protect<\/font><\/font>&nbsp;|&ThickSpace;<font color=#585858>Target:<\/font> One Adjacent Pokemon<\/font>
|
|move|p1a: Puck|Recover|p1a: Puck
|-heal|p1a: Puck|395\/395
|move|p2a: Amoonguss|Clear Smog|p1a: Puck
|-supereffective|p1a: Puck
|-damage|p1a: Puck|339\/395
|-clearboost|p1a: Puck
|
|-heal|p1a: Puck|363\/395|[from] item: Leftovers
|-heal|p2a: Amoonguss|351\/431|[from] item: Black Sludge
|turn|49
|c|âSilverbacks|welp this might take a while
|leave|yuruuu
|
|switch|p2a: Heatran|Heatran, F|263\/323
|-damage|p2a: Heatran|223\/323|[from] Spikes
|-damage|p2a: Heatran|183\/323|[from] Stealth Rock
|move|p1a: Puck|Calm Mind|p1a: Puck
|-boost|p1a: Puck|spa|1
|-boost|p1a: Puck|spd|1
|
|-heal|p1a: Puck|387\/395|[from] item: Leftovers
|turn|50
|join|ArtfulMachination
|c| Yuttt.annual|a while
|c| Yuttt.annual|has been taken
|c| Yuttt.annual|time to dodge
|c| Highest Threat|who agrees with aegi retest?
|c| Yuttt.annual|me
|c| Yuttt.annual|;-;
|
|move|p2a: Heatran|Taunt|p1a: Puck
|-start|p1a: Puck|move: Taunt
|cant|p1a: Puck|move: Taunt|Calm Mind
|
|-heal|p1a: Puck|395\/395|[from] item: Leftovers
|turn|51
|c|âTFL|me
|c|âSilverbacks|oh snap
|c|âSilverbacks|i agree
|c|âSilverbacks|with that
|c|âSilverbacks|it would put mega gross on a leash too
|
|move|p2a: Heatran|Taunt|p1a: Puck
|-fail|p1a: Puck
|move|p1a: Puck|Giga Drain|p2a: Heatran
|-resisted|p2a: Heatran
|-damage|p2a: Heatran|154\/323
|
|turn|52
|c| Highest Threat|may I ask why
|c| Highest Threat|o.o
|c|âTFL|heuehue
|
|move|p2a: Heatran|Taunt|p1a: Puck
|-fail|p1a: Puck
|move|p1a: Puck|Giga Drain|p2a: Heatran
|-resisted|p2a: Heatran
|-damage|p2a: Heatran|124\/323
|
|-end|p1a: Puck|move: Taunt
|turn|53
|c| Yuttt.annual|why wat
|c|âTFL|use ur gigas
|c|âSilverbacks|:\/
|join|Mega-Sableye User
|
|move|p2a: Heatran|Taunt|p1a: Puck
|-start|p1a: Puck|move: Taunt
|move|p1a: Puck|Giga Drain|p2a: Heatran
|-resisted|p2a: Heatran
|-damage|p2a: Heatran|92\/323
|
|turn|54
|c|âSilverbacks|im using my gigas sir
|
|switch|p2a: Amoonguss|Amoonguss, M|431\/431
|-damage|p2a: Amoonguss|378\/431|[from] Stealth Rock
|-damage|p2a: Amoonguss|325\/431|[from] Spikes
|move|p1a: Puck|Giga Drain|p2a: Amoonguss
|-resisted|p2a: Amoonguss
|-damage|p2a: Amoonguss|283\/431
|
|-heal|p2a: Amoonguss|309\/431|[from] item: Black Sludge
|turn|55
|c| Mega-Sableye User|or naw
|
|move|p1a: Puck|Giga Drain|p2a: Amoonguss
|-resisted|p2a: Amoonguss
|-damage|p2a: Amoonguss|270\/431
|move|p2a: Amoonguss|Clear Smog|p1a: Puck
|-supereffective|p1a: Puck
|-damage|p1a: Puck|341\/395
|-clearboost|p1a: Puck
|
|-heal|p1a: Puck|365\/395|[from] item: Leftovers
|-heal|p2a: Amoonguss|296\/431|[from] item: Black Sludge
|-end|p1a: Puck|move: Taunt
|turn|56
|c|âTFL|catch these clear smogs
|c| Mega-Sableye User|Lmao
|c| Yuttt.annual|show me
|c| Yuttt.annual|landI double
|c| Yuttt.annual|turn 58
|c| Mega-Sableye User|^
|
|move|p1a: Puck|Calm Mind|p1a: Puck
|-boost|p1a: Puck|spa|1
|-boost|p1a: Puck|spd|1
|move|p2a: Amoonguss|Clear Smog|p1a: Puck
|-supereffective|p1a: Puck
|-damage|p1a: Puck|309\/395
|-clearboost|p1a: Puck
|
|-heal|p1a: Puck|333\/395|[from] item: Leftovers
|-heal|p2a: Amoonguss|322\/431|[from] item: Black Sludge
|turn|57
|c|âTFL|kk
|c| Highest Threat|ewwww a celebi
|c| Highest Threat|D:
|
|move|p1a: Puck|Calm Mind|p1a: Puck
|-boost|p1a: Puck|spa|1
|-boost|p1a: Puck|spd|1
|move|p2a: Amoonguss|Clear Smog|p1a: Puck
|-supereffective|p1a: Puck
|-damage|p1a: Puck|273\/395
|-clearboost|p1a: Puck
|
|-heal|p1a: Puck|297\/395|[from] item: Leftovers
|-heal|p2a: Amoonguss|348\/431|[from] item: Black Sludge
|turn|58
|c|âSilverbacks|this is pretty dumb XD
|c| Mega-Sableye User|lol
|
|move|p1a: Puck|Recover|p1a: Puck
|-heal|p1a: Puck|395\/395
|move|p2a: Amoonguss|Clear Smog|p1a: Puck
|-supereffective|p1a: Puck
|-damage|p1a: Puck|317\/395
|-clearboost|p1a: Puck
|
|-heal|p1a: Puck|341\/395|[from] item: Leftovers
|-heal|p2a: Amoonguss|374\/431|[from] item: Black Sludge
|turn|59
|c|âTFL|not dum enuf
|join|3523gwergd
|c|âSilverbacks|true
|c| Yuttt.annual|u wanan dumbo
|
|move|p1a: Puck|Calm Mind|p1a: Puck
|-boost|p1a: Puck|spa|1
|-boost|p1a: Puck|spd|1
|move|p2a: Amoonguss|Clear Smog|p1a: Puck
|-supereffective|p1a: Puck
|-damage|p1a: Puck|281\/395
|-clearboost|p1a: Puck
|
|-heal|p1a: Puck|305\/395|[from] item: Leftovers
|-heal|p2a: Amoonguss|400\/431|[from] item: Black Sludge
|turn|60
|c|âSilverbacks|want to do a bunch of pointless switches
|c| Yuttt.annual|I GIVEN U DUMBOB
|c| Highest Threat|TFL
|c| Highest Threat|is mega sableye broken
|c| Highest Threat|or mega metagross
|
|switch|p2a: Heatran|Heatran, F|92\/323
|-damage|p2a: Heatran|52\/323|[from] Spikes
|-damage|p2a: Heatran|12\/323|[from] Stealth Rock
|move|p1a: Puck|Calm Mind|p1a: Puck
|-boost|p1a: Puck|spa|1
|-boost|p1a: Puck|spd|1
|
|-heal|p1a: Puck|329\/395|[from] item: Leftovers
|turn|61
|c| Yuttt.annual|you may only
|c| Yuttt.annual|choose one
|c|âTFL|megagross is dumb
|c|âSilverbacks|its gross
|c| Highest Threat|I agree
|c| Highest Threat|i am banning it immediatly
|c| Highest Threat|@_@
|c|âTFL|fk yo celebi
|c| Yuttt.annual|u r haunter :ooooo
|
|move|p2a: Heatran|Magma Storm|p1a: Puck|[miss]
|-miss|p2a: Heatran|p1a: Puck
|move|p1a: Puck|Giga Drain|p2a: Heatran
|-resisted|p2a: Heatran
|-damage|p2a: Heatran|0 fnt
|-heal|p1a: Puck|335\/395|[from] drain|[of] p2a: Heatran
|faint|p2a: Heatran
|
|-heal|p1a: Puck|359\/395|[from] item: Leftovers
|c|âSilverbacks|but it wont be so bad with aegi back
|c| Yuttt.annual|pls dun ban me
|c|âTFL|WOWOOWOWOW
|c|âTFL|FIRST
|c|âTFL|TIME
|c|âTFL|I
|c|âTFL|MISSed
|c| Highest Threat|aegi prolly won't get retested
|c|âTFL|HAXXXXXX
|c| Highest Threat|@_@
|c| Highest Threat|even though the voters was borked af
|c|âTFL|ima leave and jus put sludge wave on lando
|c|âTFL|-3-
|c|âTFL|jeejee
|c| Yuttt.annual|âTFL: not dum enuf
|-message|TFL forfeited.
|
|win|Silverbacks
|leave|Highest Threat
|leave|Yuttt.annual
|leave|TFL
|c|âSilverbacks|my celebie has been trained in the arts of this is really dumb
|leave|ArtfulMachination
|player|p2
|leave|Mega-Sableye User
|leave|3523gwergd
|join|Mega-Sableye User
|c| Mega-Sableye User|Yep