|join|Mix01
|join|Le Physics
|player|p1|Mix01|25
|player|p2|Le Physics|266
|gametype|singles
|gen|6
|tier|OU
|rated
|clearpoke
|poke|p1|Chansey, F
|poke|p1|Sableye, M
|poke|p1|Rhyperior, F
|poke|p1|Skarmory, M
|poke|p1|Gothitelle, M
|poke|p1|Celebi
|poke|p2|Ferrothorn, M
|poke|p2|Azumarill, M
|poke|p2|Altaria, F
|poke|p2|Espeon, M
|poke|p2|Landorus-Therian, M
|poke|p2|Gengar, M
|rule|Swagger Clause: Swagger is banned
|rule|Baton Pass Clause: Limit one PokÃ©mon knowing Baton Pass
|rule|Sleep Clause Mod: Limit one foe put to sleep
|rule|Species Clause: Limit one of each PokÃ©mon
|rule|OHKO Clause: OHKO moves are banned
|rule|Moody Clause: Moody is banned
|rule|Evasion Moves Clause: Evasion moves are banned
|rule|Endless Battle Clause: Forcing endless battles is banned
|rule|HP Percentage Mod: HP is shown in percentages
|teampreview
|
|start
|switch|p1a: Sableye|Sableye, M|303\/303
|switch|p2a: Azumarill|Azumarill, M|402\/402
|turn|1
|join|asdlkawejf
|
|switch|p2a: Espeon|Espeon, M|334\/334
|detailschange|p1a: Sableye|Sableye-Mega, M
|-mega|p1a: Sableye|Sableye|Sablenite
|move|p1a: Sableye|Calm Mind|p1a: Sableye
|-boost|p1a: Sableye|spa|1
|-boost|p1a: Sableye|spd|1
|
|turn|2
|c|âMix01|hah not falling for that again
|
|switch|p2a: Ferrothorn|Ferrothorn, M|351\/351
|move|p1a: Sableye|Dark Pulse|p2a: Ferrothorn
|-damage|p2a: Ferrothorn|240\/351
|
|turn|3
|c|âLe Physics|haha
|
|move|p1a: Sableye|Calm Mind|p1a: Sableye
|-boost|p1a: Sableye|spa|1
|-boost|p1a: Sableye|spd|1
|move|p2a: Ferrothorn|Gyro Ball|p1a: Sableye
|-damage|p1a: Sableye|269\/303
|
|turn|4
|
|switch|p2a: Azumarill|Azumarill, M|402\/402
|move|p1a: Sableye|Dark Pulse|p2a: Azumarill
|-resisted|p2a: Azumarill
|-damage|p2a: Azumarill|300\/402
|
|turn|5
|
|switch|p1a: Skarmory|Skarmory, M|334\/334
|move|p2a: Azumarill|Belly Drum|p2a: Azumarill
|-damage|p2a: Azumarill|99\/402
|-setboost|p2a: Azumarill|atk|6|[from] move: Belly Drum
|-enditem|p2a: Azumarill|Sitrus Berry|[eat]
|-heal|p2a: Azumarill|199\/402|[from] item: Sitrus Berry
|
|turn|6
|
|switch|p2a: Espeon|Espeon, M|334\/334
|move|p1a: Skarmory|Whirlwind|p2a: Espeon
|move|p2a: Espeon|Whirlwind|p1a: Skarmory|[from]Magic Bounce
|drag|p1a: Rhyperior|Rhyperior, F|434\/434
|
|turn|7
|
|switch|p2a: Landorus-Therian|Landorus-Therian, M|319\/319
|-ability|p2a: Landorus-Therian|Intimidate|[of] p1a: Rhyperior
|-unboost|p1a: Rhyperior|atk|1
|move|p1a: Rhyperior|Earthquake|p2a: Landorus-Therian
|-immune|p2a: Landorus-Therian|[msg]
|
|turn|8
|
|switch|p1a: Sableye|Sableye-Mega, M|269\/303
|move|p2a: Landorus-Therian|Earthquake|p1a: Sableye
|-damage|p1a: Sableye|143\/303
|
|turn|9
|
|switch|p1a: Skarmory|Skarmory, M|334\/334
|move|p2a: Landorus-Therian|Earthquake|p1a: Skarmory
|-immune|p1a: Skarmory|[msg]
|
|turn|10
|
|switch|p2a: Ferrothorn|Ferrothorn, M|240\/351
|switch|p1a: lol wrong team|Gothitelle, M|301\/301
|
|turn|11
|
|switch|p1a: Sableye|Sableye-Mega, M|143\/303
|move|p2a: Ferrothorn|Leech Seed|p1a: Sableye
|move|p1a: Sableye|Leech Seed|p2a: Ferrothorn|[from]Magic Bounce
|-immune|p2a: Ferrothorn|[msg]
|
|turn|12
|
|move|p1a: Sableye|Recover|p1a: Sableye
|-heal|p1a: Sableye|295\/303
|move|p2a: Ferrothorn|Knock Off|p1a: Sableye
|-damage|p1a: Sableye|267\/303
|
|turn|13
|
|switch|p2a: Azumarill|Azumarill, M|199\/402
|move|p1a: Sableye|Will-O-Wisp|p2a: Azumarill
|-status|p2a: Azumarill|brn
|
|-damage|p2a: Azumarill|149\/402 brn|[from] brn
|turn|14
|
|switch|p1a: Skarmory|Skarmory, M|334\/334
|move|p2a: Azumarill|Play Rough|p1a: Skarmory
|-resisted|p1a: Skarmory
|-damage|p1a: Skarmory|307\/334
|-damage|p2a: Azumarill|82\/402 brn|[from] item: Rocky Helmet|[of] p1a: Skarmory
|
|-damage|p2a: Azumarill|32\/402 brn|[from] brn
|turn|15
|
|move|p1a: Skarmory|Spikes|p2a: Azumarill
|-sidestart|p2: Le Physics|Spikes
|move|p2a: Azumarill|Play Rough|p1a: Skarmory
|-resisted|p1a: Skarmory
|-damage|p1a: Skarmory|280\/334
|-damage|p2a: Azumarill|0 fnt|[from] item: Rocky Helmet|[of] p1a: Skarmory
|faint|p2a: Azumarill
|
|
|switch|p2a: Altaria|Altaria, F|353\/353
|turn|16
|
|detailschange|p2a: Altaria|Altaria-Mega, F
|-mega|p2a: Altaria|Altaria|Altarianite
|move|p2a: Altaria|Fire Blast|p1a: Skarmory|[miss]
|-miss|p2a: Altaria|p1a: Skarmory
|move|p1a: Skarmory|Whirlwind|p2a: Altaria
|drag|p2a: Gengar|Gengar, M|261\/261
|
|turn|17
|c|âMix01|well lucky me
|c|âMix01|also gengar
|c|âMix01|is so scary
|
|switch|p1a: BALK|Chansey, F|703\/703
|move|p2a: Gengar|Disable|p1a: BALK
|-fail|p1a: BALK
|
|turn|18
|
|move|p2a: Gengar|Substitute|p2a: Gengar
|-start|p2a: Gengar|Substitute
|-damage|p2a: Gengar|196\/261
|move|p1a: BALK|Wish|p1a: BALK
|
|-heal|p2a: Gengar|212\/261|[from] item: Black Sludge
|turn|19
|
|switch|p1a: Sableye|Sableye-Mega, M|267\/303
|move|p2a: Gengar|Disable|p1a: Sableye
|move|p1a: Sableye|Disable|p2a: Gengar|[from]Magic Bounce
|-start|p2a: Gengar|Disable|Disable
|
|-heal|p1a: Sableye|303\/303|[from] move: Wish|[wisher] BALK
|-heal|p2a: Gengar|228\/261|[from] item: Black Sludge
|turn|20
|c|âMix01|XD
|
|move|p2a: Gengar|Shadow Ball|p1a: Sableye
|-damage|p1a: Sableye|182\/303
|move|p1a: Sableye|Calm Mind|p1a: Sableye
|-boost|p1a: Sableye|spa|1
|-boost|p1a: Sableye|spd|1
|
|-heal|p2a: Gengar|244\/261|[from] item: Black Sludge
|turn|21
|c| asdlkawejf|The opposing Gengar's Disable was disabled!
|c|âMix01|i disabled your disable
|c| asdlkawejf|tru
|
|move|p2a: Gengar|Sludge Bomb|p1a: Sableye
|-resisted|p1a: Sableye
|-damage|p1a: Sableye|131\/303
|move|p1a: Sableye|Recover|p1a: Sableye
|-heal|p1a: Sableye|283\/303
|
|-heal|p2a: Gengar|260\/261|[from] item: Black Sludge
|turn|22
|
|move|p2a: Gengar|Shadow Ball|p1a: Sableye
|-damage|p1a: Sableye|202\/303
|move|p1a: Sableye|Dark Pulse|p2a: Gengar
|-supereffective|p2a: Gengar
|-end|p2a: Gengar|Substitute
|
|-heal|p2a: Gengar|261\/261|[from] item: Black Sludge
|turn|23
|
|switch|p2a: Altaria|Altaria-Mega, F|353\/353
|-damage|p2a: Altaria|309\/353|[from] Spikes
|move|p1a: Sableye|Will-O-Wisp|p2a: Altaria
|-status|p2a: Altaria|brn
|
|-damage|p2a: Altaria|265\/353 brn|[from] brn
|turn|24
|
|switch|p1a: BALK|Chansey, F|703\/703
|move|p2a: Altaria|Hyper Voice|p1a: BALK
|-damage|p1a: BALK|574\/703
|
|-damage|p2a: Altaria|221\/353 brn|[from] brn
|turn|25
|
|switch|p2a: Espeon|Espeon, M|334\/334
|-damage|p2a: Espeon|293\/334|[from] Spikes
|move|p1a: BALK|Wish|p1a: BALK
|
|-heal|p2a: Espeon|313\/334|[from] item: Leftovers
|turn|26
|
|switch|p1a: lol wrong team|Gothitelle, M|301\/301
|move|p2a: Espeon|Calm Mind|p2a: Espeon
|-boost|p2a: Espeon|spa|1
|-boost|p2a: Espeon|spd|1
|
|-heal|p2a: Espeon|333\/334|[from] item: Leftovers
|turn|27
|
|move|p2a: Espeon|Protect|p2a: Espeon
|-singleturn|p2a: Espeon|Protect
|move|p1a: lol wrong team|Trick|p2a: Espeon
|-activate|p2a: Espeon|Protect
|
|-heal|p2a: Espeon|334\/334|[from] item: Leftovers
|turn|28
|
|move|p1a: lol wrong team|Trick|p2a: Espeon
|-activate|p1a: lol wrong team|move: Trick|[of] p2a: Espeon
|-item|p2a: Espeon|Choice Scarf|[from] move: Trick
|-item|p1a: lol wrong team|Leftovers|[from] move: Trick
|move|p2a: Espeon|Calm Mind|p2a: Espeon
|-boost|p2a: Espeon|spa|1
|-boost|p2a: Espeon|spd|1
|
|turn|29
|c|âMix01|!data calm mind
|c|~|\/data-move Calm Mind

|c|âMix01|man
|
|move|p2a: Espeon|Calm Mind|p2a: Espeon
|-boost|p2a: Espeon|spa|1
|-boost|p2a: Espeon|spd|1
|move|p1a: lol wrong team|Calm Mind|p1a: lol wrong team
|-boost|p1a: lol wrong team|spa|1
|-boost|p1a: lol wrong team|spd|1
|
|turn|30
|c|âMix01|this is going to take forever
|c|âLe Physics|i can't do anything against chansey or sableye
|c|âLe Physics|gg
|c|âMix01|does a plus 6 psyshock kill
|c|âMix01|espeon
|c|âMix01|or no
|c|âLe Physics|my whole team
|c|âMix01|ok
|c|âMix01|gg then
|-message|Le Physics forfeited.
|
|win|Mix01
|raw|Ladder updating...
|leave|Le Physics
|player|p2
|raw|Mix01's rating: 1223 &rarr; <strong>1244<\/strong><br \/>(+21 for winning)
|raw|Le Physics's rating: 1176 &rarr; <strong>1155<\/strong><br \/>(-21 for losing)
|c|âMix01|nice guy
|leave|asdlkawejf
|join|asdlkawejf
|leave|asdlkawejf
|join|asdlkawejf
|leave|asdlkawejf
|join|asdlkawejf
|leave|asdlkawejf
|join|asdlkawejf
|leave|asdlkawejf
|player|p1|Guest 436237|25
|join|Silverbacks
|player|p1|Silverbacks|25