|join|Silverbacks
|join|SLBoss
|player|p1|Silverbacks|106
|player|p2|SLBoss|265
|gametype|singles
|gen|6
|tier|OU (suspect test)
|rated
|clearpoke
|poke|p1|Gallade, M
|poke|p1|Garchomp, F
|poke|p1|Keldeo
|poke|p1|Mew
|poke|p1|Bisharp, M, shiny
|poke|p1|Landorus-Therian, M
|poke|p2|Metagross
|poke|p2|Rotom-Wash
|poke|p2|Landorus-Therian, M
|poke|p2|Sylveon, F
|poke|p2|Latias, F
|poke|p2|Heatran, F
|rule|Swagger Clause: Swagger is banned
|rule|Baton Pass Clause: Limit one PokÃ©mon knowing Baton Pass
|rule|Sleep Clause Mod: Limit one foe put to sleep
|rule|Species Clause: Limit one of each PokÃ©mon
|rule|OHKO Clause: OHKO moves are banned
|rule|Moody Clause: Moody is banned
|rule|Evasion Moves Clause: Evasion moves are banned
|rule|Endless Battle Clause: Forcing endless battles is banned
|rule|HP Percentage Mod: HP is shown in percentages
|teampreview
|
|start
|switch|p1a: Twilight|Keldeo|324\/324
|switch|p2a: Metagross|Metagross|301\/301
|turn|1
|
|switch|p1a: Rando|Landorus-Therian, M|382\/382
|-ability|p1a: Rando|Intimidate|[of] p2a: Metagross
|-fail|p2a: Metagross|unboost|[from] ability: Clear Body|[of] p2a: Metagross
|detailschange|p2a: Metagross|Metagross-Mega
|-mega|p2a: Metagross|Metagross|Metagrossite
|move|p2a: Metagross|Zen Headbutt|p1a: Rando
|-damage|p1a: Rando|232\/382
|
|-heal|p1a: Rando|255\/382|[from] item: Leftovers
|turn|2
|
|move|p2a: Metagross|Ice Punch|p1a: Rando
|-supereffective|p1a: Rando
|-damage|p1a: Rando|0 fnt
|faint|p1a: Rando
|
|
|switch|p1a: Mewt|Mew|404\/404
|turn|3
|
|move|p2a: Metagross|Iron Head|p1a: Mewt
|-damage|p1a: Mewt|260\/404
|move|p1a: Mewt|Will-O-Wisp|p2a: Metagross
|-status|p2a: Metagross|brn
|
|-heal|p1a: Mewt|285\/404|[from] item: Leftovers
|-damage|p2a: Metagross|264\/301 brn|[from] brn
|turn|4
|
|switch|p2a: Sylveon|Sylveon, F|394\/394
|switch|p1a: Ragnell|Bisharp, M, shiny|272\/272
|
|turn|5
|
|move|p2a: Sylveon|Protect|p2a: Sylveon
|-singleturn|p2a: Sylveon|Protect
|move|p1a: Ragnell|Knock Off|p2a: Sylveon
|-activate|p2a: Sylveon|Protect
|
|turn|6
|
|switch|p2a: Heatran|Heatran, F|385\/385
|move|p1a: Ragnell|Knock Off|p2a: Heatran
|-damage|p2a: Heatran|159\/385
|-enditem|p2a: Heatran|Leftovers|[from] move: Knock Off|[of] p1a: Ragnell
|-damage|p1a: Ragnell|245\/272|[from] item: Life Orb
|
|turn|7
|
|switch|p1a: Twilight|Keldeo|324\/324
|switch|p2a: Sylveon|Sylveon, F|394\/394
|
|turn|8
|
|move|p1a: Twilight|Hydro Pump|p2a: Sylveon
|-damage|p2a: Sylveon|240\/394
|move|p2a: Sylveon|Hyper Voice|p1a: Twilight
|-supereffective|p1a: Twilight
|-damage|p1a: Twilight|0 fnt
|faint|p1a: Twilight
|
|-heal|p2a: Sylveon|264\/394|[from] item: Leftovers
|
|switch|p1a: Ragnell|Bisharp, M, shiny|245\/272
|turn|9
|
|move|p2a: Sylveon|Protect|p2a: Sylveon
|-singleturn|p2a: Sylveon|Protect
|move|p1a: Ragnell|Iron Head|p2a: Sylveon
|-activate|p2a: Sylveon|Protect
|
|-heal|p2a: Sylveon|288\/394|[from] item: Leftovers
|turn|10
|
|move|p1a: Ragnell|Iron Head|p2a: Sylveon
|-supereffective|p2a: Sylveon
|-damage|p2a: Sylveon|0 fnt
|-damage|p1a: Ragnell|218\/272|[from] item: Life Orb
|faint|p2a: Sylveon
|
|
|switch|p2a: Rotom-Wash|Rotom-Wash|304\/304
|turn|11
|
|move|p1a: Ragnell|Knock Off|p2a: Rotom-Wash
|-damage|p2a: Rotom-Wash|104\/304
|-enditem|p2a: Rotom-Wash|Leftovers|[from] move: Knock Off|[of] p1a: Ragnell
|-damage|p1a: Ragnell|191\/272|[from] item: Life Orb
|move|p2a: Rotom-Wash|Will-O-Wisp|p1a: Ragnell
|-status|p1a: Ragnell|brn
|
|-damage|p1a: Ragnell|157\/272 brn|[from] brn
|turn|12
|
|move|p1a: Ragnell|Knock Off|p2a: Rotom-Wash
|-damage|p2a: Rotom-Wash|36\/304
|-damage|p1a: Ragnell|130\/272 brn|[from] item: Life Orb
|move|p2a: Rotom-Wash|Pain Split|p1a: Ragnell
|-sethp|p1a: Ragnell|83\/272 brn|p2a: Rotom-Wash|83\/304|[from] move: Pain Split
|
|-damage|p1a: Ragnell|49\/272 brn|[from] brn
|turn|13
|
|switch|p2a: Heatran|Heatran, F|159\/385
|move|p1a: Ragnell|Sucker Punch|p2a: Heatran
|-fail|p2a: Heatran
|
|-damage|p1a: Ragnell|15\/272 brn|[from] brn
|turn|14
|
|move|p2a: Heatran|Protect|p2a: Heatran
|-singleturn|p2a: Heatran|Protect
|move|p1a: Ragnell|Iron Head|p2a: Heatran
|-activate|p2a: Heatran|Protect
|
|-damage|p1a: Ragnell|0 fnt|[from] brn
|faint|p1a: Ragnell
|
|switch|p1a: Zero|Gallade, M|278\/278
|turn|15
|
|switch|p2a: Landorus-Therian|Landorus-Therian, M|382\/382
|-ability|p2a: Landorus-Therian|Intimidate|[of] p1a: Zero
|-unboost|p1a: Zero|atk|1
|detailschange|p1a: Zero|Gallade-Mega, M
|-mega|p1a: Zero|Gallade|Galladite
|move|p1a: Zero|Substitute|p1a: Zero
|-start|p1a: Zero|Substitute
|-damage|p1a: Zero|209\/278
|
|turn|16
|
|move|p1a: Zero|Ice Punch|p2a: Landorus-Therian
|-supereffective|p2a: Landorus-Therian
|-damage|p2a: Landorus-Therian|142\/382
|move|p2a: Landorus-Therian|Earthquake|p1a: Zero
|-end|p1a: Zero|Substitute
|
|-heal|p2a: Landorus-Therian|165\/382|[from] item: Leftovers
|turn|17
|
|switch|p2a: Metagross|Metagross-Mega|264\/301 brn
|move|p1a: Zero|Ice Punch|p2a: Metagross
|-resisted|p2a: Metagross
|-damage|p2a: Metagross|241\/301 brn
|
|-damage|p2a: Metagross|204\/301 brn|[from] brn
|turn|18
|
|switch|p1a: Mewt|Mew|285\/404
|move|p2a: Metagross|Zen Headbutt|p1a: Mewt
|-resisted|p1a: Mewt
|-damage|p1a: Mewt|243\/404
|
|-heal|p1a: Mewt|268\/404|[from] item: Leftovers
|-damage|p2a: Metagross|167\/301 brn|[from] brn
|turn|19
|
|switch|p2a: Rotom-Wash|Rotom-Wash|83\/304
|move|p1a: Mewt|Roost|p1a: Mewt
|-heal|p1a: Mewt|404\/404
|
|turn|20
|
|move|p1a: Mewt|Aura Sphere|p2a: Rotom-Wash
|-damage|p2a: Rotom-Wash|33\/304
|move|p2a: Rotom-Wash|Pain Split|p1a: Mewt
|-sethp|p1a: Mewt|218\/404|p2a: Rotom-Wash|218\/304|[from] move: Pain Split
|
|-heal|p1a: Mewt|243\/404|[from] item: Leftovers
|turn|21
|
|switch|p2a: Heatran|Heatran, F|159\/385
|move|p1a: Mewt|Will-O-Wisp|p2a: Heatran
|-start|p2a: Heatran|ability: Flash Fire
|
|-heal|p1a: Mewt|268\/404|[from] item: Leftovers
|turn|22
|
|switch|p1a: Xalama|Garchomp, F|357\/357
|move|p2a: Heatran|Toxic|p1a: Xalama
|-status|p1a: Xalama|tox
|
|-damage|p1a: Xalama|335\/357 tox|[from] psn
|turn|23
|
|move|p2a: Heatran|Protect|p2a: Heatran
|-singleturn|p2a: Heatran|Protect
|move|p1a: Xalama|Earthquake|p2a: Heatran
|-activate|p2a: Heatran|Protect
|
|-damage|p1a: Xalama|291\/357 tox|[from] psn
|turn|24
|
|switch|p2a: Rotom-Wash|Rotom-Wash|218\/304
|move|p1a: Xalama|Swords Dance|p1a: Xalama
|-boost|p1a: Xalama|atk|2
|
|-damage|p1a: Xalama|225\/357 tox|[from] psn
|turn|25
|
|switch|p2a: Landorus-Therian|Landorus-Therian, M|165\/382
|-ability|p2a: Landorus-Therian|Intimidate|[of] p1a: Xalama
|-unboost|p1a: Xalama|atk|1
|move|p1a: Xalama|Dragon Claw|p2a: Landorus-Therian
|-damage|p2a: Landorus-Therian|0 fnt
|-damage|p1a: Xalama|190\/357 tox|[from] item: Life Orb
|faint|p2a: Landorus-Therian
|
|-damage|p1a: Xalama|102\/357 tox|[from] psn
|
|switch|p2a: Latias|Latias, F|301\/301
|turn|26
|
|switch|p1a: Mewt|Mew|268\/404
|move|p2a: Latias|Psyshock|p1a: Mewt
|-resisted|p1a: Mewt
|-damage|p1a: Mewt|200\/404
|-damage|p2a: Latias|271\/301|[from] item: Life Orb
|
|-heal|p1a: Mewt|225\/404|[from] item: Leftovers
|turn|27
|
|switch|p2a: Heatran|Heatran, F|159\/385
|move|p1a: Mewt|Roost|p1a: Mewt
|-heal|p1a: Mewt|404\/404
|
|turn|28
|
|switch|p1a: Xalama|Garchomp, F|102\/357 tox
|move|p2a: Heatran|Lava Plume|p1a: Xalama
|-resisted|p1a: Xalama
|-damage|p1a: Xalama|32\/357 tox
|
|-damage|p1a: Xalama|10\/357 tox|[from] psn
|turn|29
|
|move|p2a: Heatran|Protect|p2a: Heatran
|-singleturn|p2a: Heatran|Protect
|move|p1a: Xalama|Earthquake|p2a: Heatran
|-activate|p2a: Heatran|Protect
|
|-damage|p1a: Xalama|0 fnt|[from] psn
|faint|p1a: Xalama
|
|switch|p1a: Zero|Gallade-Mega, M|209\/278
|turn|30
|
|switch|p2a: Metagross|Metagross-Mega|167\/301 brn
|move|p1a: Zero|Drain Punch|p2a: Metagross
|-damage|p2a: Metagross|50\/301 brn
|-heal|p1a: Zero|268\/278|[from] drain|[of] p2a: Metagross
|
|-damage|p2a: Metagross|13\/301 brn|[from] brn
|turn|31
|
|move|p1a: Zero|Substitute|p1a: Zero
|-start|p1a: Zero|Substitute
|-damage|p1a: Zero|199\/278
|move|p2a: Metagross|Zen Headbutt|p1a: Zero
|-end|p1a: Zero|Substitute
|
|-damage|p2a: Metagross|0 fnt|[from] brn
|faint|p2a: Metagross
|
|switch|p2a: Latias|Latias, F|271\/301
|turn|32
|
|switch|p1a: Mewt|Mew|404\/404
|move|p2a: Latias|Draco Meteor|p1a: Mewt|[miss]
|-miss|p2a: Latias|p1a: Mewt
|
|turn|33
|
|switch|p2a: Heatran|Heatran, F|159\/385
|move|p1a: Mewt|Will-O-Wisp|p2a: Heatran
|-start|p2a: Heatran|ability: Flash Fire
|
|turn|34
|
|move|p1a: Mewt|Aura Sphere|p2a: Heatran
|-supereffective|p2a: Heatran
|-damage|p2a: Heatran|63\/385
|move|p2a: Heatran|Lava Plume|p1a: Mewt
|-crit|p1a: Mewt
|-damage|p1a: Mewt|143\/404
|-status|p1a: Mewt|brn
|
|-heal|p1a: Mewt|168\/404 brn|[from] item: Leftovers
|-damage|p1a: Mewt|118\/404 brn|[from] brn
|turn|35
|c|âSilverbacks|<_<
|c|âSilverbacks|damn
|c|âSilverbacks|XD
|
|move|p2a: Heatran|Protect|p2a: Heatran
|-singleturn|p2a: Heatran|Protect
|move|p1a: Mewt|Aura Sphere|p2a: Heatran
|-activate|p2a: Heatran|Protect
|
|-heal|p1a: Mewt|143\/404 brn|[from] item: Leftovers
|-damage|p1a: Mewt|93\/404 brn|[from] brn
|turn|36
|
|move|p1a: Mewt|Aura Sphere|p2a: Heatran
|-supereffective|p2a: Heatran
|-damage|p2a: Heatran|0 fnt
|faint|p2a: Heatran
|
|-heal|p1a: Mewt|118\/404 brn|[from] item: Leftovers
|-damage|p1a: Mewt|68\/404 brn|[from] brn
|
|switch|p2a: Rotom-Wash|Rotom-Wash|218\/304
|turn|37
|
|move|p1a: Mewt|Roost|p1a: Mewt
|-heal|p1a: Mewt|270\/404 brn
|move|p2a: Rotom-Wash|Hydro Pump|p1a: Mewt
|-damage|p1a: Mewt|126\/404 brn
|
|-heal|p1a: Mewt|151\/404 brn|[from] item: Leftovers
|-damage|p1a: Mewt|101\/404 brn|[from] brn
|turn|38
|
|move|p1a: Mewt|Roost|p1a: Mewt
|-heal|p1a: Mewt|303\/404 brn
|move|p2a: Rotom-Wash|Hydro Pump|p1a: Mewt
|-damage|p1a: Mewt|155\/404 brn
|
|-heal|p1a: Mewt|180\/404 brn|[from] item: Leftovers
|-damage|p1a: Mewt|130\/404 brn|[from] brn
|turn|39
|
|move|p1a: Mewt|Roost|p1a: Mewt
|-heal|p1a: Mewt|332\/404 brn
|move|p2a: Rotom-Wash|Will-O-Wisp|p1a: Mewt
|-fail|p1a: Mewt|brn
|
|-heal|p1a: Mewt|357\/404 brn|[from] item: Leftovers
|-damage|p1a: Mewt|307\/404 brn|[from] brn
|turn|40
|
|move|p1a: Mewt|Will-O-Wisp|p2a: Rotom-Wash
|-status|p2a: Rotom-Wash|brn
|move|p2a: Rotom-Wash|Will-O-Wisp|p1a: Mewt
|-fail|p1a: Mewt|brn
|
|-heal|p1a: Mewt|332\/404 brn|[from] item: Leftovers
|-damage|p1a: Mewt|282\/404 brn|[from] brn
|-damage|p2a: Rotom-Wash|180\/304 brn|[from] brn
|turn|41
|
|move|p1a: Mewt|Aura Sphere|p2a: Rotom-Wash
|-damage|p2a: Rotom-Wash|131\/304 brn
|move|p2a: Rotom-Wash|Pain Split|p1a: Mewt
|-sethp|p1a: Mewt|206\/404 brn|p2a: Rotom-Wash|206\/304 brn|[from] move: Pain Split
|
|-heal|p1a: Mewt|231\/404 brn|[from] item: Leftovers
|-damage|p1a: Mewt|181\/404 brn|[from] brn
|-damage|p2a: Rotom-Wash|168\/304 brn|[from] brn
|turn|42
|join|Murkrow Jupiter
|
|move|p1a: Mewt|Aura Sphere|p2a: Rotom-Wash
|-damage|p2a: Rotom-Wash|116\/304 brn
|move|p2a: Rotom-Wash|Pain Split|p1a: Mewt
|-sethp|p1a: Mewt|148\/404 brn|p2a: Rotom-Wash|148\/304 brn|[from] move: Pain Split
|
|-heal|p1a: Mewt|173\/404 brn|[from] item: Leftovers
|-damage|p1a: Mewt|123\/404 brn|[from] brn
|-damage|p2a: Rotom-Wash|110\/304 brn|[from] brn
|turn|43
|c| Murkrow Jupiter|galade eh
|c| Murkrow Jupiter|sweet
|join|CallumComingthur
|
|move|p1a: Mewt|Roost|p1a: Mewt
|-heal|p1a: Mewt|325\/404 brn
|move|p2a: Rotom-Wash|Pain Split|p1a: Mewt
|-sethp|p1a: Mewt|217\/404 brn|p2a: Rotom-Wash|217\/304 brn|[from] move: Pain Split
|
|-heal|p1a: Mewt|242\/404 brn|[from] item: Leftovers
|-damage|p1a: Mewt|192\/404 brn|[from] brn
|-damage|p2a: Rotom-Wash|179\/304 brn|[from] brn
|turn|44
|c|âSilverbacks|I've been using this suspect to test a lot
|c|âSilverbacks|XD
|
|move|p1a: Mewt|Roost|p1a: Mewt
|-heal|p1a: Mewt|394\/404 brn
|move|p2a: Rotom-Wash|Hydro Pump|p1a: Mewt|[miss]
|-miss|p2a: Rotom-Wash|p1a: Mewt
|
|-heal|p1a: Mewt|404\/404 brn|[from] item: Leftovers
|-damage|p1a: Mewt|354\/404 brn|[from] brn
|-damage|p2a: Rotom-Wash|141\/304 brn|[from] brn
|turn|45
|
|move|p1a: Mewt|Aura Sphere|p2a: Rotom-Wash
|-damage|p2a: Rotom-Wash|95\/304 brn
|move|p2a: Rotom-Wash|Pain Split|p1a: Mewt
|-sethp|p1a: Mewt|224\/404 brn|p2a: Rotom-Wash|224\/304 brn|[from] move: Pain Split
|
|-heal|p1a: Mewt|249\/404 brn|[from] item: Leftovers
|-damage|p1a: Mewt|199\/404 brn|[from] brn
|-damage|p2a: Rotom-Wash|186\/304 brn|[from] brn
|turn|46
|
|move|p1a: Mewt|Aura Sphere|p2a: Rotom-Wash
|-damage|p2a: Rotom-Wash|133\/304 brn
|move|p2a: Rotom-Wash|Hydro Pump|p1a: Mewt
|-damage|p1a: Mewt|67\/404 brn
|
|-heal|p1a: Mewt|92\/404 brn|[from] item: Leftovers
|-damage|p1a: Mewt|42\/404 brn|[from] brn
|-damage|p2a: Rotom-Wash|95\/304 brn|[from] brn
|turn|47
|
|move|p1a: Mewt|Defog|p2a: Rotom-Wash
|-unboost|p2a: Rotom-Wash|evasion|1
|move|p2a: Rotom-Wash|Hydro Pump|p1a: Mewt|[miss]
|-miss|p2a: Rotom-Wash|p1a: Mewt
|
|-heal|p1a: Mewt|67\/404 brn|[from] item: Leftovers
|-damage|p1a: Mewt|17\/404 brn|[from] brn
|-damage|p2a: Rotom-Wash|57\/304 brn|[from] brn
|turn|48
|
|move|p1a: Mewt|Will-O-Wisp|p2a: Rotom-Wash
|-fail|p2a: Rotom-Wash|brn
|move|p2a: Rotom-Wash|Hydro Pump|p1a: Mewt
|-damage|p1a: Mewt|0 fnt
|faint|p1a: Mewt
|
|-damage|p2a: Rotom-Wash|19\/304 brn|[from] brn
|
|switch|p1a: Zero|Gallade-Mega, M|199\/278
|turn|49
|c| Murkrow Jupiter|mega man reference?
|c|âSilverbacks|yeah
|
|move|p1a: Zero|Drain Punch|p2a: Rotom-Wash
|-damage|p2a: Rotom-Wash|0 fnt
|-heal|p1a: Zero|209\/278|[from] drain|[of] p2a: Rotom-Wash
|faint|p2a: Rotom-Wash
|
|c| Murkrow Jupiter|nb
|
|switch|p2a: Latias|Latias, F|271\/301
|turn|50
|c|âSilverbacks|speed tie
|
|move|p2a: Latias|Draco Meteor|p1a: Zero
|-damage|p1a: Zero|0 fnt
|-unboost|p2a: Latias|spa|2
|-damage|p2a: Latias|241\/301|[from] item: Life Orb
|faint|p1a: Zero
|
|win|SLBoss
|raw|Ladder updating...
|raw|Silverbacks's rating: 1351 &rarr; <strong>1330<\/strong><br \/>(-21 for losing)
|raw|SLBoss's rating: 1338 &rarr; <strong>1359<\/strong><br \/>(+21 for winning)