|join|Pn Crd
|join|Silverbacks
|player|p1|Pn Crd|1
|player|p2|Silverbacks|106
|gametype|singles
|gen|6
|tier|OU (suspect test)
|rated
|clearpoke
|poke|p1|Diancie
|poke|p1|Magnezone
|poke|p1|Landorus-Therian, M
|poke|p1|Latias, F
|poke|p1|Heatran, M
|poke|p1|Talonflame, M
|poke|p2|Latias, F
|poke|p2|Azumarill, F
|poke|p2|Azelf
|poke|p2|Mamoswine, M
|poke|p2|Scizor, F
|poke|p2|Talonflame, M
|rule|Swagger Clause: Swagger is banned
|rule|Baton Pass Clause: Limit one PokÃ©mon knowing Baton Pass
|rule|Sleep Clause Mod: Limit one foe put to sleep
|rule|Species Clause: Limit one of each PokÃ©mon
|rule|OHKO Clause: OHKO moves are banned
|rule|Moody Clause: Moody is banned
|rule|Evasion Moves Clause: Evasion moves are banned
|rule|Endless Battle Clause: Forcing endless battles is banned
|rule|HP Percentage Mod: HP is shown in percentages
|teampreview
|
|start
|switch|p1a: Diancie|Diancie|241\/241
|switch|p2a: Bud|Azumarill, F|404\/404
|turn|1
|
|switch|p1a: Magnezone|Magnezone|281\/281
|move|p2a: Bud|Waterfall|p1a: Magnezone
|-damage|p1a: Magnezone|134\/281
|
|turn|2
|
|switch|p2a: Tusk|Mamoswine, M|361\/361
|move|p1a: Magnezone|Flash Cannon|p2a: Tusk
|-supereffective|p2a: Tusk
|-damage|p2a: Tusk|0 fnt
|faint|p2a: Tusk
|
|
|switch|p2a: Tsubaki|Scizor, F|311\/311
|turn|3
|
|switch|p1a: Landorus-Therian|Landorus-Therian, M|320\/320
|-ability|p1a: Landorus-Therian|Intimidate|[of] p2a: Tsubaki
|-unboost|p2a: Tsubaki|atk|1
|move|p2a: Tsubaki|Swords Dance|p2a: Tsubaki
|-boost|p2a: Tsubaki|atk|2
|
|turn|4
|join|Arcanine is Regal
|
|move|p2a: Tsubaki|Bullet Punch|p1a: Landorus-Therian
|-damage|p1a: Landorus-Therian|90\/320
|-damage|p2a: Tsubaki|280\/311|[from] item: Life Orb
|move|p1a: Landorus-Therian|Earthquake|p2a: Tsubaki
|-crit|p2a: Tsubaki
|-damage|p2a: Tsubaki|0 fnt
|faint|p2a: Tsubaki
|
|join|Ken Valbrandur
|join|Albacore
|
|switch|p2a: Kamikaze|Azelf|291\/291
|turn|5
|
|switch|p1a: Heatran|Heatran, M|386\/386
|move|p2a: Kamikaze|Stealth Rock|p1a: Heatran
|-sidestart|p1: Pn Crd|move: Stealth Rock
|
|turn|6
|
|move|p2a: Kamikaze|Taunt|p1a: Heatran
|-start|p1a: Heatran|move: Taunt
|move|p1a: Heatran|Lava Plume|p2a: Kamikaze
|-damage|p2a: Kamikaze|111\/291
|
|turn|7
|
|move|p2a: Kamikaze|Explosion|p1a: Heatran
|-resisted|p1a: Heatran
|-damage|p1a: Heatran|247\/386
|faint|p2a: Kamikaze
|move|p1a: Heatran|Lava Plume|p2: Kamikaze|[notarget]
|-notarget
|
|-heal|p1a: Heatran|271\/386|[from] item: Leftovers
|
|switch|p2a: Bud|Azumarill, F|404\/404
|turn|8
|join|Escavalier
|
|move|p1a: Heatran|Lava Plume|p2a: Bud
|-resisted|p2a: Bud
|-damage|p2a: Bud|354\/404
|move|p2a: Bud|Waterfall|p1a: Heatran
|-supereffective|p1a: Heatran
|-damage|p1a: Heatran|0 fnt
|faint|p1a: Heatran
|
|
|switch|p1a: Landorus-Therian|Landorus-Therian, M|90\/320
|-damage|p1a: Landorus-Therian|50\/320|[from] Stealth Rock
|-ability|p1a: Landorus-Therian|Intimidate|[of] p2a: Bud
|-unboost|p2a: Bud|atk|1
|turn|9
|
|move|p2a: Bud|Aqua Jet|p1a: Landorus-Therian
|-supereffective|p1a: Landorus-Therian
|-damage|p1a: Landorus-Therian|0 fnt
|faint|p1a: Landorus-Therian
|
|join|The TurtleLard
|
|switch|p1a: Magnezone|Magnezone|134\/281
|-damage|p1a: Magnezone|117\/281|[from] Stealth Rock
|turn|10
|
|switch|p2a: Throwback|Latias, F|364\/364
|move|p1a: Magnezone|Volt Switch|p2a: Throwback
|-resisted|p2a: Throwback
|-damage|p2a: Throwback|288\/364
|
|switch|p1a: Diancie|Diancie|241\/241
|-damage|p1a: Diancie|211\/241|[from] Stealth Rock
|
|turn|11
|
|switch|p2a: Wright|Talonflame, M|329\/329
|move|p1a: Diancie|Moonblast|p2a: Wright
|-resisted|p2a: Wright
|-damage|p2a: Wright|241\/329
|-unboost|p2a: Wright|spa|1
|
|turn|12
|
|move|p2a: Wright|Acrobatics|p1a: Diancie
|-resisted|p1a: Diancie
|-damage|p1a: Diancie|160\/241
|move|p1a: Diancie|Diamond Storm|p2a: Wright
|-supereffective|p2a: Wright
|-damage|p2a: Wright|0 fnt
|-boost|p1a: Diancie|def|1
|faint|p2a: Wright
|
|leave|Ken Valbrandur
|
|switch|p2a: Bud|Azumarill, F|354\/404
|turn|13
|
|detailschange|p1a: Diancie|Diancie-Mega
|-mega|p1a: Diancie|Diancie|Diancite
|move|p1a: Diancie|Moonblast|p2a: Bud
|-damage|p2a: Bud|207\/404
|move|p2a: Bud|Waterfall|p1a: Diancie
|-supereffective|p1a: Diancie
|-damage|p1a: Diancie|0 fnt
|faint|p1a: Diancie
|
|
|switch|p1a: Latias|Latias, F|302\/302
|-damage|p1a: Latias|265\/302|[from] Stealth Rock
|turn|14
|
|move|p1a: Latias|Psyshock|p2a: Bud
|-damage|p2a: Bud|24\/404
|-damage|p1a: Latias|235\/302|[from] item: Life Orb
|move|p2a: Bud|Play Rough|p1a: Latias
|-supereffective|p1a: Latias
|-damage|p1a: Latias|0 fnt
|faint|p1a: Latias
|
|
|switch|p1a: Talonflame|Talonflame, M|359\/359
|-damage|p1a: Talonflame|180\/359|[from] Stealth Rock
|turn|15
|
|move|p1a: Talonflame|Brave Bird|p2a: Bud
|-damage|p2a: Bud|0 fnt
|-damage|p1a: Talonflame|172\/359|[from] recoil|[of] p2a: Bud
|faint|p2a: Bud
|
|-heal|p1a: Talonflame|194\/359|[from] item: Leftovers
|join|Venancio12
|
|switch|p2a: Throwback|Latias, F|288\/364
|turn|16
|
|detailschange|p2a: Throwback|Latias-Mega, F
|-mega|p2a: Throwback|Latias|Latiasite
|move|p1a: Talonflame|Roost|p1a: Talonflame
|-heal|p1a: Talonflame|359\/359
|move|p2a: Throwback|Calm Mind|p2a: Throwback
|-boost|p2a: Throwback|spa|1
|-boost|p2a: Throwback|spd|1
|
|turn|17
|
|move|p1a: Talonflame|Swords Dance|p1a: Talonflame
|-boost|p1a: Talonflame|atk|2
|move|p2a: Throwback|Dragon Pulse|p1a: Talonflame
|-damage|p1a: Talonflame|184\/359
|
|-heal|p1a: Talonflame|206\/359|[from] item: Leftovers
|turn|18
|
|move|p1a: Talonflame|Swords Dance|p1a: Talonflame
|-boost|p1a: Talonflame|atk|2
|move|p2a: Throwback|Dragon Pulse|p1a: Talonflame
|-damage|p1a: Talonflame|31\/359
|
|-heal|p1a: Talonflame|53\/359|[from] item: Leftovers
|turn|19
|
|move|p1a: Talonflame|Roost|p1a: Talonflame
|-heal|p1a: Talonflame|233\/359
|move|p2a: Throwback|Recover|p2a: Throwback
|-heal|p2a: Throwback|364\/364
|
|-heal|p1a: Talonflame|255\/359|[from] item: Leftovers
|turn|20
|join|Yuttt.ninja
|
|move|p1a: Talonflame|Will-O-Wisp|p2a: Throwback
|-status|p2a: Throwback|brn
|move|p2a: Throwback|Calm Mind|p2a: Throwback
|-boost|p2a: Throwback|spa|1
|-boost|p2a: Throwback|spd|1
|
|-heal|p1a: Talonflame|277\/359|[from] item: Leftovers
|-damage|p2a: Throwback|319\/364 brn|[from] brn
|turn|21
|
|move|p1a: Talonflame|Roost|p1a: Talonflame
|-heal|p1a: Talonflame|359\/359
|move|p2a: Throwback|Stored Power|p1a: Talonflame
|-damage|p1a: Talonflame|50\/359
|
|-heal|p1a: Talonflame|72\/359|[from] item: Leftovers
|-damage|p2a: Throwback|274\/364 brn|[from] brn
|turn|22
|
|move|p1a: Talonflame|Brave Bird|p2a: Throwback
|-damage|p2a: Throwback|37\/364 brn
|-damage|p1a: Talonflame|0 fnt|[from] recoil|[of] p2a: Throwback
|faint|p1a: Talonflame
|move|p2a: Throwback|Recover|p2a: Throwback
|-heal|p2a: Throwback|219\/364 brn
|
|-damage|p2a: Throwback|174\/364 brn|[from] brn
|
|switch|p1a: Magnezone|Magnezone|117\/281
|-damage|p1a: Magnezone|100\/281|[from] Stealth Rock
|turn|23
|c| Arcanine is Regal|lol
|
|move|p2a: Throwback|Stored Power|p1a: Magnezone
|-resisted|p1a: Magnezone
|-damage|p1a: Magnezone|0 fnt
|faint|p1a: Magnezone
|
|win|Silverbacks
|raw|Ladder updating...
|raw|Pn Crd's rating: 1339 &rarr; <strong>1327<\/strong><br \/>(-12 for losing)
|raw|Silverbacks's rating: 1497 &rarr; <strong>1508<\/strong><br \/>(+11 for winning)
|c| Venancio12|dude, you just threw the game?
|c|âPn Crd|gg
|c| Venancio12|you threw
|leave|Yuttt.ninja
|leave|Escavalier
|leave|Pn Crd
|player|p1
|leave|Arcanine is Regal
|leave|The TurtleLord
|leave|Albacore
|join|The TurtleLord
|leave|The TurtleLord