|join|Silverbacks
|join|Navi987
|player|p1|Silverbacks|106
|player|p2|Navi987|266
|gametype|singles
|gen|6
|tier|OU (suspect test)
|rated
|clearpoke
|poke|p1|Landorus-Therian, M
|poke|p1|Gardevoir, F, shiny
|poke|p1|Ferrothorn, M
|poke|p1|Kyurem-Black
|poke|p1|Terrakion
|poke|p1|Tentacruel, F
|poke|p2|Heliolisk, F
|poke|p2|Talonflame, M
|poke|p2|Mandibuzz, F
|poke|p2|Sceptile, M
|poke|p2|Cobalion
|poke|p2|Cofagrigus, M
|rule|Swagger Clause: Swagger is banned
|rule|Baton Pass Clause: Limit one PokÃ©mon knowing Baton Pass
|rule|Sleep Clause Mod: Limit one foe put to sleep
|rule|Species Clause: Limit one of each PokÃ©mon
|rule|OHKO Clause: OHKO moves are banned
|rule|Moody Clause: Moody is banned
|rule|Evasion Moves Clause: Evasion moves are banned
|rule|Endless Battle Clause: Forcing endless battles is banned
|rule|HP Percentage Mod: HP is shown in percentages
|teampreview
|
|start
|switch|p1a: Landorus-Therian|Landorus-Therian, M|382\/382
|switch|p2a: Mandibuzz|Mandibuzz, F|420\/420
|-ability|p1a: Landorus-Therian|Intimidate|[of] p2a: Mandibuzz
|-unboost|p2a: Mandibuzz|atk|1
|turn|1
|
|move|p1a: Landorus-Therian|Stealth Rock|p2a: Mandibuzz
|-sidestart|p2: Navi987|move: Stealth Rock
|move|p2a: Mandibuzz|Toxic|p1a: Landorus-Therian
|-status|p1a: Landorus-Therian|tox
|
|-damage|p1a: Landorus-Therian|359\/382 tox|[from] psn
|turn|2
|
|move|p1a: Landorus-Therian|U-turn|p2a: Mandibuzz
|-damage|p2a: Mandibuzz|354\/420
|-damage|p1a: Landorus-Therian|296\/382 tox|[from] item: Rocky Helmet|[of] p2a: Mandibuzz
|
|switch|p1a: Shreket|Kyurem-Black|391\/391
|-ability|p1a: Shreket|Teravolt
|move|p2a: Mandibuzz|Defog|p1a: Shreket
|-unboost|p1a: Shreket|evasion|1
|-sideend|p2: Navi987|Stealth Rock|[from] move: Defog|[of] p2a: Mandibuzz
|
|turn|3
|
|switch|p2a: Cobalion|Cobalion|330\/330
|move|p1a: Shreket|Substitute|p1a: Shreket
|-start|p1a: Shreket|Substitute
|-damage|p1a: Shreket|294\/391
|
|-heal|p1a: Shreket|318\/391|[from] item: Leftovers
|turn|4
|
|move|p2a: Cobalion|Stealth Rock|p1a: Shreket
|-sidestart|p1: Silverbacks|move: Stealth Rock
|move|p1a: Shreket|Earth Power|p2a: Cobalion
|-supereffective|p2a: Cobalion
|-damage|p2a: Cobalion|64\/330
|
|-heal|p1a: Shreket|342\/391|[from] item: Leftovers
|turn|5
|
|move|p2a: Cobalion|Iron Head|p1a: Shreket
|-supereffective|p1a: Shreket
|-end|p1a: Shreket|Substitute
|move|p1a: Shreket|Substitute|p1a: Shreket
|-start|p1a: Shreket|Substitute
|-damage|p1a: Shreket|245\/391
|
|-heal|p1a: Shreket|269\/391|[from] item: Leftovers
|turn|6
|
|move|p2a: Cobalion|Iron Head|p1a: Shreket
|-supereffective|p1a: Shreket
|-end|p1a: Shreket|Substitute
|move|p1a: Shreket|Earth Power|p2a: Cobalion
|-supereffective|p2a: Cobalion
|-damage|p2a: Cobalion|0 fnt
|faint|p2a: Cobalion
|
|-heal|p1a: Shreket|293\/391|[from] item: Leftovers
|
|switch|p2a: Fag|Cofagrigus, M|320\/320
|turn|7
|
|switch|p1a: Landorus-Therian|Landorus-Therian, M|296\/382 tox
|-damage|p1a: Landorus-Therian|249\/382 tox|[from] Stealth Rock
|-ability|p1a: Landorus-Therian|Intimidate|[of] p2a: Fag
|-unboost|p2a: Fag|atk|1
|move|p2a: Fag|Will-O-Wisp|p1a: Landorus-Therian|[miss]
|-miss|p2a: Fag|p1a: Landorus-Therian
|
|-heal|p1a: Landorus-Therian|272\/382 tox|[from] item: Leftovers
|-damage|p1a: Landorus-Therian|249\/382 tox|[from] psn
|turn|8
|
|move|p1a: Landorus-Therian|Stealth Rock|p2a: Fag
|-sidestart|p2: Navi987|move: Stealth Rock
|move|p2a: Fag|Mean Look|p1a: Landorus-Therian
|-activate|p1a: Landorus-Therian|trapped
|
|-heal|p1a: Landorus-Therian|272\/382 tox|[from] item: Leftovers
|-damage|p1a: Landorus-Therian|226\/382 tox|[from] psn
|turn|9
|
|move|p1a: Landorus-Therian|U-turn|p2a: Fag
|-resisted|p2a: Fag
|-damage|p2a: Fag|293\/320
|-endability|p1a: Landorus-Therian|intimidate|[from] Mummy
|-ability|p1a: Landorus-Therian|Mummy|[from] Mummy
|
|switch|p1a: Tentacruel|Tentacruel, F|364\/364
|-damage|p1a: Tentacruel|319\/364|[from] Stealth Rock
|move|p2a: Fag|Curse|p1a: Tentacruel
|-start|p1a: Tentacruel|Curse|[of] p2a: Fag
|-damage|p2a: Fag|133\/320
|
|-heal|p1a: Tentacruel|341\/364|[from] item: Leftovers
|-heal|p2a: Fag|153\/320|[from] item: Leftovers
|-damage|p1a: Tentacruel|250\/364|[from] Curse
|turn|10
|
|switch|p1a: Titania|Gardevoir, F, shiny|278\/278
|-damage|p1a: Titania|244\/278|[from] Stealth Rock
|-ability|p1a: Titania|Mummy|[from] ability: Trace|[of] p2a: Fag
|move|p2a: Fag|Mean Look|p1a: Titania
|-activate|p1a: Titania|trapped
|
|-heal|p2a: Fag|173\/320|[from] item: Leftovers
|turn|11
|
|detailschange|p1a: Titania|Gardevoir-Mega, F, shiny
|-mega|p1a: Titania|Gardevoir|Gardevoirite
|move|p1a: Titania|Hyper Voice|p2a: Fag
|-damage|p2a: Fag|0 fnt
|faint|p2a: Fag
|
|
|switch|p2a: Douchebird|Talonflame, M|300\/300
|-damage|p2a: Douchebird|150\/300|[from] Stealth Rock
|turn|12
|
|switch|p1a: Landorus-Therian|Landorus-Therian, M|226\/382 tox
|-damage|p1a: Landorus-Therian|179\/382 tox|[from] Stealth Rock
|-ability|p1a: Landorus-Therian|Intimidate|[of] p2a: Douchebird
|-unboost|p2a: Douchebird|atk|1
|move|p2a: Douchebird|Roost|p2a: Douchebird
|-heal|p2a: Douchebird|300\/300
|
|-heal|p1a: Landorus-Therian|202\/382 tox|[from] item: Leftovers
|-damage|p1a: Landorus-Therian|179\/382 tox|[from] psn
|turn|13
|
|switch|p2a: Mandibuzz|Mandibuzz, F|354\/420
|-damage|p2a: Mandibuzz|249\/420|[from] Stealth Rock
|move|p1a: Landorus-Therian|Stone Edge|p2a: Mandibuzz
|-supereffective|p2a: Mandibuzz
|-damage|p2a: Mandibuzz|75\/420
|
|-heal|p1a: Landorus-Therian|202\/382 tox|[from] item: Leftovers
|-damage|p1a: Landorus-Therian|156\/382 tox|[from] psn
|turn|14
|
|move|p1a: Landorus-Therian|Stone Edge|p2a: Mandibuzz
|-supereffective|p2a: Mandibuzz
|-damage|p2a: Mandibuzz|0 fnt
|faint|p2a: Mandibuzz
|
|-heal|p1a: Landorus-Therian|179\/382 tox|[from] item: Leftovers
|-damage|p1a: Landorus-Therian|110\/382 tox|[from] psn
|
|switch|p2a: Tailrape|Sceptile, M|290\/290
|-damage|p2a: Tailrape|254\/290|[from] Stealth Rock
|turn|15
|
|detailschange|p2a: Tailrape|Sceptile-Mega, M
|-mega|p2a: Tailrape|Sceptile|Sceptilite
|move|p2a: Tailrape|Giga Drain|p1a: Landorus-Therian
|-damage|p1a: Landorus-Therian|0 fnt
|-heal|p2a: Tailrape|290\/290|[from] drain|[of] p1a: Landorus-Therian
|faint|p1a: Landorus-Therian
|
|
|switch|p1a: Tentacruel|Tentacruel, F|250\/364
|-damage|p1a: Tentacruel|205\/364|[from] Stealth Rock
|turn|16
|
|move|p2a: Tailrape|Earthquake|p1a: Tentacruel
|-supereffective|p1a: Tentacruel
|-damage|p1a: Tentacruel|0 fnt
|faint|p1a: Tentacruel
|
|c|âSilverbacks|O_O
|c|âSilverbacks|ok
|
|switch|p1a: Prankster|Ferrothorn, M|352\/352
|-damage|p1a: Prankster|330\/352|[from] Stealth Rock
|turn|17
|
|move|p2a: Tailrape|Hidden Power|p1a: Prankster
|-supereffective|p1a: Prankster
|-damage|p1a: Prankster|102\/352
|move|p1a: Prankster|Gyro Ball|p2a: Tailrape
|-damage|p2a: Tailrape|91\/290
|
|turn|18
|c|âSilverbacks|man im getting wrecked by that thing
|
|move|p2a: Tailrape|Hidden Power|p1a: Prankster
|-supereffective|p1a: Prankster
|-damage|p1a: Prankster|0 fnt
|faint|p1a: Prankster
|
|
|switch|p1a: Titania|Gardevoir-Mega, F, shiny|244\/278
|-damage|p1a: Titania|210\/278|[from] Stealth Rock
|turn|19
|c|âSilverbacks|is that hp fire
|c|âNavi987|now I'm gonna get rekt lol
|c|âNavi987|yeah
|
|move|p2a: Tailrape|Giga Drain|p1a: Titania
|-damage|p1a: Titania|96\/278
|-heal|p2a: Tailrape|148\/290|[from] drain|[of] p1a: Titania
|move|p1a: Titania|Hyper Voice|p2a: Tailrape
|-supereffective|p2a: Tailrape
|-damage|p2a: Tailrape|0 fnt
|faint|p2a: Tailrape
|
|
|switch|p2a: Douchebird|Talonflame, M|300\/300
|-damage|p2a: Douchebird|150\/300|[from] Stealth Rock
|turn|20
|
|move|p2a: Douchebird|Roost|p2a: Douchebird
|-heal|p2a: Douchebird|300\/300
|move|p1a: Titania|Psyshock|p2a: Douchebird
|-damage|p2a: Douchebird|71\/300
|
|-heal|p2a: Douchebird|89\/300|[from] item: Leftovers
|turn|21
|
|move|p2a: Douchebird|Brave Bird|p1a: Titania
|-damage|p1a: Titania|0 fnt
|-damage|p2a: Douchebird|57\/300|[from] recoil|[of] p1a: Titania
|faint|p1a: Titania
|
|-heal|p2a: Douchebird|75\/300|[from] item: Leftovers
|
|switch|p1a: Romans|Terrakion|324\/324
|-damage|p1a: Romans|304\/324|[from] Stealth Rock
|turn|22
|
|move|p2a: Douchebird|Brave Bird|p1a: Romans
|-damage|p1a: Romans|144\/324
|-damage|p2a: Douchebird|22\/300|[from] recoil|[of] p1a: Romans
|move|p1a: Romans|Close Combat|p2a: Douchebird
|-resisted|p2a: Douchebird
|-damage|p2a: Douchebird|0 fnt
|-unboost|p1a: Romans|def|1
|-unboost|p1a: Romans|spd|1
|faint|p2a: Douchebird
|
|
|switch|p2a: Livewire|Heliolisk, F|270\/270
|-damage|p2a: Livewire|237\/270|[from] Stealth Rock
|turn|23
|
|move|p2a: Livewire|Focus Blast|p1a: Romans
|-supereffective|p1a: Romans
|-damage|p1a: Romans|0 fnt
|faint|p1a: Romans
|
|c|âSilverbacks|O_O
|
|switch|p1a: Shreket|Kyurem-Black|293\/391
|-damage|p1a: Shreket|196\/391|[from] Stealth Rock
|-ability|p1a: Shreket|Teravolt
|turn|24
|c|âSilverbacks|focus miss
|
|move|p2a: Livewire|Focus Blast|p1a: Shreket|[miss]
|-miss|p2a: Livewire|p1a: Shreket
|move|p1a: Shreket|Earth Power|p2a: Livewire
|-supereffective|p2a: Livewire
|-damage|p2a: Livewire|33\/270
|
|-heal|p1a: Shreket|220\/391|[from] item: Leftovers
|turn|25
|
|move|p2a: Livewire|Focus Blast|p1a: Shreket
|-supereffective|p1a: Shreket
|-damage|p1a: Shreket|0 fnt
|faint|p1a: Shreket
|
|win|Navi987
|raw|Ladder updating...
|raw|Silverbacks's rating: 1344 &rarr; <strong>1317<\/strong><br \/>(-27 for losing)
|raw|Navi987's rating: 1222 &rarr; <strong>1255<\/strong><br \/>(+33 for winning)
|c|âSilverbacks|yeah gg
|c|âNavi987|gg
|leave|Silverbacks
|player|p1