|join|Aka DH
|join|lil manaphy
|player|p1|Aka DH|1
|player|p2|lil manaphy|272
|gametype|singles
|gen|6
|tier|OU
|rated
|clearpoke
|poke|p1|Bisharp, F
|poke|p1|Venusaur, M
|poke|p1|Heatran, M
|poke|p1|Keldeo
|poke|p1|Chansey, F
|poke|p1|Skarmory, F
|poke|p2|Lopunny, F
|poke|p2|Manaphy
|poke|p2|Scizor, F
|poke|p2|Celebi
|poke|p2|Heatran, F
|poke|p2|Mandibuzz, F
|rule|Swagger Clause: Swagger is banned
|rule|Baton Pass Clause: Limit one PokÃ©mon knowing Baton Pass
|rule|Sleep Clause Mod: Limit one foe put to sleep
|rule|Species Clause: Limit one of each PokÃ©mon
|rule|OHKO Clause: OHKO moves are banned
|rule|Moody Clause: Moody is banned
|rule|Evasion Moves Clause: Evasion moves are banned
|rule|Endless Battle Clause: Forcing endless battles is banned
|rule|HP Percentage Mod: HP is shown in percentages
|teampreview
|
|start
|switch|p1a: Venusaur|Venusaur, M|364\/364
|switch|p2a: still bigger than|Manaphy|341\/341
|turn|1
|
|switch|p2a: bean curd puff|Heatran, F|386\/386
|detailschange|p1a: Venusaur|Venusaur-Mega, M
|-mega|p1a: Venusaur|Venusaur|Venusaurite
|move|p1a: Venusaur|Giga Drain|p2a: bean curd puff
|-resisted|p2a: bean curd puff
|-damage|p2a: bean curd puff|368\/386
|
|-heal|p2a: bean curd puff|386\/386|[from] item: Leftovers
|turn|2
|
|switch|p1a: Keldeo|Keldeo|323\/323
|move|p2a: bean curd puff|Stealth Rock|p1a: Keldeo
|-sidestart|p1: Aka DH|move: Stealth Rock
|
|turn|3
|
|switch|p1a: Bisharp|Bisharp, F|334\/334
|-damage|p1a: Bisharp|314\/334|[from] Stealth Rock
|switch|p2a: just my onion|Celebi|404\/404
|
|-heal|p1a: Bisharp|334\/334|[from] item: Leftovers
|turn|4
|
|move|p2a: just my onion|Baton Pass|p2a: just my onion
|
|switch|p2a: im walling everyth|Mandibuzz, F|423\/423
|move|p1a: Bisharp|Knock Off|p2a: im walling everyth
|-resisted|p2a: im walling everyth
|-damage|p2a: im walling everyth|356\/423
|-damage|p1a: Bisharp|279\/334|[from] item: Rocky Helmet|[of] p2a: im walling everyth
|-enditem|p2a: im walling everyth|Rocky Helmet|[from] move: Knock Off|[of] p1a: Bisharp
|
|-heal|p1a: Bisharp|299\/334|[from] item: Leftovers
|turn|5
|
|move|p2a: im walling everyth|Foul Play|p1a: Bisharp
|-resisted|p1a: Bisharp
|-damage|p1a: Bisharp|207\/334
|move|p1a: Bisharp|Iron Head|p2a: im walling everyth
|-damage|p2a: im walling everyth|244\/423
|
|-heal|p1a: Bisharp|227\/334|[from] item: Leftovers
|turn|6
|
|switch|p1a: Heatran|Heatran, M|340\/340
|-damage|p1a: Heatran|298\/340|[from] Stealth Rock
|-item|p1a: Heatran|Air Balloon
|move|p2a: im walling everyth|Roost|p2a: im walling everyth
|-heal|p2a: im walling everyth|423\/423
|
|turn|7
|
|switch|p2a: still bigger than|Manaphy|341\/341
|move|p1a: Heatran|Stealth Rock|p2a: still bigger than
|-sidestart|p2: lil manaphy|move: Stealth Rock
|
|turn|8
|
|switch|p1a: Venusaur|Venusaur-Mega, M|364\/364
|-damage|p1a: Venusaur|319\/364|[from] Stealth Rock
|move|p2a: still bigger than|Tail Glow|p2a: still bigger than
|-boost|p2a: still bigger than|spa|3
|
|turn|9
|
|switch|p1a: Bisharp|Bisharp, F|227\/334
|-damage|p1a: Bisharp|207\/334|[from] Stealth Rock
|move|p2a: still bigger than|Psychic|p1a: Bisharp
|-immune|p1a: Bisharp|[msg]
|
|-heal|p1a: Bisharp|227\/334|[from] item: Leftovers
|turn|10
|
|switch|p1a: Chansey|Chansey, F|684\/684
|-damage|p1a: Chansey|599\/684|[from] Stealth Rock
|move|p2a: still bigger than|Scald|p1a: Chansey
|-damage|p1a: Chansey|409\/684
|-status|p1a: Chansey|brn
|
|-damage|p1a: Chansey|324\/684 brn|[from] brn
|turn|11
|
|move|p2a: still bigger than|Rain Dance|p2a: still bigger than
|-weather|RainDance
|move|p1a: Chansey|Seismic Toss|p2a: still bigger than
|-damage|p2a: still bigger than|241\/341
|
|-weather|RainDance|[upkeep]
|-heal|p2a: still bigger than|262\/341|[from] item: Leftovers
|-damage|p1a: Chansey|239\/684 brn|[from] brn
|turn|12
|
|move|p2a: still bigger than|Scald|p1a: Chansey
|-damage|p1a: Chansey|0 fnt
|faint|p1a: Chansey
|
|-weather|RainDance|[upkeep]
|-heal|p2a: still bigger than|283\/341|[from] item: Leftovers
|join|Cienight
|
|switch|p1a: Keldeo|Keldeo|323\/323
|-damage|p1a: Keldeo|303\/323|[from] Stealth Rock
|turn|13
|
|move|p1a: Keldeo|Calm Mind|p1a: Keldeo
|-boost|p1a: Keldeo|spa|1
|-boost|p1a: Keldeo|spd|1
|move|p2a: still bigger than|Psychic|p1a: Keldeo
|-supereffective|p1a: Keldeo
|-damage|p1a: Keldeo|0 fnt
|faint|p1a: Keldeo
|
|-weather|RainDance|[upkeep]
|-heal|p2a: still bigger than|304\/341|[from] item: Leftovers
|c|âlil manaphy|gg
|c| Cienight|manaphy coming thluuu
|-message|Aka DH forfeited.
|leave|Aka DH
|
|win|lil manaphy
|raw|Ladder updating...
|player|p1