|join|Aka DH
|join|360 slowpoke
|player|p1|Aka DH|68
|player|p2|360 slowpoke|218
|gametype|singles
|gen|6
|tier|OU
|clearpoke
|poke|p1|Bisharp, F
|poke|p1|Venusaur, F
|poke|p1|Heatran, F
|poke|p1|Keldeo
|poke|p1|Chansey, F
|poke|p1|Skarmory, M
|poke|p2|Landorus-Therian, M
|poke|p2|Mew
|poke|p2|Gardevoir, M
|poke|p2|Rotom-Wash
|poke|p2|Keldeo
|poke|p2|Ferrothorn, F
|rule|Swagger Clause: Swagger is banned
|rule|Baton Pass Clause: Limit one PokÃ©mon knowing Baton Pass
|rule|Sleep Clause Mod: Limit one foe put to sleep
|rule|Species Clause: Limit one of each PokÃ©mon
|rule|OHKO Clause: OHKO moves are banned
|rule|Moody Clause: Moody is banned
|rule|Evasion Moves Clause: Evasion moves are banned
|rule|Endless Battle Clause: Forcing endless battles is banned
|rule|HP Percentage Mod: HP is shown in percentages
|teampreview
|join|LUSTY LEDDIT
|c| LUSTY LEDDIT|go aka dh!
|c|âAka DH|welcome lusty
|
|start
|switch|p1a: Heatran|Heatran, F|340\/340
|switch|p2a: Landorus-Therian|Landorus-Therian, M|326\/326
|-ability|p2a: Landorus-Therian|Intimidate|[of] p1a: Heatran
|-unboost|p1a: Heatran|atk|1
|-item|p1a: Heatran|Air Balloon
|turn|1
|c|â360 slowpoke|lol y u no like me
|
|move|p2a: Landorus-Therian|U-turn|p1a: Heatran
|-resisted|p1a: Heatran
|-damage|p1a: Heatran|323\/340
|-enditem|p1a: Heatran|Air Balloon
|
|switch|p2a: Keldeo|Keldeo|323\/323
|move|p1a: Heatran|Stealth Rock|p2a: Keldeo
|-sidestart|p2: 360 slowpoke|move: Stealth Rock
|
|turn|2
|
|switch|p1a: Venusaur|Venusaur, F|364\/364
|move|p2a: Keldeo|Scald|p1a: Venusaur
|-resisted|p1a: Venusaur
|-damage|p1a: Venusaur|259\/364
|-status|p1a: Venusaur|brn
|
|-damage|p1a: Venusaur|214\/364 brn|[from] brn
|turn|3
|
|switch|p2a: Ferrothorn|Ferrothorn, F|352\/352
|-damage|p2a: Ferrothorn|330\/352|[from] Stealth Rock
|detailschange|p1a: Venusaur|Venusaur-Mega, F
|-mega|p1a: Venusaur|Venusaur|Venusaurite
|move|p1a: Venusaur|Synthesis|p1a: Venusaur
|-heal|p1a: Venusaur|364\/364 brn
|
|-heal|p2a: Ferrothorn|352\/352|[from] item: Leftovers
|-damage|p1a: Venusaur|319\/364 brn|[from] brn
|turn|4
|join|CleanerThanRotom-W
|join|Appreciation
|
|switch|p1a: Bisharp|Bisharp, F|334\/334
|move|p2a: Ferrothorn|Stealth Rock|p1a: Bisharp
|-sidestart|p1: Aka DH|move: Stealth Rock
|
|turn|5
|c| LUSTY LEDDIT|welcome trice
|c| LUSTY LEDDIT|welcome nerd
|c| Appreciation|âAka DH: LOL
|
|move|p1a: Bisharp|Knock Off|p2a: Ferrothorn
|-damage|p2a: Ferrothorn|219\/352
|-damage|p1a: Bisharp|293\/334|[from] ability: Iron Barbs|[of] p2a: Ferrothorn
|-enditem|p2a: Ferrothorn|Leftovers|[from] move: Knock Off|[of] p1a: Bisharp
|move|p2a: Ferrothorn|Leech Seed|p1a: Bisharp
|-start|p1a: Bisharp|move: Leech Seed
|
|-heal|p1a: Bisharp|313\/334|[from] item: Leftovers
|-damage|p1a: Bisharp|272\/334|[from] Leech Seed|[of] p2a: Ferrothorn
|-heal|p2a: Ferrothorn|260\/352|[silent]
|turn|6
|c|âAka DH|LOL
|c| CleanerThanRotom-W|hello aka dh
|join|altei
|c| CleanerThanRotom-W|nice team u have
|
|switch|p1a: Skarmory|Skarmory, M|334\/334
|-damage|p1a: Skarmory|293\/334|[from] Stealth Rock
|move|p2a: Ferrothorn|Protect|p2a: Ferrothorn
|-fail|p2a: Ferrothorn
|
|turn|7
|c|â360 slowpoke|y so many join ?!?
|c| Appreciation|youre famous
|c| Appreciation|i love your team
|c| Appreciation|did you build it yourself?
|
|move|p1a: Skarmory|Spikes|p2a: Ferrothorn
|-sidestart|p2: 360 slowpoke|Spikes
|move|p2a: Ferrothorn|Leech Seed|p1a: Skarmory|[miss]
|-miss|p2a: Ferrothorn|p1a: Skarmory
|
|turn|8
|c|â360 slowpoke|lol who?
|c|âAka DH|you
|c| Appreciation|you of course
|c| CleanerThanRotom-W|we wanted to ladder together
|c|â360 slowpoke|i used other ppls sets, my own combo of them tho
|c| CleanerThanRotom-W|and u join tour
|c| CleanerThanRotom-W|,,
|c| CleanerThanRotom-W|ok
|c| Appreciation|nice man
|c| Appreciation|it looks so solid
|c| Appreciation|and very strong
|
|switch|p2a: Keldeo|Keldeo|323\/323
|-damage|p2a: Keldeo|283\/323|[from] Spikes
|-damage|p2a: Keldeo|263\/323|[from] Stealth Rock
|move|p1a: Skarmory|Spikes|p2a: Keldeo
|-sidestart|p2: 360 slowpoke|Spikes
|
|turn|9
|c|â360 slowpoke|lol i suck tho
|c| Appreciation|i also like how you beat gengar
|c| LUSTY LEDDIT|no you don't
|c| LUSTY LEDDIT|you're really good
|c| Appreciation|yeah
|c| Appreciation|weve always been a fan of you
|c|â360 slowpoke|wtf u havent seen me
|c| Appreciation|i did...
|c| Appreciation|watched all of your replays
|
|switch|p1a: Venusaur|Venusaur-Mega, F|319\/364 brn
|-damage|p1a: Venusaur|274\/364 brn|[from] Stealth Rock
|move|p2a: Keldeo|Secret Sword|p1a: Venusaur
|-resisted|p1a: Venusaur
|-damage|p1a: Venusaur|207\/364 brn
|
|-damage|p1a: Venusaur|162\/364 brn|[from] brn
|turn|10
|c| Appreciation|such a huge fan
|c| CleanerThanRotom-W|trice
|c|â360 slowpoke|ya right
|c| Appreciation|so thankful i finally see you live now
|c| CleanerThanRotom-W|someone pmed me today
|c| Appreciation|who
|c| CleanerThanRotom-W|and sas he watches my replays
|c| CleanerThanRotom-W|LOL
|c| CleanerThanRotom-W|*said
|c| Appreciation|lel
|join|ninjatears4u
|join|Polarance
|
|switch|p2a: Gardevoir|Gardevoir, M|277\/277
|-damage|p2a: Gardevoir|231\/277|[from] Spikes
|-damage|p2a: Gardevoir|197\/277|[from] Stealth Rock
|-ability|p2a: Gardevoir|Thick Fat|[from] ability: Trace|[of] p1a: Venusaur
|move|p1a: Venusaur|Synthesis|p1a: Venusaur
|-heal|p1a: Venusaur|344\/364 brn
|
|-damage|p1a: Venusaur|299\/364 brn|[from] brn
|turn|11
|c| LUSTY LEDDIT|who would watch cleaner
|c| LUSTY LEDDIT|when you could watch aka dh
|c| ninjatears4u|how old is dis team?
|c| LUSTY LEDDIT|:^)
|c|âAka DH|only nerds
|c| Appreciation|âAka DH: LOL
|
|switch|p1a: Chansey|Chansey, F|684\/684
|-damage|p1a: Chansey|599\/684|[from] Stealth Rock
|detailschange|p2a: Gardevoir|Gardevoir-Mega, M
|-mega|p2a: Gardevoir|Gardevoir|Gardevoirite
|move|p2a: Gardevoir|Psyshock|p1a: Chansey
|-damage|p1a: Chansey|362\/684
|
|turn|12
|c| LUSTY LEDDIT|1996
|c| CleanerThanRotom-W|you are a nerd too aka dh
|c| CleanerThanRotom-W|aka wish killer
|c| CleanerThanRotom-W|aka watch bloody sunday
|
|move|p2a: Gardevoir|Substitute|p2a: Gardevoir
|-start|p2a: Gardevoir|Substitute
|-damage|p2a: Gardevoir|128\/277
|move|p1a: Chansey|Seismic Toss|p2a: Gardevoir
|-end|p2a: Gardevoir|Substitute
|
|turn|13
|c| Appreciation|LOL
|c|âAka DH|LOL
|c| CleanerThanRotom-W|LOL
|c| Appreciation|âAka DH: LOL
|c| CleanerThanRotom-W|leddit...
|
|switch|p2a: Mew|Mew|403\/403
|-damage|p2a: Mew|336\/403|[from] Spikes
|-damage|p2a: Mew|286\/403|[from] Stealth Rock
|move|p1a: Chansey|Soft-Boiled|p1a: Chansey
|-heal|p1a: Chansey|684\/684
|
|-heal|p2a: Mew|311\/403|[from] item: Leftovers
|turn|14
|c| LUSTY LEDDIT|..
|c|â360 slowpoke|i need someone to rapid spin\/defog, and im not liking mew, any ideas?
|c| LUSTY LEDDIT|try donphan
|c| CleanerThanRotom-W|torkoal
|c| CleanerThanRotom-W|phanpy
|c| ninjatears4u|reflect type starmie
|c| CleanerThanRotom-W|wingull
|c| LUSTY LEDDIT|starmie's bad in ou
|
|switch|p1a: Heatran|Heatran, F|323\/340
|-damage|p1a: Heatran|281\/340|[from] Stealth Rock
|move|p2a: Mew|Knock Off|p1a: Heatran
|-damage|p1a: Heatran|240\/340
|
|-heal|p2a: Mew|336\/403|[from] item: Leftovers
|turn|15
|c| LUSTY LEDDIT|donphan's pretty good
|c| CleanerThanRotom-W|mantine
|c| CleanerThanRotom-W|pelipper
|c|â360 slowpoke|k, ty ill try tork
|c| Appreciation|LOL
|c| CleanerThanRotom-W|ok
|c| ninjatears4u|rapid spin defog delibird
|c| LUSTY LEDDIT|gl with your team friend!
|c| LUSTY LEDDIT|stfu ninjatears4u, stop trolling
|c| CleanerThanRotom-W|you have a good team aka dh
|c| CleanerThanRotom-W|who made it
|c| ninjatears4u|quality users in here
|
|switch|p2a: Rotom-Wash|Rotom-Wash|303\/303
|-damage|p2a: Rotom-Wash|266\/303|[from] Stealth Rock
|move|p1a: Heatran|Toxic|p2a: Rotom-Wash
|-status|p2a: Rotom-Wash|tox
|
|-heal|p2a: Rotom-Wash|284\/303 tox|[from] item: Leftovers
|-damage|p2a: Rotom-Wash|266\/303 tox|[from] psn
|turn|16
|c| Appreciation|i would try golbat
|c| Appreciation|its quite strong
|c| Appreciation|maybe togetic
|c|âAka DH|keldeo
|c|â360 slowpoke|ooh thats  a good idea
|c|â360 slowpoke|golbat
|c| Appreciation|yeah keldeo is also good
|c| Appreciation|golbat with eviolite
|c| Appreciation|its pretty bulky
|c| Appreciation|xD
|c| LUSTY LEDDIT|don't use a rapid spinner\/defogger
|c| LUSTY LEDDIT|just use espeon
|
|switch|p1a: Chansey|Chansey, F|684\/684
|-damage|p1a: Chansey|599\/684|[from] Stealth Rock
|move|p2a: Rotom-Wash|Volt Switch|p1a: Chansey
|-damage|p1a: Chansey|545\/684
|c| Appreciation|no
|c|â360 slowpoke|no
|c| LUSTY LEDDIT|it does the same thing as mew
|c| Appreciation|use 6\/6 magic bounces
|c| LUSTY LEDDIT|except magic bounce
|c| Appreciation|just do
|c| Appreciation|.!ds magic bounce
|
|switch|p2a: Mew|Mew|336\/403
|-damage|p2a: Mew|286\/403|[from] Stealth Rock
|-damage|p2a: Mew|219\/403|[from] Spikes
|
|-heal|p2a: Mew|244\/403|[from] item: Leftovers
|turn|17
|c| Appreciation|diancie mega espeon natu xatu
|c|â360 slowpoke|mew does much more than esp
|c| Appreciation|use these 4
|c| Appreciation|no
|c| Appreciation|mew is not good...
|
|switch|p1a: Heatran|Heatran, F|240\/340
|-damage|p1a: Heatran|198\/340|[from] Stealth Rock
|move|p2a: Mew|Taunt|p1a: Heatran
|-start|p1a: Heatran|move: Taunt
|
|-heal|p2a: Mew|269\/403|[from] item: Leftovers
|turn|18
|c|â360 slowpoke|ik, just sayng
|c| Appreciation|ok nxD
|c| LUSTY LEDDIT|you're wrong
|c| Appreciation|see taunt doesnt help you ^^^^
|
|move|p1a: Heatran|Fire Blast|p2a: Mew
|-damage|p2a: Mew|134\/403
|move|p2a: Mew|Soft-Boiled|p2a: Mew
|-heal|p2a: Mew|336\/403
|
|-heal|p2a: Mew|361\/403|[from] item: Leftovers
|turn|19
|c| LUSTY LEDDIT|my alt is cleanerthanrotom-w, i know what i'm talking about
|c| Appreciation|how is that good?
|c| Appreciation|yeah...
|c| CleanerThanRotom-W|stop watching replays while u are battling
|c| Appreciation|im #1 ou ladder
|c| CleanerThanRotom-W|ik u do
|c| LUSTY LEDDIT|pathetic scouter
|c| CleanerThanRotom-W|frens
|c| LUSTY LEDDIT|youre jealous
|c| CleanerThanRotom-W|this man
|c| Appreciation|whats the
|c| Appreciation|NEXT
|c| CleanerThanRotom-W|is watching replays
|
|switch|p2a: Landorus-Therian|Landorus-Therian, M|326\/326
|-damage|p2a: Landorus-Therian|286\/326|[from] Stealth Rock
|-ability|p2a: Landorus-Therian|Intimidate|[of] p1a: Heatran
|-unboost|p1a: Heatran|atk|1
|move|p1a: Heatran|Fire Blast|p2a: Landorus-Therian
|-damage|p2a: Landorus-Therian|79\/326
|
|turn|20
|c| CleanerThanRotom-W|while playing
|c| CleanerThanRotom-W|,,,,
|c| Appreciation|nice switch XD
|c| CleanerThanRotom-W|?
|c| Appreciation|did u make it yourself`?
|
|switch|p1a: Skarmory|Skarmory, M|293\/334
|-damage|p1a: Skarmory|252\/334|[from] Stealth Rock
|move|p2a: Landorus-Therian|Superpower|p1a: Skarmory
|-damage|p1a: Skarmory|160\/334
|-damage|p2a: Landorus-Therian|25\/326|[from] item: Rocky Helmet|[of] p1a: Skarmory
|-unboost|p2a: Landorus-Therian|atk|1
|-unboost|p2a: Landorus-Therian|def|1
|
|turn|21
|c|â360 slowpoke|over predicted
|c| LUSTY LEDDIT|amazing overprediction
|c| Appreciation|nice XD
|c|â360 slowpoke|turn before last
|
|switch|p2a: Keldeo|Keldeo|263\/323
|-damage|p2a: Keldeo|243\/323|[from] Stealth Rock
|-damage|p2a: Keldeo|190\/323|[from] Spikes
|move|p1a: Skarmory|Spikes|p2a: Keldeo
|-sidestart|p2: 360 slowpoke|Spikes
|
|turn|22
|c|â360 slowpoke|lag test
|c|â360 slowpoke|ffs
|leave|360 slowpoke
|c| LUSTY LEDDIT|modjoin
|join|360 slowpoke
|c| CleanerThanRotom-W|...
|c| LUSTY LEDDIT|fuck
|c| Appreciation|fuck
|player|p2
|c| Appreciation|lel
|player|p2|360 slowpoke|218
|c| Appreciation|nice rank lusty leddit
|c| Appreciation|i  like your ru ranking
|
|switch|p1a: Venusaur|Venusaur-Mega, F|299\/364 brn
|-damage|p1a: Venusaur|254\/364 brn|[from] Stealth Rock
|move|p2a: Keldeo|Icy Wind|p1a: Venusaur
|-supereffective|p1a: Venusaur
|-damage|p1a: Venusaur|164\/364 brn
|-unboost|p1a: Venusaur|spe|1
|
|-damage|p1a: Venusaur|119\/364 brn|[from] brn
|turn|23
|c|âAka DH|lusty > trice
|c| Appreciation|>lusty>trice
|c| CleanerThanRotom-W|do you know cleanerthanrotom-w aka dh
|c|âAka DH|yes
|c|âAka DH|very rude
|c| Appreciation|âAka DH: LOL
|
|move|p2a: Keldeo|Icy Wind|p1a: Venusaur
|-supereffective|p1a: Venusaur
|-damage|p1a: Venusaur|37\/364 brn
|-unboost|p1a: Venusaur|spe|1
|move|p1a: Venusaur|Synthesis|p1a: Venusaur
|-heal|p1a: Venusaur|219\/364 brn
|
|-damage|p1a: Venusaur|174\/364 brn|[from] brn
|turn|24
|c| CleanerThanRotom-W|do you know i came from leddit too
|c| CleanerThanRotom-W|i heard he is better than wish killer
|
|switch|p2a: Landorus-Therian|Landorus-Therian, M|25\/326
|-damage|p2a: Landorus-Therian|0 fnt|[from] Stealth Rock
|faint|p2a: Landorus-Therian
|move|p1a: Venusaur|Synthesis|p1a: Venusaur
|-heal|p1a: Venusaur|356\/364 brn
|
|-damage|p1a: Venusaur|311\/364 brn|[from] brn
|c|âAka DH|no
|c|â360 slowpoke|woah rottom ur high ranked holy shet
|c|âAka DH|trols
|c| CleanerThanRotom-W|rip leddit
|c| LUSTY LEDDIT|who is i came from leddit?
|c| CleanerThanRotom-W|who are u
|c| Appreciation|i am wish killer
|c|âAka DH|hi wish killer
|
|switch|p2a: Gardevoir|Gardevoir-Mega, M|128\/277
|-damage|p2a: Gardevoir|59\/277|[from] Spikes
|-damage|p2a: Gardevoir|25\/277|[from] Stealth Rock
|turn|25
|c| LUSTY LEDDIT|get an own team wish killer
|c| CleanerThanRotom-W|*skiller
|c|â360 slowpoke|im not going to win, well played m8
|
|switch|p1a: Chansey|Chansey, F|545\/684
|-damage|p1a: Chansey|460\/684|[from] Stealth Rock
|move|p2a: Gardevoir|Calm Mind|p2a: Gardevoir
|-boost|p2a: Gardevoir|spa|1
|-boost|p2a: Gardevoir|spd|1
|
|turn|26
|c| Appreciation|m8
|c| LUSTY LEDDIT|fuck off m8
|c| CleanerThanRotom-W|m9
|c| LUSTY LEDDIT|hit x
|c| CleanerThanRotom-W|m10
|c| CleanerThanRotom-W|m11
|c| Appreciation|oh
|c| CleanerThanRotom-W|xDDXd
|c| Appreciation|the sub calm mind
|c| Appreciation|what if he crits
|c| Appreciation|??
|c| Appreciation|???????Ã
|
|move|p2a: Gardevoir|Psyshock|p1a: Chansey
|-damage|p1a: Chansey|142\/684
|move|p1a: Chansey|Thunder Wave|p2a: Gardevoir
|-status|p2a: Gardevoir|par
|
|turn|27
|c| CleanerThanRotom-W|bloody nicknames next game imo
|
|move|p1a: Chansey|Soft-Boiled|p1a: Chansey
|-heal|p1a: Chansey|484\/684
|move|p2a: Gardevoir|Hyper Voice|p1a: Chansey
|-damage|p1a: Chansey|255\/684
|
|turn|28
|
|move|p1a: Chansey|Soft-Boiled|p1a: Chansey
|-heal|p1a: Chansey|597\/684
|move|p2a: Gardevoir|Psyshock|p1a: Chansey
|-damage|p1a: Chansey|257\/684
|
|turn|29
|
|move|p1a: Chansey|Soft-Boiled|p1a: Chansey
|-heal|p1a: Chansey|599\/684
|move|p2a: Gardevoir|Calm Mind|p2a: Gardevoir
|-boost|p2a: Gardevoir|spa|1
|-boost|p2a: Gardevoir|spd|1
|
|turn|30
|c| CleanerThanRotom-W|ok
|c|â360 slowpoke|lol no para hax
|leave|altei
|c| Appreciation|nice calm mind
|
|move|p1a: Chansey|Aromatherapy|p1a: Chansey
|-cureteam|p1a: Chansey|[from] move: Aromatherapy
|move|p2a: Gardevoir|Psyshock|p1a: Chansey
|-damage|p1a: Chansey|166\/684
|
|turn|31
|c| CleanerThanRotom-W|?
|c| LUSTY LEDDIT|kek
|c|â360 slowpoke|venasour
|c| CleanerThanRotom-W|para
|c| CleanerThanRotom-W|im predicting it
|join|nathaaan
|c|â360 slowpoke|lol imma die first
|c|â360 slowpoke|seismic toss
|
|move|p1a: Chansey|Soft-Boiled|p1a: Chansey
|-heal|p1a: Chansey|508\/684
|cant|p2a: Gardevoir|par
|
|turn|32
|c| CleanerThanRotom-W|very easy prediction
|c| LUSTY LEDDIT|rekt
|
|move|p1a: Chansey|Seismic Toss|p2a: Gardevoir
|-damage|p2a: Gardevoir|0 fnt
|faint|p2a: Gardevoir
|
|c|â360 slowpoke|O:
|c|âAka DH|i control the hax
|c| CleanerThanRotom-W|CleanerThanRotom-W: para
|c| CleanerThanRotom-W|CleanerThanRotom-W: im predicting it
|c| CleanerThanRotom-W|CleanerThanRotom-W: very easy prediction
|
|switch|p2a: Ferrothorn|Ferrothorn, F|260\/352
|-damage|p2a: Ferrothorn|238\/352|[from] Stealth Rock
|-damage|p2a: Ferrothorn|150\/352|[from] Spikes
|turn|33
|join|Here To GG
|c|â360 slowpoke|oh shoot, no wonder im losing, i just checked ur rank
|
|switch|p1a: Heatran|Heatran, F|198\/340
|-damage|p1a: Heatran|156\/340|[from] Stealth Rock
|move|p2a: Ferrothorn|Leech Seed|p1a: Heatran
|-start|p1a: Heatran|move: Leech Seed
|
|-damage|p1a: Heatran|114\/340|[from] Leech Seed|[of] p2a: Ferrothorn
|-heal|p2a: Ferrothorn|192\/352|[silent]
|turn|34
|c| Appreciation|oh shoot man
|c| CleanerThanRotom-W|toxic
|c| Appreciation|no fire blast
|c| CleanerThanRotom-W|no
|c| CleanerThanRotom-W|keldeo
|c| Appreciation|cleaner get good
|c| CleanerThanRotom-W|better play
|c| CleanerThanRotom-W|on rotom
|
|move|p2a: Ferrothorn|Protect|p2a: Ferrothorn
|-singleturn|p2a: Ferrothorn|Protect
|move|p1a: Heatran|Fire Blast|p2a: Ferrothorn
|-activate|p2a: Ferrothorn|Protect
|
|-damage|p1a: Heatran|72\/340|[from] Leech Seed|[of] p2a: Ferrothorn
|-heal|p2a: Ferrothorn|234\/352|[silent]
|turn|35
|c| CleanerThanRotom-W|protect is op
|c| LUSTY LEDDIT|oh shoot, no wonder ur losing, just checked ur rank
|c| CleanerThanRotom-W|stop using it
|c| LUSTY LEDDIT|nice 24-37 xDDcXDXDXD
|c|â360 slowpoke|i played #7 on OU ladder in tourney with different team and lost 2-0, u might 6-0 lol
|c| LUSTY LEDDIT|ok
|c| LUSTY LEDDIT|nice lie
|c| LUSTY LEDDIT|nerd
|
|move|p1a: Heatran|Fire Blast|p2a: Ferrothorn
|-supereffective|p2a: Ferrothorn
|-damage|p2a: Ferrothorn|0 fnt
|faint|p2a: Ferrothorn
|
|c|â360 slowpoke|lol in not
|c| Appreciation|rekt
|c|â360 slowpoke|im*
|
|switch|p2a: Rotom-Wash|Rotom-Wash|266\/303 tox
|-damage|p2a: Rotom-Wash|229\/303 tox|[from] Stealth Rock
|turn|36
|c| CleanerThanRotom-W|im here
|c| CleanerThanRotom-W|XDXDdDdddDDXX
|c|â360 slowpoke|Did Hiye move on ladder
|
|switch|p1a: Venusaur|Venusaur-Mega, F|311\/364
|-damage|p1a: Venusaur|266\/364|[from] Stealth Rock
|move|p2a: Rotom-Wash|Hydro Pump|p1a: Venusaur|[miss]
|-miss|p2a: Rotom-Wash|p1a: Venusaur
|
|-heal|p2a: Rotom-Wash|247\/303 tox|[from] item: Leftovers
|-damage|p2a: Rotom-Wash|229\/303 tox|[from] psn
|turn|37
|c| Appreciation|Aka DH = Aka DICKHEAD
|c| Appreciation|XDdddddddddddddddddddd
|c|â360 slowpoke|r\/ank hiye
|c|â360 slowpoke|woops
|c| CleanerThanRotom-W|nice1
|c| CleanerThanRotom-W|xDDD
|
|switch|p2a: Mew|Mew|361\/403
|-damage|p2a: Mew|261\/403|[from] Spikes
|-damage|p2a: Mew|211\/403|[from] Stealth Rock
|move|p1a: Venusaur|Giga Drain|p2a: Mew
|-damage|p2a: Mew|130\/403
|-heal|p1a: Venusaur|307\/364|[from] drain|[of] p2a: Mew
|
|-heal|p2a: Mew|155\/403|[from] item: Leftovers
|turn|38
|c| CleanerThanRotom-W|your team is good aka dh
|
|move|p2a: Mew|Soft-Boiled|p2a: Mew
|-heal|p2a: Mew|357\/403
|move|p1a: Venusaur|Leech Seed|p2a: Mew|[miss]
|-miss|p1a: Venusaur|p2a: Mew
|
|-heal|p2a: Mew|382\/403|[from] item: Leftovers
|turn|39
|c| Appreciation|WHATS
|c|â360 slowpoke|:O
|c| Appreciation|THE
|c| Appreciation|NEXT
|
|switch|p1a: Bisharp|Bisharp, F|272\/334
|-damage|p1a: Bisharp|252\/334|[from] Stealth Rock
|move|p2a: Mew|Taunt|p1a: Bisharp
|-start|p1a: Bisharp|move: Taunt
|
|-heal|p2a: Mew|403\/403|[from] item: Leftovers
|-heal|p1a: Bisharp|272\/334|[from] item: Leftovers
|turn|40
|join|wish skiller
|c| wish skiller|LOL
|c| Appreciation|âAka DH: LOL
|c|â360 slowpoke|lag test
|c|â360 slowpoke|fffs
|leave|360 slowpoke
|player|p2
|join|360 slowpoke
|c|âAka DH|Appreciation: âAka DH: LOL
|player|p2|360 slowpoke|218
|c| LUSTY LEDDIT|just forfeit 360 slowpoke
|
|switch|p2a: Keldeo|Keldeo|190\/323
|-damage|p2a: Keldeo|110\/323|[from] Spikes
|-damage|p2a: Keldeo|90\/323|[from] Stealth Rock
|move|p1a: Bisharp|Knock Off|p2a: Keldeo
|-resisted|p2a: Keldeo
|-damage|p2a: Keldeo|0 fnt
|-enditem|p2a: Keldeo|Choice Specs|[from] move: Knock Off|[of] p1a: Bisharp
|faint|p2a: Keldeo
|
|-heal|p1a: Bisharp|292\/334|[from] item: Leftovers
|c|âAka DH|no forfeit
|c|âAka DH|6-0 please
|c| wish skiller|stop using my team aka dh
|c|â360 slowpoke|lol imma try
|c|â360 slowpoke|this is fun
|c|âAka DH|get out wish skiller
|c|âAka DH|fake
|join|CleanerThanRotom-W
|c| CleanerThanRotom-W|hello
|c| LUSTY LEDDIT|âAka DH: gg nerd
|c| Appreciation|âAka DH: LOL
|-message|360 slowpoke lost due to inactivity.
|leave|Appreciation
|
|win|Aka DH
|leave|CleanerThanRotom-W
|c|â360 slowpoke|gg
|
|switch|p2a: Mew|Mew|403\/403
|leave|LUSTY LEDDIT
|leave|360 slowpoke