|join|lil manaphy
|join|Aka DH
|player|p1|lil manaphy|272
|player|p2|Aka DH|1
|gametype|singles
|gen|6
|tier|OU
|rated
|clearpoke
|poke|p1|Lopunny, F
|poke|p1|Manaphy
|poke|p1|Scizor, M
|poke|p1|Celebi
|poke|p1|Heatran, F
|poke|p1|Mandibuzz, F
|poke|p2|Bisharp, F
|poke|p2|Venusaur, F
|poke|p2|Heatran, M
|poke|p2|Keldeo
|poke|p2|Chansey, F
|poke|p2|Skarmory, F
|rule|Swagger Clause: Swagger is banned
|rule|Baton Pass Clause: Limit one PokÃ©mon knowing Baton Pass
|rule|Sleep Clause Mod: Limit one foe put to sleep
|rule|Species Clause: Limit one of each PokÃ©mon
|rule|OHKO Clause: OHKO moves are banned
|rule|Moody Clause: Moody is banned
|rule|Evasion Moves Clause: Evasion moves are banned
|rule|Endless Battle Clause: Forcing endless battles is banned
|rule|HP Percentage Mod: HP is shown in percentages
|teampreview
|
|start
|switch|p1a: Manaphy|Manaphy|341\/341
|switch|p2a: Venusaur|Venusaur, F|364\/364
|turn|1
|
|switch|p1a: .|Heatran, F|386\/386
|detailschange|p2a: Venusaur|Venusaur-Mega, F
|-mega|p2a: Venusaur|Venusaur|Venusaurite
|move|p2a: Venusaur|Giga Drain|p1a: .
|-resisted|p1a: .
|-damage|p1a: .|368\/386
|
|-heal|p1a: .|386\/386|[from] item: Leftovers
|turn|2
|
|switch|p2a: Heatran|Heatran, M|340\/340
|-item|p2a: Heatran|Air Balloon
|move|p1a: .|Stealth Rock|p2a: Heatran
|-sidestart|p2: Aka DH|move: Stealth Rock
|
|turn|3
|
|switch|p1a: Manaphy|Manaphy|341\/341
|move|p2a: Heatran|Toxic|p1a: Manaphy
|-status|p1a: Manaphy|tox
|
|-damage|p1a: Manaphy|320\/341 tox|[from] psn
|turn|4
|
|move|p2a: Heatran|Stealth Rock|p1a: Manaphy
|-sidestart|p1: lil manaphy|move: Stealth Rock
|move|p1a: Manaphy|Scald|p2a: Heatran
|-supereffective|p2a: Heatran
|-damage|p2a: Heatran|98\/340
|-enditem|p2a: Heatran|Air Balloon
|
|-heal|p1a: Manaphy|341\/341 tox|[from] item: Leftovers
|-damage|p1a: Manaphy|299\/341 tox|[from] psn
|turn|5
|join|Miley2010Cyrus
|
|switch|p2a: Chansey|Chansey, F|684\/684
|-damage|p2a: Chansey|599\/684|[from] Stealth Rock
|move|p1a: Manaphy|Scald|p2a: Chansey
|-crit|p2a: Chansey
|-damage|p2a: Chansey|479\/684
|-status|p2a: Chansey|brn
|
|-heal|p1a: Manaphy|320\/341 tox|[from] item: Leftovers
|-damage|p1a: Manaphy|257\/341 tox|[from] psn
|-damage|p2a: Chansey|394\/684 brn|[from] brn
|turn|6
|
|switch|p2a: Heatran|Heatran, M|98\/340
|-damage|p2a: Heatran|56\/340|[from] Stealth Rock
|move|p1a: Manaphy|Rain Dance|p1a: Manaphy
|-weather|RainDance
|
|-weather|RainDance|[upkeep]
|-curestatus|p1a: Manaphy|tox
|-heal|p1a: Manaphy|278\/341|[from] item: Leftovers
|turn|7
|
|move|p2a: Heatran|Taunt|p1a: Manaphy
|-start|p1a: Manaphy|move: Taunt
|cant|p1a: Manaphy|move: Taunt|Tail Glow
|
|-weather|RainDance|[upkeep]
|-heal|p1a: Manaphy|299\/341|[from] item: Leftovers
|turn|8
|
|switch|p2a: Venusaur|Venusaur-Mega, F|364\/364
|-damage|p2a: Venusaur|319\/364|[from] Stealth Rock
|move|p1a: Manaphy|Scald|p2a: Venusaur
|-resisted|p2a: Venusaur
|-damage|p2a: Venusaur|237\/364
|-status|p2a: Venusaur|brn
|
|-weather|RainDance|[upkeep]
|-heal|p1a: Manaphy|320\/341|[from] item: Leftovers
|-damage|p2a: Venusaur|192\/364 brn|[from] brn
|turn|9
|
|switch|p2a: Keldeo|Keldeo|323\/323
|-damage|p2a: Keldeo|303\/323|[from] Stealth Rock
|move|p1a: Manaphy|Psychic|p2a: Keldeo
|-supereffective|p2a: Keldeo
|-damage|p2a: Keldeo|85\/323
|
|-weather|RainDance|[upkeep]
|-heal|p2a: Keldeo|105\/323|[from] item: Leftovers
|-heal|p1a: Manaphy|341\/341|[from] item: Leftovers
|-end|p1a: Manaphy|move: Taunt
|turn|10
|
|switch|p2a: Heatran|Heatran, M|56\/340
|-damage|p2a: Heatran|14\/340|[from] Stealth Rock
|move|p1a: Manaphy|Psychic|p2a: Heatran
|-resisted|p2a: Heatran
|-damage|p2a: Heatran|0 fnt
|faint|p2a: Heatran
|
|-weather|none
|
|switch|p2a: Bisharp|Bisharp, F|334\/334
|-damage|p2a: Bisharp|314\/334|[from] Stealth Rock
|turn|11
|
|switch|p1a: Couture|Lopunny, F|271\/271
|-damage|p1a: Couture|238\/271|[from] Stealth Rock
|move|p2a: Bisharp|Knock Off|p1a: Couture
|-damage|p1a: Couture|105\/271
|
|-heal|p2a: Bisharp|334\/334|[from] item: Leftovers
|turn|12
|
|switch|p2a: Skarmory|Skarmory, F|334\/334
|-damage|p2a: Skarmory|293\/334|[from] Stealth Rock
|detailschange|p1a: Couture|Lopunny-Mega, F
|-mega|p1a: Couture|Lopunny|Lopunnite
|move|p1a: Couture|Drain Punch|p2a: Skarmory
|-damage|p2a: Skarmory|208\/334
|-heal|p1a: Couture|148\/271|[from] drain|[of] p2a: Skarmory
|-damage|p1a: Couture|103\/271|[from] item: Rocky Helmet|[of] p2a: Skarmory
|
|turn|13
|
|switch|p1a: Manaphy|Manaphy|341\/341
|-damage|p1a: Manaphy|299\/341|[from] Stealth Rock
|move|p2a: Skarmory|Whirlwind|p1a: Manaphy
|drag|p1a: Couture|Lopunny-Mega, F|103\/271
|-damage|p1a: Couture|87\/271|[from] Stealth Rock
|
|turn|14
|
|move|p1a: Couture|Power-Up Punch|p2a: Skarmory
|-damage|p2a: Skarmory|160\/334
|-damage|p1a: Couture|42\/271|[from] item: Rocky Helmet|[of] p2a: Skarmory
|-boost|p1a: Couture|atk|1
|move|p2a: Skarmory|Whirlwind|p1a: Couture
|drag|p1a: .|Heatran, F|386\/386
|-damage|p1a: .|338\/386|[from] Stealth Rock
|
|-heal|p1a: .|362\/386|[from] item: Leftovers
|turn|15
|
|switch|p2a: Chansey|Chansey, F|394\/684
|-damage|p2a: Chansey|309\/684|[from] Stealth Rock
|move|p1a: .|Lava Plume|p2a: Chansey
|-damage|p2a: Chansey|240\/684
|
|-heal|p1a: .|386\/386|[from] item: Leftovers
|turn|16
|
|switch|p1a: Scizor|Scizor, M|343\/343
|-damage|p1a: Scizor|301\/343|[from] Stealth Rock
|move|p2a: Chansey|Thunder Wave|p1a: Scizor
|-status|p1a: Scizor|par
|
|turn|17
|join|Dread Arceus
|c| Dread Arceus|go mana n_n
|
|move|p2a: Chansey|Aromatherapy|p2a: Chansey
|-cureteam|p2a: Chansey|[from] move: Aromatherapy
|cant|p1a: Scizor|par
|
|turn|18
|
|move|p2a: Chansey|Soft-Boiled|p2a: Chansey
|-heal|p2a: Chansey|582\/684
|move|p1a: Scizor|U-turn|p2a: Chansey
|-damage|p2a: Chansey|329\/684
|join|Joonitor
|
|switch|p1a: Couture|Lopunny-Mega, F|42\/271
|-damage|p1a: Couture|26\/271|[from] Stealth Rock
|
|turn|19
|
|switch|p2a: Skarmory|Skarmory, F|160\/334
|-damage|p2a: Skarmory|119\/334|[from] Stealth Rock
|move|p1a: Couture|Drain Punch|p2a: Skarmory
|-damage|p2a: Skarmory|31\/334
|-heal|p1a: Couture|70\/271|[from] drain|[of] p2a: Skarmory
|-damage|p1a: Couture|25\/271|[from] item: Rocky Helmet|[of] p2a: Skarmory
|
|turn|20
|join|they call me beast
|
|move|p1a: Couture|Drain Punch|p2a: Skarmory
|-damage|p2a: Skarmory|0 fnt
|-heal|p1a: Couture|41\/271|[from] drain|[of] p2a: Skarmory
|-damage|p1a: Couture|0 fnt|[from] item: Rocky Helmet|[of] p2a: Skarmory
|faint|p1a: Couture
|faint|p2a: Skarmory
|
|join|m00n's blanket
|join|cosine180
|
|switch|p2a: Keldeo|Keldeo|105\/323
|switch|p1a: Scizor|Scizor, M|301\/343 par
|-damage|p2a: Keldeo|85\/323|[from] Stealth Rock
|-damage|p1a: Scizor|259\/343 par|[from] Stealth Rock
|turn|21
|
|switch|p2a: Chansey|Chansey, F|329\/684
|-damage|p2a: Chansey|244\/684|[from] Stealth Rock
|move|p1a: Scizor|Bullet Punch|p2a: Chansey
|-damage|p2a: Chansey|12\/684
|
|turn|22
|
|switch|p2a: Bisharp|Bisharp, F|334\/334
|-damage|p2a: Bisharp|314\/334|[from] Stealth Rock
|cant|p1a: Scizor|par
|
|-heal|p2a: Bisharp|334\/334|[from] item: Leftovers
|turn|23
|join|WhenSilenceBreaks
|
|switch|p1a: pleeza no freeza|Mandibuzz, F|423\/423
|-damage|p1a: pleeza no freeza|318\/423|[from] Stealth Rock
|move|p2a: Bisharp|Swords Dance|p2a: Bisharp
|-boost|p2a: Bisharp|atk|2
|
|turn|24
|
|move|p1a: pleeza no freeza|Foul Play|p2a: Bisharp
|-resisted|p2a: Bisharp
|-damage|p2a: Bisharp|157\/334
|move|p2a: Bisharp|Iron Head|p1a: pleeza no freeza
|-damage|p1a: pleeza no freeza|93\/423
|-damage|p2a: Bisharp|102\/334|[from] item: Rocky Helmet|[of] p1a: pleeza no freeza
|
|-heal|p2a: Bisharp|122\/334|[from] item: Leftovers
|turn|25
|
|move|p1a: pleeza no freeza|Roost|p1a: pleeza no freeza
|-heal|p1a: pleeza no freeza|305\/423
|move|p2a: Bisharp|Iron Head|p1a: pleeza no freeza
|-damage|p1a: pleeza no freeza|95\/423
|-damage|p2a: Bisharp|67\/334|[from] item: Rocky Helmet|[of] p1a: pleeza no freeza
|
|-heal|p2a: Bisharp|87\/334|[from] item: Leftovers
|turn|26
|
|move|p1a: pleeza no freeza|Roost|p1a: pleeza no freeza
|-heal|p1a: pleeza no freeza|307\/423
|move|p2a: Bisharp|Knock Off|p1a: pleeza no freeza
|-resisted|p1a: pleeza no freeza
|-damage|p1a: pleeza no freeza|167\/423
|-damage|p2a: Bisharp|32\/334|[from] item: Rocky Helmet|[of] p1a: pleeza no freeza
|-enditem|p1a: pleeza no freeza|Rocky Helmet|[from] move: Knock Off|[of] p2a: Bisharp
|
|-heal|p2a: Bisharp|52\/334|[from] item: Leftovers
|turn|27
|
|move|p1a: pleeza no freeza|Foul Play|p2a: Bisharp
|-resisted|p2a: Bisharp
|-damage|p2a: Bisharp|0 fnt
|faint|p2a: Bisharp
|
|
|switch|p2a: Keldeo|Keldeo|85\/323
|-damage|p2a: Keldeo|65\/323|[from] Stealth Rock
|turn|28
|
|switch|p1a: just my onion|Celebi|404\/404
|-damage|p1a: just my onion|354\/404|[from] Stealth Rock
|move|p2a: Keldeo|Scald|p1a: just my onion
|-crit|p1a: just my onion
|-resisted|p1a: just my onion
|-damage|p1a: just my onion|275\/404
|
|-heal|p2a: Keldeo|85\/323|[from] item: Leftovers
|-heal|p1a: just my onion|300\/404|[from] item: Leftovers
|turn|29
|-message|Aka DH forfeited.
|leave|Aka DH
|
|win|lil manaphy
|raw|Ladder updating...
|player|p2
|raw|lil manaphy's rating: 1764 &rarr; <strong>1782<\/strong><br \/>(+18 for winning)
|raw|Aka DH's rating: 1739 &rarr; <strong>1721<\/strong><br \/>(-18 for losing)
|leave|cosine180
|leave|they call me beast
|join|they call me beast
|leave|they call me beast
|join|they call me beast
|join|An IncognitoTuxedo
|leave|they call me beast
|player|p1|Guest 350356|272
|join|ltoi6
|player|p1|ltoi6|272
|leave|An IncognitoTuxedo