|join|Aka DH
|join|kerthorok
|player|p1|Aka DH|1
|player|p2|kerthorok|269
|gametype|singles
|gen|6
|tier|OU
|clearpoke
|poke|p1|Bisharp, M
|poke|p1|Venusaur, M
|poke|p1|Heatran, F
|poke|p1|Keldeo
|poke|p1|Chansey, F
|poke|p1|Skarmory, F
|poke|p2|Gallade, M
|poke|p2|Bisharp, M
|poke|p2|Rotom-Wash
|poke|p2|Ferrothorn, M
|poke|p2|Latios, M
|poke|p2|Clefable, M
|rule|Swagger Clause: Swagger is banned
|rule|Baton Pass Clause: Limit one PokÃ©mon knowing Baton Pass
|rule|Sleep Clause Mod: Limit one foe put to sleep
|rule|Species Clause: Limit one of each PokÃ©mon
|rule|OHKO Clause: OHKO moves are banned
|rule|Moody Clause: Moody is banned
|rule|Evasion Moves Clause: Evasion moves are banned
|rule|Endless Battle Clause: Forcing endless battles is banned
|rule|HP Percentage Mod: HP is shown in percentages
|teampreview
|join|Hopeless Cheergirl
|join|WeepingAngels
|
|start
|switch|p1a: Skarmory|Skarmory, F|334\/334
|switch|p2a: Rotom-Wash|Rotom-Wash|303\/303
|turn|1
|
|switch|p1a: Chansey|Chansey, F|684\/684
|move|p2a: Rotom-Wash|Will-O-Wisp|p1a: Chansey
|-status|p1a: Chansey|brn
|
|-damage|p1a: Chansey|599\/684 brn|[from] brn
|turn|2
|
|move|p2a: Rotom-Wash|Volt Switch|p1a: Chansey
|-damage|p1a: Chansey|542\/684 brn
|
|switch|p2a: Ferrothorn|Ferrothorn, M|352\/352
|move|p1a: Chansey|Seismic Toss|p2a: Ferrothorn
|-damage|p2a: Ferrothorn|252\/352
|-damage|p1a: Chansey|457\/684 brn|[from] ability: Iron Barbs|[of] p2a: Ferrothorn
|
|-heal|p2a: Ferrothorn|274\/352|[from] item: Leftovers
|-damage|p1a: Chansey|372\/684 brn|[from] brn
|turn|3
|
|switch|p1a: Heatran|Heatran, F|340\/340
|-item|p1a: Heatran|Air Balloon
|move|p2a: Ferrothorn|Stealth Rock|p1a: Heatran
|-sidestart|p1: Aka DH|move: Stealth Rock
|
|-heal|p2a: Ferrothorn|296\/352|[from] item: Leftovers
|turn|4
|
|switch|p2a: Rotom-Wash|Rotom-Wash|303\/303
|move|p1a: Heatran|Stealth Rock|p2a: Rotom-Wash
|-sidestart|p2: kerthorok|move: Stealth Rock
|
|turn|5
|
|move|p1a: Heatran|Toxic|p2a: Rotom-Wash
|-status|p2a: Rotom-Wash|tox
|move|p2a: Rotom-Wash|Volt Switch|p1a: Heatran
|-damage|p1a: Heatran|250\/340
|-enditem|p1a: Heatran|Air Balloon
|
|switch|p2a: Gallade|Gallade, M|277\/277
|-damage|p2a: Gallade|260\/277|[from] Stealth Rock
|
|turn|6
|
|detailschange|p2a: Gallade|Gallade-Mega, M
|-mega|p2a: Gallade|Gallade|Galladite
|move|p2a: Gallade|Close Combat|p1a: Heatran
|-supereffective|p1a: Heatran
|-damage|p1a: Heatran|0 fnt
|-unboost|p2a: Gallade|def|1
|-unboost|p2a: Gallade|spd|1
|faint|p1a: Heatran
|
|
|switch|p1a: Skarmory|Skarmory, F|334\/334
|-damage|p1a: Skarmory|293\/334|[from] Stealth Rock
|turn|7
|
|switch|p2a: Rotom-Wash|Rotom-Wash|303\/303 tox
|-damage|p2a: Rotom-Wash|266\/303 tox|[from] Stealth Rock
|move|p1a: Skarmory|Spikes|p2a: Rotom-Wash
|-sidestart|p2: kerthorok|Spikes
|
|-heal|p2a: Rotom-Wash|284\/303 tox|[from] item: Leftovers
|-damage|p2a: Rotom-Wash|266\/303 tox|[from] psn
|turn|8
|
|move|p2a: Rotom-Wash|Volt Switch|p1a: Skarmory
|-supereffective|p1a: Skarmory
|-damage|p1a: Skarmory|111\/334
|
|switch|p2a: Latios|Latios, M|301\/301
|-damage|p2a: Latios|264\/301|[from] Stealth Rock
|move|p1a: Skarmory|Roost|p1a: Skarmory
|-heal|p1a: Skarmory|278\/334
|
|turn|9
|
|switch|p1a: Bisharp|Bisharp, M|334\/334
|-damage|p1a: Bisharp|314\/334|[from] Stealth Rock
|move|p2a: Latios|Defog|p1a: Bisharp
|-unboost|p1a: Bisharp|evasion|1
|-boost|p1a: Bisharp|atk|2|[from] ability: Defiant
|-sideend|p1: Aka DH|Stealth Rock|[from] move: Defog|[of] p1a: Bisharp
|-sideend|p2: kerthorok|Spikes|[from] move: Defog|[of] p2a: Latios
|-sideend|p2: kerthorok|Stealth Rock|[from] move: Defog|[of] p2a: Latios
|
|-heal|p1a: Bisharp|334\/334|[from] item: Leftovers
|turn|10
|
|move|p2a: Latios|Draco Meteor|p1a: Bisharp
|-resisted|p1a: Bisharp
|-damage|p1a: Bisharp|136\/334
|-unboost|p2a: Latios|spa|2
|-damage|p2a: Latios|234\/301|[from] item: Life Orb
|move|p1a: Bisharp|Knock Off|p2a: Latios
|-supereffective|p2a: Latios
|-damage|p2a: Latios|0 fnt
|-enditem|p2a: Latios|Life Orb|[from] move: Knock Off|[of] p1a: Bisharp
|faint|p2a: Latios
|
|-heal|p1a: Bisharp|156\/334|[from] item: Leftovers
|
|switch|p2a: Bisharp|Bisharp, M|271\/271
|turn|11
|
|move|p2a: Bisharp|Sucker Punch|p1a: Bisharp
|-resisted|p1a: Bisharp
|-damage|p1a: Bisharp|66\/334
|move|p1a: Bisharp|Knock Off|p2a: Bisharp
|-resisted|p2a: Bisharp
|-damage|p2a: Bisharp|73\/271
|-enditem|p2a: Bisharp|Black Glasses|[from] move: Knock Off|[of] p1a: Bisharp
|
|-heal|p1a: Bisharp|86\/334|[from] item: Leftovers
|turn|12
|
|move|p2a: Bisharp|Sucker Punch|p1a: Bisharp
|-fail|p1a: Bisharp
|move|p1a: Bisharp|Swords Dance|p1a: Bisharp
|-boost|p1a: Bisharp|atk|2
|
|-heal|p1a: Bisharp|106\/334|[from] item: Leftovers
|turn|13
|
|move|p2a: Bisharp|Sucker Punch|p1a: Bisharp
|-resisted|p1a: Bisharp
|-damage|p1a: Bisharp|32\/334
|move|p1a: Bisharp|Knock Off|p2a: Bisharp
|-resisted|p2a: Bisharp
|-damage|p2a: Bisharp|0 fnt
|faint|p2a: Bisharp
|
|-heal|p1a: Bisharp|52\/334|[from] item: Leftovers
|
|switch|p2a: Gallade|Gallade-Mega, M|260\/277
|turn|14
|
|move|p2a: Gallade|Shadow Sneak|p1a: Bisharp
|-resisted|p1a: Bisharp
|-damage|p1a: Bisharp|24\/334
|move|p1a: Bisharp|Sucker Punch|p2a: Gallade
|-fail|p2a: Gallade
|
|-heal|p1a: Bisharp|44\/334|[from] item: Leftovers
|turn|15
|leave|kerthorok
|player|p2
|join|kerthorok
|player|p2|kerthorok|269
|
|move|p1a: Bisharp|Sucker Punch|p2a: Gallade
|-damage|p2a: Gallade|0 fnt
|faint|p2a: Gallade
|
|-heal|p1a: Bisharp|64\/334|[from] item: Leftovers
|leave|kerthorok
|player|p2
|join|kerthorok
|player|p2|kerthorok|269
|-message|kerthorok forfeited.
|
|win|Aka DH
|leave|kerthorok
|player|p2