|join|Aka DH
|join|Friytrr
|player|p1|Aka DH|1
|player|p2|Friytrr|169
|gametype|singles
|gen|6
|tier|OU
|rated
|clearpoke
|poke|p1|Bisharp, M
|poke|p1|Venusaur, M
|poke|p1|Heatran, M
|poke|p1|Keldeo
|poke|p1|Chansey, F
|poke|p1|Skarmory, F
|poke|p2|Medicham, M
|poke|p2|Magnezone
|poke|p2|Landorus, M
|poke|p2|Gothitelle, M
|poke|p2|Kyurem-Black
|poke|p2|Azelf
|rule|Swagger Clause: Swagger is banned
|rule|Baton Pass Clause: Limit one PokÃ©mon knowing Baton Pass
|rule|Sleep Clause Mod: Limit one foe put to sleep
|rule|Species Clause: Limit one of each PokÃ©mon
|rule|OHKO Clause: OHKO moves are banned
|rule|Moody Clause: Moody is banned
|rule|Evasion Moves Clause: Evasion moves are banned
|rule|Endless Battle Clause: Forcing endless battles is banned
|rule|HP Percentage Mod: HP is shown in percentages
|teampreview
|c|âFriytrr|glhf
|
|start
|switch|p1a: Heatran|Heatran, M|340\/340
|switch|p2a: Medicham|Medicham, M|261\/261
|-item|p1a: Heatran|Air Balloon
|turn|1
|
|switch|p2a: Magnezone|Magnezone|281\/281
|switch|p1a: Skarmory|Skarmory, F|334\/334
|
|turn|2
|
|move|p2a: Magnezone|Volt Switch|p1a: Skarmory
|-supereffective|p1a: Skarmory
|-damage|p1a: Skarmory|68\/334
|
|switch|p2a: Azelf|Azelf|291\/291
|move|p1a: Skarmory|Spikes|p2a: Azelf
|-sidestart|p2: Friytrr|Spikes
|
|turn|3
|
|switch|p1a: Heatran|Heatran, M|340\/340
|-item|p1a: Heatran|Air Balloon
|move|p2a: Azelf|Stealth Rock|p1a: Heatran
|-sidestart|p1: Aka DH|move: Stealth Rock
|
|turn|4
|
|move|p2a: Azelf|Taunt|p1a: Heatran
|-start|p1a: Heatran|move: Taunt
|move|p1a: Heatran|Fire Blast|p2a: Azelf
|-damage|p2a: Azelf|78\/291
|
|turn|5
|
|move|p2a: Azelf|Knock Off|p1a: Heatran
|-damage|p1a: Heatran|247\/340
|-enditem|p1a: Heatran|Air Balloon
|move|p1a: Heatran|Fire Blast|p2a: Azelf
|-damage|p2a: Azelf|0 fnt
|faint|p2a: Azelf
|
|
|switch|p2a: Medicham|Medicham, M|261\/261
|-damage|p2a: Medicham|229\/261|[from] Spikes
|turn|6
|
|switch|p1a: Skarmory|Skarmory, F|68\/334
|-damage|p1a: Skarmory|27\/334|[from] Stealth Rock
|detailschange|p2a: Medicham|Medicham-Mega, M
|-mega|p2a: Medicham|Medicham|Medichamite
|move|p2a: Medicham|High Jump Kick|p1a: Skarmory
|-damage|p1a: Skarmory|0 fnt
|-damage|p2a: Medicham|186\/261|[from] item: Rocky Helmet|[of] p1a: Skarmory
|faint|p1a: Skarmory
|
|
|switch|p1a: Venusaur|Venusaur, M|364\/364
|-damage|p1a: Venusaur|319\/364|[from] Stealth Rock
|turn|7
|
|switch|p2a: Gothitelle|Gothitelle, M|343\/343
|-damage|p2a: Gothitelle|301\/343|[from] Spikes
|detailschange|p1a: Venusaur|Venusaur-Mega, M
|-mega|p1a: Venusaur|Venusaur|Venusaurite
|move|p1a: Venusaur|Giga Drain|p2a: Gothitelle
|-damage|p2a: Gothitelle|201\/343
|-heal|p1a: Venusaur|364\/364|[from] drain|[of] p2a: Gothitelle
|
|turn|8
|
|move|p1a: Venusaur|Giga Drain|p2a: Gothitelle
|-damage|p2a: Gothitelle|107\/343
|move|p2a: Gothitelle|Psyshock|p1a: Venusaur
|-supereffective|p1a: Venusaur
|-damage|p1a: Venusaur|116\/364
|
|turn|9
|join|Croven
|leave|Croven
|
|move|p1a: Venusaur|Giga Drain|p2a: Gothitelle
|-damage|p2a: Gothitelle|5\/343
|-heal|p1a: Venusaur|167\/364|[from] drain|[of] p2a: Gothitelle
|move|p2a: Gothitelle|Psyshock|p1a: Venusaur
|-crit|p1a: Venusaur
|-supereffective|p1a: Venusaur
|-damage|p1a: Venusaur|0 fnt
|faint|p1a: Venusaur
|
|
|switch|p1a: Heatran|Heatran, M|247\/340
|-damage|p1a: Heatran|205\/340|[from] Stealth Rock
|turn|10
|
|move|p1a: Heatran|Stealth Rock|p2a: Gothitelle
|-sidestart|p2: Friytrr|move: Stealth Rock
|move|p2a: Gothitelle|Psyshock|p1a: Heatran
|-resisted|p1a: Heatran
|-damage|p1a: Heatran|125\/340
|
|turn|11
|
|move|p1a: Heatran|Fire Blast|p2a: Gothitelle
|-damage|p2a: Gothitelle|0 fnt
|faint|p2a: Gothitelle
|
|
|switch|p2a: Magnezone|Magnezone|281\/281
|-damage|p2a: Magnezone|246\/281|[from] Spikes
|-damage|p2a: Magnezone|229\/281|[from] Stealth Rock
|turn|12
|
|move|p2a: Magnezone|Volt Switch|p1a: Heatran
|-damage|p1a: Heatran|4\/340
|
|switch|p2a: Kyurem-Black|Kyurem-Black|391\/391
|-damage|p2a: Kyurem-Black|343\/391|[from] Spikes
|-damage|p2a: Kyurem-Black|246\/391|[from] Stealth Rock
|-ability|p2a: Kyurem-Black|Teravolt
|move|p1a: Heatran|Fire Blast|p2a: Kyurem-Black
|-damage|p2a: Kyurem-Black|59\/391
|
|turn|13
|
|move|p1a: Heatran|Fire Blast|p2a: Kyurem-Black
|-damage|p2a: Kyurem-Black|0 fnt
|faint|p2a: Kyurem-Black
|
|
|switch|p2a: Landorus|Landorus, M|319\/319
|-damage|p2a: Landorus|280\/319|[from] Stealth Rock
|turn|14
|
|move|p2a: Landorus|Psychic|p1a: Heatran
|-resisted|p1a: Heatran
|-damage|p1a: Heatran|0 fnt
|faint|p1a: Heatran
|
|
|switch|p1a: Keldeo|Keldeo|323\/323
|-damage|p1a: Keldeo|303\/323|[from] Stealth Rock
|turn|15
|
|move|p1a: Keldeo|Icy Wind|p2a: Landorus
|-supereffective|p2a: Landorus
|-damage|p2a: Landorus|0 fnt
|faint|p2a: Landorus
|
|-heal|p1a: Keldeo|323\/323|[from] item: Leftovers
|
|switch|p2a: Magnezone|Magnezone|229\/281
|-damage|p2a: Magnezone|212\/281|[from] Stealth Rock
|-damage|p2a: Magnezone|177\/281|[from] Spikes
|turn|16
|
|switch|p1a: Bisharp|Bisharp, M|334\/334
|-damage|p1a: Bisharp|314\/334|[from] Stealth Rock
|move|p2a: Magnezone|Thunderbolt|p1a: Bisharp
|-damage|p1a: Bisharp|106\/334
|
|-heal|p1a: Bisharp|126\/334|[from] item: Leftovers
|turn|17
|
|move|p1a: Bisharp|Sucker Punch|p2a: Magnezone
|-damage|p2a: Magnezone|32\/281
|move|p2a: Magnezone|Thunderbolt|p1a: Bisharp
|-damage|p1a: Bisharp|0 fnt
|faint|p1a: Bisharp
|
|
|switch|p1a: Chansey|Chansey, F|684\/684
|-damage|p1a: Chansey|599\/684|[from] Stealth Rock
|turn|18
|
|move|p2a: Magnezone|Thunderbolt|p1a: Chansey
|-damage|p1a: Chansey|506\/684
|move|p1a: Chansey|Soft-Boiled|p1a: Chansey
|-heal|p1a: Chansey|684\/684
|
|turn|19
|
|move|p2a: Magnezone|Thunderbolt|p1a: Chansey
|-damage|p1a: Chansey|594\/684
|move|p1a: Chansey|Seismic Toss|p2a: Magnezone
|-damage|p2a: Magnezone|0 fnt
|faint|p2a: Magnezone
|
|
|switch|p2a: Medicham|Medicham-Mega, M|186\/261
|-damage|p2a: Medicham|170\/261|[from] Stealth Rock
|-damage|p2a: Medicham|138\/261|[from] Spikes
|turn|20
|
|move|p2a: Medicham|Fake Out|p1a: Chansey
|-damage|p1a: Chansey|490\/684
|cant|p1a: Chansey|flinch
|
|turn|21
|
|move|p2a: Medicham|High Jump Kick|p1a: Chansey
|-supereffective|p1a: Chansey
|-damage|p1a: Chansey|0 fnt
|faint|p1a: Chansey
|
|
|switch|p1a: Keldeo|Keldeo|323\/323
|-damage|p1a: Keldeo|303\/323|[from] Stealth Rock
|turn|22
|
|move|p1a: Keldeo|Scald|p2a: Medicham
|-damage|p2a: Medicham|0 fnt
|faint|p2a: Medicham
|
|win|Aka DH
|raw|Ladder updating...
|raw|Aka DH's rating: 1795 &rarr; <strong>1805<\/strong><br \/>(+10 for winning)
|raw|Friytrr's rating: 1586 &rarr; <strong>1577<\/strong><br \/>(-9 for losing)