|join|Aka DH
|join|Dark Side of Moon
|player|p1|Aka DH|1
|player|p2|Dark Side of Moon|161
|gametype|singles
|gen|6
|tier|OU
|rated
|clearpoke
|poke|p1|Bisharp, M
|poke|p1|Venusaur, M
|poke|p1|Heatran, F
|poke|p1|Keldeo
|poke|p1|Chansey, F
|poke|p1|Skarmory, M
|poke|p2|Lopunny, M, shiny
|poke|p2|Gengar, M
|poke|p2|Landorus-Therian, M
|poke|p2|Latios, M
|poke|p2|Bisharp, M
|poke|p2|Keldeo-Resolute
|rule|Swagger Clause: Swagger is banned
|rule|Baton Pass Clause: Limit one PokÃ©mon knowing Baton Pass
|rule|Sleep Clause Mod: Limit one foe put to sleep
|rule|Species Clause: Limit one of each PokÃ©mon
|rule|OHKO Clause: OHKO moves are banned
|rule|Moody Clause: Moody is banned
|rule|Evasion Moves Clause: Evasion moves are banned
|rule|Endless Battle Clause: Forcing endless battles is banned
|rule|HP Percentage Mod: HP is shown in percentages
|teampreview
|c|âDark Side of Moon|hey man
|c|âDark Side of Moon|cool team
|c|âDark Side of Moon|GL
|
|start
|switch|p1a: Heatran|Heatran, F|340\/340
|switch|p2a: Keldeo-Resolute|Keldeo-Resolute|324\/324
|-item|p1a: Heatran|Air Balloon
|turn|1
|c|âAka DH|gl
|join|i came from leddit
|c| i came from leddit|gl hf
|c| i came from leddit|i came from leddit: âAka DH: i suck
|c| i came from leddit|;-;
|c|âDark Side of Moon|wish killer: nice rank MoB Barley
|c|âDark Side of Moon|aka dh what do you want to be when your older?
|
|switch|p1a: Venusaur|Venusaur, M|364\/364
|move|p2a: Keldeo-Resolute|Scald|p1a: Venusaur
|-resisted|p1a: Venusaur
|-damage|p1a: Venusaur|291\/364
|
|turn|2
|c| i came from leddit|mob barley what do you want to be when your older?
|
|switch|p2a: Gengar|Gengar, M|261\/261
|detailschange|p1a: Venusaur|Venusaur-Mega, M
|-mega|p1a: Venusaur|Venusaur|Venusaurite
|move|p1a: Venusaur|Leech Seed|p2a: Gengar
|-start|p2a: Gengar|move: Leech Seed
|
|-damage|p2a: Gengar|229\/261|[from] Leech Seed|[of] p1a: Venusaur
|-heal|p1a: Venusaur|323\/364|[silent]
|turn|3
|c|âDark Side of Moon|your not apart of this conversation
|
|move|p2a: Gengar|Will-O-Wisp|p1a: Venusaur|[miss]
|-miss|p2a: Gengar|p1a: Venusaur
|move|p1a: Venusaur|Giga Drain|p2a: Gengar
|-resisted|p2a: Gengar
|-damage|p2a: Gengar|159\/261
|-heal|p1a: Venusaur|358\/364|[from] drain|[of] p2a: Gengar
|
|-damage|p2a: Gengar|127\/261|[from] Leech Seed|[of] p1a: Venusaur
|-heal|p1a: Venusaur|364\/364|[silent]
|turn|4
|c| i came from leddit|ok
|
|switch|p2a: Keldeo-Resolute|Keldeo-Resolute|324\/324
|move|p1a: Venusaur|Giga Drain|p2a: Keldeo-Resolute
|-supereffective|p2a: Keldeo-Resolute
|-damage|p2a: Keldeo-Resolute|114\/324
|
|-heal|p2a: Keldeo-Resolute|134\/324|[from] item: Leftovers
|turn|5
|
|switch|p2a: Gengar|Gengar, M|127\/261
|move|p1a: Venusaur|Giga Drain|p2a: Gengar
|-resisted|p2a: Gengar
|-damage|p2a: Gengar|58\/261
|
|turn|6
|join|Venom3000
|
|move|p2a: Gengar|Pain Split|p1a: Venusaur
|-sethp|p1a: Venusaur|211\/364|p2a: Gengar|211\/261|[from] move: Pain Split
|move|p1a: Venusaur|Giga Drain|p2a: Gengar
|-resisted|p2a: Gengar
|-damage|p2a: Gengar|148\/261
|-heal|p1a: Venusaur|243\/364|[from] drain|[of] p2a: Gengar
|
|turn|7
|
|move|p2a: Gengar|Shadow Ball|p1a: Venusaur
|-damage|p1a: Venusaur|87\/364
|-damage|p2a: Gengar|122\/261|[from] item: Life Orb
|move|p1a: Venusaur|Giga Drain|p2a: Gengar
|-resisted|p2a: Gengar
|-damage|p2a: Gengar|60\/261
|-heal|p1a: Venusaur|118\/364|[from] drain|[of] p2a: Gengar
|
|turn|8
|
|switch|p1a: Heatran|Heatran, F|340\/340
|-item|p1a: Heatran|Air Balloon
|move|p2a: Gengar|Shadow Ball|p1a: Heatran
|-damage|p1a: Heatran|163\/340
|-enditem|p1a: Heatran|Air Balloon
|-damage|p2a: Gengar|34\/261|[from] item: Life Orb
|
|turn|9
|
|move|p2a: Gengar|Shadow Ball|p1a: Heatran
|-damage|p1a: Heatran|0 fnt
|-damage|p2a: Gengar|8\/261|[from] item: Life Orb
|faint|p1a: Heatran
|
|
|switch|p1a: Venusaur|Venusaur-Mega, M|118\/364
|turn|10
|
|switch|p2a: Latios|Latios, M|301\/301
|move|p1a: Venusaur|Giga Drain|p2a: Latios
|-resisted|p2a: Latios
|-damage|p2a: Latios|256\/301
|-heal|p1a: Venusaur|141\/364|[from] drain|[of] p2a: Latios
|
|turn|11
|
|switch|p1a: Skarmory|Skarmory, M|334\/334
|move|p2a: Latios|Hidden Power|p1a: Skarmory
|-supereffective|p1a: Skarmory
|-damage|p1a: Skarmory|139\/334
|-damage|p2a: Latios|226\/301|[from] item: Life Orb
|
|turn|12
|
|move|p2a: Latios|Hidden Power|p1a: Skarmory
|-supereffective|p1a: Skarmory
|-damage|p1a: Skarmory|0 fnt
|-damage|p2a: Latios|196\/301|[from] item: Life Orb
|faint|p1a: Skarmory
|
|
|switch|p1a: Bisharp|Bisharp, M|334\/334
|turn|13
|
|move|p2a: Latios|Hidden Power|p1a: Bisharp
|-supereffective|p1a: Bisharp
|-damage|p1a: Bisharp|103\/334
|-damage|p2a: Latios|166\/301|[from] item: Life Orb
|move|p1a: Bisharp|Swords Dance|p1a: Bisharp
|-boost|p1a: Bisharp|atk|2
|
|-heal|p1a: Bisharp|123\/334|[from] item: Leftovers
|turn|14
|
|switch|p2a: Keldeo-Resolute|Keldeo-Resolute|134\/324
|move|p1a: Bisharp|Sucker Punch|p2a: Keldeo-Resolute
|-fail|p2a: Keldeo-Resolute
|
|-heal|p2a: Keldeo-Resolute|154\/324|[from] item: Leftovers
|-heal|p1a: Bisharp|143\/334|[from] item: Leftovers
|turn|15
|
|move|p1a: Bisharp|Sucker Punch|p2a: Keldeo-Resolute
|-fail|p2a: Keldeo-Resolute
|move|p2a: Keldeo-Resolute|Substitute|p2a: Keldeo-Resolute
|-start|p2a: Keldeo-Resolute|Substitute
|-damage|p2a: Keldeo-Resolute|73\/324
|
|-heal|p2a: Keldeo-Resolute|93\/324|[from] item: Leftovers
|-heal|p1a: Bisharp|163\/334|[from] item: Leftovers
|turn|16
|
|switch|p1a: Venusaur|Venusaur-Mega, M|141\/364
|move|p2a: Keldeo-Resolute|Scald|p1a: Venusaur
|-resisted|p1a: Venusaur
|-damage|p1a: Venusaur|81\/364
|
|-heal|p2a: Keldeo-Resolute|113\/324|[from] item: Leftovers
|turn|17
|
|move|p2a: Keldeo-Resolute|Scald|p1a: Venusaur
|-resisted|p1a: Venusaur
|-damage|p1a: Venusaur|26\/364
|move|p1a: Venusaur|Synthesis|p1a: Venusaur
|-heal|p1a: Venusaur|208\/364
|
|-heal|p2a: Keldeo-Resolute|133\/324|[from] item: Leftovers
|turn|18
|
|move|p2a: Keldeo-Resolute|Scald|p1a: Venusaur
|-resisted|p1a: Venusaur
|-damage|p1a: Venusaur|142\/364
|move|p1a: Venusaur|Giga Drain|p2a: Keldeo-Resolute
|-supereffective|p2a: Keldeo-Resolute
|-end|p2a: Keldeo-Resolute|Substitute
|-heal|p1a: Venusaur|183\/364|[from] drain|[of] p2a: Keldeo-Resolute
|
|-heal|p2a: Keldeo-Resolute|153\/324|[from] item: Leftovers
|turn|19
|
|switch|p2a: Landorus-Therian|Landorus-Therian, M|319\/319
|-ability|p2a: Landorus-Therian|Intimidate|[of] p1a: Venusaur
|-unboost|p1a: Venusaur|atk|1
|move|p1a: Venusaur|Giga Drain|p2a: Landorus-Therian
|-damage|p2a: Landorus-Therian|192\/319
|-heal|p1a: Venusaur|247\/364|[from] drain|[of] p2a: Landorus-Therian
|
|turn|20
|
|move|p2a: Landorus-Therian|Explosion|p1a: Venusaur
|-damage|p1a: Venusaur|48\/364
|faint|p2a: Landorus-Therian
|move|p1a: Venusaur|Giga Drain|p2: Landorus-Therian|[notarget]
|-notarget
|
|
|switch|p2a: Lopunny|Lopunny, M, shiny|271\/271
|turn|21
|
|detailschange|p2a: Lopunny|Lopunny-Mega, M, shiny
|-mega|p2a: Lopunny|Lopunny|Lopunnite
|move|p2a: Lopunny|Return|p1a: Venusaur
|-damage|p1a: Venusaur|0 fnt
|faint|p1a: Venusaur
|
|
|switch|p1a: Keldeo|Keldeo|323\/323
|turn|22
|
|switch|p2a: Latios|Latios, M|166\/301
|move|p1a: Keldeo|Icy Wind|p2a: Latios
|-crit|p2a: Latios
|-supereffective|p2a: Latios
|-damage|p2a: Latios|0 fnt
|faint|p2a: Latios
|
|
|switch|p2a: Gengar|Gengar, M|8\/261
|turn|23
|
|switch|p1a: Bisharp|Bisharp, M|163\/334
|move|p2a: Gengar|Pain Split|p1a: Bisharp
|-sethp|p1a: Bisharp|85\/334|p2a: Gengar|85\/261|[from] move: Pain Split
|
|-heal|p1a: Bisharp|105\/334|[from] item: Leftovers
|turn|24
|
|switch|p2a: Lopunny|Lopunny-Mega, M, shiny|271\/271
|move|p1a: Bisharp|Sucker Punch|p2a: Lopunny
|-fail|p2a: Lopunny
|
|-heal|p1a: Bisharp|125\/334|[from] item: Leftovers
|turn|25
|
|switch|p1a: Chansey|Chansey, F|684\/684
|move|p2a: Lopunny|High Jump Kick|p1a: Chansey
|-supereffective|p1a: Chansey
|-damage|p1a: Chansey|6\/684
|
|turn|26
|
|move|p2a: Lopunny|Return|p1a: Chansey
|-damage|p1a: Chansey|0 fnt
|faint|p1a: Chansey
|
|c| Venom3000|sash
|
|switch|p1a: Keldeo|Keldeo|323\/323
|turn|27
|
|move|p2a: Lopunny|High Jump Kick|p1a: Keldeo
|-damage|p1a: Keldeo|67\/323
|move|p1a: Keldeo|Secret Sword|p2a: Lopunny
|-supereffective|p2a: Lopunny
|-damage|p2a: Lopunny|0 fnt
|faint|p2a: Lopunny
|
|-heal|p1a: Keldeo|87\/323|[from] item: Leftovers
|
|switch|p2a: Gengar|Gengar, M|85\/261
|turn|28
|
|switch|p1a: Bisharp|Bisharp, M|125\/334
|move|p2a: Gengar|Shadow Ball|p1a: Bisharp
|-crit|p1a: Bisharp
|-resisted|p1a: Bisharp
|-damage|p1a: Bisharp|0 fnt
|-damage|p2a: Gengar|59\/261|[from] item: Life Orb
|faint|p1a: Bisharp
|
|-message|Aka DH forfeited.
|
|win|Dark Side of Moon
|raw|Ladder updating...
|leave|Aka DH
|player|p1
|raw|Aka DH's rating: 1711 &rarr; <strong>1685<\/strong><br \/>(-26 for losing)
|raw|Dark Side of Moon's rating: 1605 &rarr; <strong>1630<\/strong><br \/>(+25 for winning)
|leave|i came from leddit
|leave|Dark Side of Moon
|player|p2
|leave|Venom3000
|join|MoB Barley
|join|Pure Demize
|join|PragaSV
|leave|PragaSV
|join|noobedy
|join|Rawk Hawk
|join|Spooter
|join|Hopeless Cheergirl
|join|asdfCookie