|join|Aka DH
|join|Sexual-Pikachu
|player|p1|Aka DH|1
|player|p2|Sexual-Pikachu|78
|gametype|singles
|gen|6
|tier|OU
|rated
|clearpoke
|poke|p1|Bisharp, M
|poke|p1|Venusaur, F
|poke|p1|Heatran, M
|poke|p1|Keldeo
|poke|p1|Chansey, F
|poke|p1|Skarmory, M
|poke|p2|Heatran, M, shiny
|poke|p2|Charizard, M, shiny
|poke|p2|Landorus-Therian, M
|poke|p2|Ferrothorn, M
|poke|p2|Azumarill, M
|poke|p2|Excadrill, M
|rule|Swagger Clause: Swagger is banned
|rule|Baton Pass Clause: Limit one PokÃ©mon knowing Baton Pass
|rule|Sleep Clause Mod: Limit one foe put to sleep
|rule|Species Clause: Limit one of each PokÃ©mon
|rule|OHKO Clause: OHKO moves are banned
|rule|Moody Clause: Moody is banned
|rule|Evasion Moves Clause: Evasion moves are banned
|rule|Endless Battle Clause: Forcing endless battles is banned
|rule|HP Percentage Mod: HP is shown in percentages
|teampreview
|
|start
|switch|p1a: Heatran|Heatran, M|340\/340
|switch|p2a: LaLa|Charizard, M, shiny|297\/297
|-item|p1a: Heatran|Air Balloon
|turn|1
|
|detailschange|p2a: LaLa|Charizard-Mega-Y, M, shiny
|-mega|p2a: LaLa|Charizard|Charizardite Y
|-weather|SunnyDay
|move|p2a: LaLa|Focus Blast|p1a: Heatran
|-supereffective|p1a: Heatran
|-damage|p1a: Heatran|0 fnt
|-enditem|p1a: Heatran|Air Balloon
|faint|p1a: Heatran
|
|-weather|SunnyDay|[upkeep]
|
|switch|p1a: Chansey|Chansey, F|684\/684
|turn|2
|
|switch|p2a: ThornyStar|Ferrothorn, M|352\/352
|switch|p1a: Venusaur|Venusaur, F|364\/364
|
|-weather|SunnyDay|[upkeep]
|turn|3
|
|switch|p2a: itsme|Heatran, M, shiny|323\/323
|detailschange|p1a: Venusaur|Venusaur-Mega, F
|-mega|p1a: Venusaur|Venusaur|Venusaurite
|move|p1a: Venusaur|Leech Seed|p2a: itsme
|-start|p2a: itsme|move: Leech Seed
|
|-weather|SunnyDay|[upkeep]
|-damage|p2a: itsme|283\/323|[from] Leech Seed|[of] p1a: Venusaur
|turn|4
|
|move|p2a: itsme|Fire Blast|p1a: Venusaur
|-supereffective|p1a: Venusaur
|-damage|p1a: Venusaur|80\/364
|move|p1a: Venusaur|Hidden Power|p2a: itsme
|-start|p2a: itsme|ability: Flash Fire
|
|-weather|SunnyDay|[upkeep]
|-damage|p2a: itsme|243\/323|[from] Leech Seed|[of] p1a: Venusaur
|-heal|p1a: Venusaur|120\/364|[silent]
|turn|5
|
|move|p2a: itsme|Fire Blast|p1a: Venusaur
|-supereffective|p1a: Venusaur
|-damage|p1a: Venusaur|0 fnt
|faint|p1a: Venusaur
|
|-weather|none
|
|switch|p1a: Keldeo|Keldeo|323\/323
|turn|6
|
|switch|p2a: Fireball|Azumarill, M|404\/404
|move|p1a: Keldeo|Scald|p2a: Fireball
|-resisted|p2a: Fireball
|-damage|p2a: Fireball|313\/404
|
|turn|7
|
|switch|p1a: Skarmory|Skarmory, M|334\/334
|move|p2a: Fireball|Waterfall|p1a: Skarmory
|-damage|p1a: Skarmory|160\/334
|-damage|p2a: Fireball|246\/404|[from] item: Rocky Helmet|[of] p1a: Skarmory
|
|turn|8
|
|move|p1a: Skarmory|Roost|p1a: Skarmory
|-heal|p1a: Skarmory|327\/334
|move|p2a: Fireball|Waterfall|p1a: Skarmory
|-damage|p1a: Skarmory|161\/334
|-damage|p2a: Fireball|179\/404|[from] item: Rocky Helmet|[of] p1a: Skarmory
|
|turn|9
|
|switch|p2a: LaLa|Charizard-Mega-Y, M, shiny|297\/297
|-weather|SunnyDay
|move|p1a: Skarmory|Roost|p1a: Skarmory
|-heal|p1a: Skarmory|328\/334
|
|-weather|SunnyDay|[upkeep]
|turn|10
|
|switch|p1a: Chansey|Chansey, F|684\/684
|move|p2a: LaLa|Flamethrower|p1a: Chansey
|-damage|p1a: Chansey|506\/684
|
|-weather|SunnyDay|[upkeep]
|turn|11
|
|switch|p2a: ThornyStar|Ferrothorn, M|352\/352
|move|p1a: Chansey|Soft-Boiled|p1a: Chansey
|-heal|p1a: Chansey|684\/684
|
|-weather|SunnyDay|[upkeep]
|turn|12
|
|switch|p1a: Bisharp|Bisharp, M|334\/334
|move|p2a: ThornyStar|Thunder Wave|p1a: Bisharp
|-status|p1a: Bisharp|par
|
|-weather|SunnyDay|[upkeep]
|turn|13
|
|switch|p2a: Landorus-Therian|Landorus-Therian, M|319\/319
|-ability|p2a: Landorus-Therian|Intimidate|[of] p1a: Bisharp
|-unboost|p1a: Bisharp|atk|1
|-boost|p1a: Bisharp|atk|2|[from] ability: Defiant
|move|p1a: Bisharp|Swords Dance|p1a: Bisharp
|-boost|p1a: Bisharp|atk|2
|
|-weather|none
|turn|14
|
|switch|p1a: Skarmory|Skarmory, M|328\/334
|move|p2a: Landorus-Therian|Superpower|p1a: Skarmory
|-damage|p1a: Skarmory|218\/334
|-damage|p2a: Landorus-Therian|266\/319|[from] item: Rocky Helmet|[of] p1a: Skarmory
|-unboost|p2a: Landorus-Therian|atk|1
|-unboost|p2a: Landorus-Therian|def|1
|
|turn|15
|
|switch|p2a: ThornyStar|Ferrothorn, M|352\/352
|move|p1a: Skarmory|Spikes|p2a: ThornyStar
|-sidestart|p2: Sexual-Pikachu|Spikes
|
|turn|16
|
|move|p1a: Skarmory|Roost|p1a: Skarmory
|-heal|p1a: Skarmory|334\/334
|move|p2a: ThornyStar|Thunder Wave|p1a: Skarmory
|-status|p1a: Skarmory|par
|
|turn|17
|
|move|p2a: ThornyStar|Stealth Rock|p1a: Skarmory
|-sidestart|p1: Aka DH|move: Stealth Rock
|move|p1a: Skarmory|Spikes|p2a: ThornyStar
|-sidestart|p2: Sexual-Pikachu|Spikes
|
|turn|18
|
|switch|p1a: Chansey|Chansey, F|684\/684
|-damage|p1a: Chansey|599\/684|[from] Stealth Rock
|move|p2a: ThornyStar|Spikes|p1a: Chansey
|-sidestart|p1: Aka DH|Spikes
|
|turn|19
|
|move|p1a: Chansey|Aromatherapy|p1a: Chansey
|-cureteam|p1a: Chansey|[from] move: Aromatherapy
|move|p2a: ThornyStar|Thunder Wave|p1a: Chansey
|-status|p1a: Chansey|par
|
|turn|20
|
|switch|p1a: Bisharp|Bisharp, M|334\/334
|-damage|p1a: Bisharp|314\/334|[from] Stealth Rock
|-damage|p1a: Bisharp|273\/334|[from] Spikes
|move|p2a: ThornyStar|Thunder Wave|p1a: Bisharp
|-status|p1a: Bisharp|par
|
|-heal|p1a: Bisharp|293\/334 par|[from] item: Leftovers
|turn|21
|
|switch|p2a: LaLa|Charizard-Mega-Y, M, shiny|297\/297
|-weather|SunnyDay
|move|p1a: Bisharp|Swords Dance|p1a: Bisharp
|-boost|p1a: Bisharp|atk|2
|
|-weather|SunnyDay|[upkeep]
|-heal|p1a: Bisharp|313\/334 par|[from] item: Leftovers
|turn|22
|
|move|p1a: Bisharp|Sucker Punch|p2a: LaLa
|-damage|p2a: LaLa|0 fnt
|faint|p2a: LaLa
|
|-weather|SunnyDay|[upkeep]
|-heal|p1a: Bisharp|333\/334 par|[from] item: Leftovers
|
|switch|p2a: itsme|Heatran, M, shiny|243\/323
|-damage|p2a: itsme|190\/323|[from] Spikes
|turn|23
|
|cant|p1a: Bisharp|par
|move|p2a: itsme|Fire Blast|p1a: Bisharp|[miss]
|-miss|p2a: itsme|p1a: Bisharp
|
|-weather|SunnyDay|[upkeep]
|-heal|p1a: Bisharp|334\/334 par|[from] item: Leftovers
|turn|24
|
|move|p1a: Bisharp|Sucker Punch|p2a: itsme
|-damage|p2a: itsme|0 fnt
|faint|p2a: itsme
|
|-weather|SunnyDay|[upkeep]
|
|switch|p2a: Fireball|Azumarill, M|179\/404
|-damage|p2a: Fireball|112\/404|[from] Spikes
|turn|25
|
|move|p1a: Bisharp|Sucker Punch|p2a: Fireball
|-crit|p2a: Fireball
|-resisted|p2a: Fireball
|-damage|p2a: Fireball|0 fnt
|faint|p2a: Fireball
|
|-weather|none
|
|switch|p2a: salley|Excadrill, M|391\/391
|-damage|p2a: salley|326\/391|[from] Spikes
|-ability|p2a: salley|Mold Breaker
|turn|26
|
|move|p1a: Bisharp|Sucker Punch|p2a: salley
|-damage|p2a: salley|0 fnt
|faint|p2a: salley
|
|-message|Sexual-Pikachu forfeited.
|leave|Sexual-Pikachu
|
|win|Aka DH
|raw|Ladder updating...
|player|p2
|raw|Aka DH's rating: 1777 &rarr; <strong>1785<\/strong><br \/>(+8 for winning)
|raw|Sexual-Pikachu's rating: 1516 &rarr; <strong>1509<\/strong><br \/>(-7 for losing)