|join|l-Thunder
|join|Aka DH
|player|p1|l-Thunder|144
|player|p2|Aka DH|68
|gametype|singles
|gen|6
|tier|OU
|clearpoke
|poke|p1|Bisharp, M, shiny
|poke|p1|Garchomp, M
|poke|p1|Keldeo-Resolute, shiny
|poke|p1|Landorus-Therian, M, shiny
|poke|p1|Metagross, shiny
|poke|p1|Thundurus, M
|poke|p2|Bisharp, F
|poke|p2|Venusaur, F
|poke|p2|Heatran, M
|poke|p2|Keldeo-Resolute
|poke|p2|Chansey, F
|poke|p2|Skarmory, F
|rule|Swagger Clause: Swagger is banned
|rule|Baton Pass Clause: Limit one PokÃ©mon knowing Baton Pass
|rule|Sleep Clause Mod: Limit one foe put to sleep
|rule|Species Clause: Limit one of each PokÃ©mon
|rule|OHKO Clause: OHKO moves are banned
|rule|Moody Clause: Moody is banned
|rule|Evasion Moves Clause: Evasion moves are banned
|rule|Endless Battle Clause: Forcing endless battles is banned
|rule|HP Percentage Mod: HP is shown in percentages
|teampreview
|join|ThE0 da King
|join|Keiix
|join|CleanerThanRotom-W
|join|Days End
|join|Soul M8
|c|âl-Thunder|Always the same team :3
|join|pokemanMastur
|join|nikelalogique
|join|Glorious Player
|join|LT2a windu
|
|start
|switch|p1a: Carchachomp.|Garchomp, M|358\/358
|switch|p2a: Venusaur|Venusaur, F|364\/364
|turn|1
|join|TheNewBrends11
|
|detailschange|p2a: Venusaur|Venusaur-Mega, F
|-mega|p2a: Venusaur|Venusaur|Venusaurite
|move|p1a: Carchachomp.|Stealth Rock|p2a: Venusaur
|-sidestart|p2: Aka DH|move: Stealth Rock
|move|p2a: Venusaur|Leech Seed|p1a: Carchachomp.
|-start|p1a: Carchachomp.|move: Leech Seed
|
|-damage|p1a: Carchachomp.|314\/358|[from] Leech Seed|[of] p2a: Venusaur
|turn|2
|join|Alkov
|
|move|p1a: Carchachomp.|Swords Dance|p1a: Carchachomp.
|-boost|p1a: Carchachomp.|atk|2
|move|p2a: Venusaur|Leech Seed|p1a: Carchachomp.
|-fail|p1a: Carchachomp.
|
|-damage|p1a: Carchachomp.|270\/358|[from] Leech Seed|[of] p2a: Venusaur
|turn|3
|join|aweonaoMoore
|join|GunnerRohan
|
|switch|p1a: Fulgurus.|Thundurus, M|299\/299
|move|p2a: Venusaur|Giga Drain|p1a: Fulgurus.
|-resisted|p1a: Fulgurus.
|-damage|p1a: Fulgurus.|233\/299
|
|turn|4
|
|switch|p2a: Chansey|Chansey, F|684\/684
|-damage|p2a: Chansey|599\/684|[from] Stealth Rock
|move|p1a: Fulgurus.|Thunder Wave|p2a: Chansey
|-status|p2a: Chansey|par
|
|turn|5
|join|MolleteLADD
|
|switch|p1a: Carchachomp.|Garchomp, M|270\/358
|move|p2a: Chansey|Seismic Toss|p1a: Carchachomp.
|-damage|p1a: Carchachomp.|170\/358
|-damage|p2a: Chansey|514\/684 par|[from] ability: Rough Skin|[of] p1a: Carchachomp.
|
|turn|6
|
|switch|p2a: Heatran|Heatran, M|340\/340
|-damage|p2a: Heatran|298\/340|[from] Stealth Rock
|-item|p2a: Heatran|Air Balloon
|move|p1a: Carchachomp.|Swords Dance|p1a: Carchachomp.
|-boost|p1a: Carchachomp.|atk|2
|
|turn|7
|join|QKIC
|
|switch|p1a: Keldeo-Resolute|Keldeo-Resolute, shiny|324\/324
|move|p2a: Heatran|Stealth Rock|p1a: Keldeo-Resolute
|-sidestart|p1: l-Thunder|move: Stealth Rock
|
|turn|8
|join|KeepoKappaKeepo
|join|ollopa
|
|switch|p1a: Metagross|Metagross, shiny|302\/302
|-damage|p1a: Metagross|284\/302|[from] Stealth Rock
|switch|p2a: Venusaur|Venusaur-Mega, F|364\/364
|-damage|p2a: Venusaur|319\/364|[from] Stealth Rock
|
|turn|9
|join|sand1234
|
|switch|p2a: Skarmory|Skarmory, F|334\/334
|-damage|p2a: Skarmory|293\/334|[from] Stealth Rock
|detailschange|p1a: Metagross|Metagross-Mega, shiny
|-mega|p1a: Metagross|Metagross|Metagrossite
|move|p1a: Metagross|Meteor Mash|p2a: Skarmory
|-resisted|p2a: Skarmory
|-damage|p2a: Skarmory|215\/334
|-damage|p1a: Metagross|234\/302|[from] item: Rocky Helmet|[of] p2a: Skarmory
|
|turn|10
|leave|aweonaoMoore
|
|switch|p1a: Keldeo-Resolute|Keldeo-Resolute, shiny|324\/324
|-damage|p1a: Keldeo-Resolute|304\/324|[from] Stealth Rock
|move|p2a: Skarmory|Roost|p2a: Skarmory
|-heal|p2a: Skarmory|334\/334
|
|-heal|p1a: Keldeo-Resolute|324\/324|[from] item: Leftovers
|turn|11
|
|switch|p2a: Venusaur|Venusaur-Mega, F|319\/364
|-damage|p2a: Venusaur|274\/364|[from] Stealth Rock
|move|p1a: Keldeo-Resolute|Substitute|p1a: Keldeo-Resolute
|-start|p1a: Keldeo-Resolute|Substitute
|-damage|p1a: Keldeo-Resolute|243\/324
|
|-heal|p1a: Keldeo-Resolute|263\/324|[from] item: Leftovers
|turn|12
|leave|sand1234
|
|move|p1a: Keldeo-Resolute|Calm Mind|p1a: Keldeo-Resolute
|-boost|p1a: Keldeo-Resolute|spa|1
|-boost|p1a: Keldeo-Resolute|spd|1
|move|p2a: Venusaur|Giga Drain|p1a: Keldeo-Resolute
|-supereffective|p1a: Keldeo-Resolute
|-end|p1a: Keldeo-Resolute|Substitute
|-heal|p2a: Venusaur|315\/364|[from] drain|[of] p1a: Keldeo-Resolute
|
|-heal|p1a: Keldeo-Resolute|283\/324|[from] item: Leftovers
|turn|13
|join|AbrasKazam
|
|move|p1a: Keldeo-Resolute|Scald|p2a: Venusaur
|-resisted|p2a: Venusaur
|-damage|p2a: Venusaur|219\/364
|-status|p2a: Venusaur|brn
|move|p2a: Venusaur|Giga Drain|p1a: Keldeo-Resolute
|-supereffective|p1a: Keldeo-Resolute
|-damage|p1a: Keldeo-Resolute|131\/324
|-heal|p2a: Venusaur|295\/364 brn|[from] drain|[of] p1a: Keldeo-Resolute
|
|-heal|p1a: Keldeo-Resolute|151\/324|[from] item: Leftovers
|-damage|p2a: Venusaur|250\/364 brn|[from] brn
|turn|14
|leave|AbrasKazam
|join|jizz6969696
|
|move|p1a: Keldeo-Resolute|Substitute|p1a: Keldeo-Resolute
|-start|p1a: Keldeo-Resolute|Substitute
|-damage|p1a: Keldeo-Resolute|70\/324
|move|p2a: Venusaur|Leech Seed|p1a: Keldeo-Resolute
|
|-heal|p1a: Keldeo-Resolute|90\/324|[from] item: Leftovers
|-damage|p2a: Venusaur|205\/364 brn|[from] brn
|turn|15
|leave|pokemanMastur
|
|move|p1a: Keldeo-Resolute|Calm Mind|p1a: Keldeo-Resolute
|-boost|p1a: Keldeo-Resolute|spa|1
|-boost|p1a: Keldeo-Resolute|spd|1
|move|p2a: Venusaur|Giga Drain|p1a: Keldeo-Resolute
|-supereffective|p1a: Keldeo-Resolute
|-end|p1a: Keldeo-Resolute|Substitute
|-heal|p2a: Venusaur|246\/364 brn|[from] drain|[of] p1a: Keldeo-Resolute
|
|-heal|p1a: Keldeo-Resolute|110\/324|[from] item: Leftovers
|-damage|p2a: Venusaur|201\/364 brn|[from] brn
|turn|16
|c| jizz6969696|good play i-thunder
|
|move|p1a: Keldeo-Resolute|Scald|p2a: Venusaur
|-resisted|p2a: Venusaur
|-damage|p2a: Venusaur|73\/364 brn
|move|p2a: Venusaur|Synthesis|p2a: Venusaur
|-heal|p2a: Venusaur|255\/364 brn
|
|-heal|p1a: Keldeo-Resolute|130\/324|[from] item: Leftovers
|-damage|p2a: Venusaur|210\/364 brn|[from] brn
|turn|17
|join|Villager B
|
|move|p1a: Keldeo-Resolute|Scald|p2a: Venusaur
|-resisted|p2a: Venusaur
|-damage|p2a: Venusaur|86\/364 brn
|move|p2a: Venusaur|Giga Drain|p1a: Keldeo-Resolute
|-supereffective|p1a: Keldeo-Resolute
|-damage|p1a: Keldeo-Resolute|22\/324
|-heal|p2a: Venusaur|140\/364 brn|[from] drain|[of] p1a: Keldeo-Resolute
|
|-heal|p1a: Keldeo-Resolute|42\/324|[from] item: Leftovers
|-damage|p2a: Venusaur|95\/364 brn|[from] brn
|turn|18
|join|Here to GG
|c|âl-Thunder|Keldeo>M-Saur
|
|move|p1a: Keldeo-Resolute|Scald|p2a: Venusaur
|-resisted|p2a: Venusaur
|-damage|p2a: Venusaur|0 fnt
|faint|p2a: Venusaur
|
|-heal|p1a: Keldeo-Resolute|62\/324|[from] item: Leftovers
|c| Soul M8|y
|c| Alkov|win the speed tie against his keldeo
|c| Alkov|and you sweep y\/y?
|c|âl-Thunder|obv o0
|c| jizz6969696|truu
|
|switch|p2a: Bisharp|Bisharp, F|334\/334
|-damage|p2a: Bisharp|314\/334|[from] Stealth Rock
|turn|19
|c|âl-Thunder|and win the 5050 with bisharp
|c|âl-Thunder|too
|join|BasedLord Soldier
|c| Days End|how do you set up on m-venu
|c| jizz6969696|CRIT
|c| Days End|that shouldnt be a thing.
|c| jizz6969696|im calling it
|c| Days End|even then tho
|
|move|p2a: Bisharp|Sucker Punch|p1a: Keldeo-Resolute
|-resisted|p1a: Keldeo-Resolute
|-damage|p1a: Keldeo-Resolute|0 fnt
|faint|p1a: Keldeo-Resolute
|
|-heal|p2a: Bisharp|334\/334|[from] item: Leftovers
|join|friend a
|c| Alkov|RIP
|c| KeepoKappaKeepo|should've went for sub
|c| Soul M8|cm
|c| KeepoKappaKeepo|or that
|c| KeepoKappaKeepo|It was a win win situation if you go for cm or sub
|c|âAka DH|how many pros are here?
|c| KeepoKappaKeepo|You either get +1 or get knocked out.
|c|âl-Thunder|bisharp sweeps now
|c| jizz6969696|sub is safer
|c|âl-Thunder|:3
|c| KeepoKappaKeepo|He has no switchins unless his Keldeo has a scarf.
|
|switch|p1a: Scalsharp.|Bisharp, M, shiny|272\/272
|-damage|p1a: Scalsharp.|255\/272|[from] Stealth Rock
|turn|20
|c| Soul M8|jollu kick
|c|âl-Thunder|y
|c| Soul M8|low*
|c| jizz6969696|LOW KICK
|
|move|p1a: Scalsharp.|Knock Off|p2a: Bisharp
|-resisted|p2a: Bisharp
|-damage|p2a: Bisharp|216\/334
|-enditem|p2a: Bisharp|Leftovers|[from] move: Knock Off|[of] p1a: Scalsharp.
|-damage|p1a: Scalsharp.|228\/272|[from] item: Life Orb
|move|p2a: Bisharp|Swords Dance|p2a: Bisharp
|-boost|p2a: Bisharp|atk|2
|
|turn|21
|
|move|p1a: Scalsharp.|Iron Head|p2a: Bisharp
|-resisted|p2a: Bisharp
|-damage|p2a: Bisharp|133\/334
|-damage|p1a: Scalsharp.|201\/272|[from] item: Life Orb
|cant|p2a: Bisharp|flinch
|
|turn|22
|c| jizz6969696|oh nvm
|c| KeepoKappaKeepo|predictions are here
|c| KeepoKappaKeepo|So is hax.
|c|âl-Thunder|#revennge
|c| Alkov|1 more flinch
|c| Alkov|like a true lord
|c| jizz6969696|THE FLINCH
|
|move|p1a: Scalsharp.|Iron Head|p2a: Bisharp
|-resisted|p2a: Bisharp
|-damage|p2a: Bisharp|43\/334
|-damage|p1a: Scalsharp.|174\/272|[from] item: Life Orb
|move|p2a: Bisharp|Knock Off|p1a: Scalsharp.
|-resisted|p1a: Scalsharp.
|-damage|p1a: Scalsharp.|5\/272
|-enditem|p1a: Scalsharp.|Life Orb|[from] move: Knock Off|[of] p2a: Bisharp
|
|turn|23
|c| KeepoKappaKeepo|Nice, now BP kills
|c| KeepoKappaKeepo|Good luck killing Chansey though
|
|switch|p2a: Heatran|Heatran, M|298\/340
|-damage|p2a: Heatran|256\/340|[from] Stealth Rock
|-item|p2a: Heatran|Air Balloon
|move|p1a: Scalsharp.|Sucker Punch|p2a: Heatran
|-fail|p2a: Heatran
|
|turn|24
|join|MaybeI'mMamoswine
|c| Days End|rough skin may kill sharp as well
|
|move|p1a: Scalsharp.|Sucker Punch|p2a: Heatran
|-damage|p2a: Heatran|147\/340
|-enditem|p2a: Heatran|Air Balloon
|move|p2a: Heatran|Fire Blast|p1a: Scalsharp.|[miss]
|-miss|p2a: Heatran|p1a: Scalsharp.
|
|turn|25
|c| CleanerThanRotom-W|hello aka dh
|c| CleanerThanRotom-W|nice team
|c| CleanerThanRotom-W|did u make it urself
|c| KeepoKappaKeepo|LOL
|c|âl-Thunder|ez
|join|Arthyerz
|c| Soul M8|aha
|c| jizz6969696|COME ON I-THUNDER I BLEIEVE IN YOU
|c| GunnerRohan|lmao
|c| KeepoKappaKeepo|I wasn't laughing about the miss, though
|
|move|p1a: Scalsharp.|Sucker Punch|p2a: Heatran
|-damage|p2a: Heatran|38\/340
|move|p2a: Heatran|Fire Blast|p1a: Scalsharp.
|-supereffective|p1a: Scalsharp.
|-damage|p1a: Scalsharp.|0 fnt
|faint|p1a: Scalsharp.
|
|c|âAka DH|yes cleaner
|c| CleanerThanRotom-W|wish killer stoleur team
|c| CleanerThanRotom-W|also bloody sunday
|c|âAka DH|wish killer is rude
|
|switch|p1a: Metagross|Metagross-Mega, shiny|234\/302
|-damage|p1a: Metagross|216\/302|[from] Stealth Rock
|turn|26
|c| CleanerThanRotom-W|and bloody sunday is friendly?
|c|âAka DH|yes
|c| CleanerThanRotom-W|ok
|
|switch|p2a: Skarmory|Skarmory, F|334\/334
|-damage|p2a: Skarmory|293\/334|[from] Stealth Rock
|move|p1a: Metagross|Hammer Arm|p2a: Skarmory
|-damage|p2a: Skarmory|182\/334
|-damage|p1a: Metagross|166\/302|[from] item: Rocky Helmet|[of] p2a: Skarmory
|-unboost|p1a: Metagross|spe|1
|
|turn|27
|leave|Arthyerz
|
|move|p1a: Metagross|Hammer Arm|p2a: Skarmory
|-damage|p2a: Skarmory|77\/334
|-damage|p1a: Metagross|116\/302|[from] item: Rocky Helmet|[of] p2a: Skarmory
|-unboost|p1a: Metagross|spe|1
|move|p2a: Skarmory|Roost|p2a: Skarmory
|-heal|p2a: Skarmory|244\/334
|
|turn|28
|c| jizz6969696|skarm switch obvi AF
|
|move|p2a: Skarmory|Spikes|p1a: Metagross
|-sidestart|p1: l-Thunder|Spikes
|move|p1a: Metagross|Hammer Arm|p2a: Skarmory
|-damage|p2a: Skarmory|139\/334
|-damage|p1a: Metagross|66\/302|[from] item: Rocky Helmet|[of] p2a: Skarmory
|-unboost|p1a: Metagross|spe|1
|
|turn|29
|
|switch|p2a: Heatran|Heatran, M|38\/340
|-damage|p2a: Heatran|0 fnt|[from] Stealth Rock
|faint|p2a: Heatran
|move|p1a: Metagross|Hammer Arm|p2: Heatran|[notarget]
|-notarget
|
|c| KeepoKappaKeepo|Jeez, that skarm has a lot of speed EVs
|
|switch|p2a: Keldeo-Resolute|Keldeo-Resolute|324\/324
|-damage|p2a: Keldeo-Resolute|304\/324|[from] Stealth Rock
|turn|30
|
|move|p2a: Keldeo-Resolute|Scald|p1a: Metagross
|-damage|p1a: Metagross|0 fnt
|faint|p1a: Metagross
|
|-heal|p2a: Keldeo-Resolute|324\/324|[from] item: Leftovers
|c| jizz6969696|bruh
|c| jizz6969696|you lost
|c|âl-Thunder|since the 5050 with sharp
|
|switch|p1a: Fulgurus.|Thundurus, M|233\/299
|-damage|p1a: Fulgurus.|159\/299|[from] Stealth Rock
|turn|31
|leave|Soul M8
|
|switch|p2a: Chansey|Chansey, F|514\/684
|-damage|p2a: Chansey|429\/684|[from] Stealth Rock
|move|p1a: Fulgurus.|Focus Blast|p2a: Chansey
|-supereffective|p2a: Chansey
|-damage|p2a: Chansey|211\/684
|-damage|p1a: Fulgurus.|130\/299|[from] item: Life Orb
|
|turn|32
|c| KeepoKappaKeepo|I think you lost when Keldeo died
|join|Maeckes
|c| jizz6969696|yes
|c|âl-Thunder|omg
|c|âl-Thunder|i can win
|c|âl-Thunder|no miss
|c|âl-Thunder|para
|c| GunnerRohan|MISS
|c|âl-Thunder|=>gg
|
|move|p1a: Fulgurus.|Focus Blast|p2a: Chansey
|-supereffective|p2a: Chansey
|-damage|p2a: Chansey|0 fnt
|-damage|p1a: Fulgurus.|101\/299|[from] item: Life Orb
|faint|p2a: Chansey
|
|join|l123
|
|switch|p2a: Bisharp|Bisharp, F|43\/334
|-damage|p2a: Bisharp|23\/334|[from] Stealth Rock
|turn|33
|c|âl-Thunder|!!!!!!
|c| CleanerThanRotom-W|?
|c|âl-Thunder|para it
|c|âl-Thunder|ez
|c| jizz6969696|thunder wave you aint real
|c|âl-Thunder|i trust in you
|c| GunnerRohan|you have rough skin chomp in the back
|
|move|p1a: Fulgurus.|Thunder Wave|p2a: Bisharp
|-status|p2a: Bisharp|par
|move|p2a: Bisharp|Sucker Punch|p1a: Fulgurus.
|-fail|p1a: Fulgurus.
|
|turn|34
|c| jizz6969696|YOOOOO
|c|âl-Thunder|what
|c| GunnerRohan|oml.
|leave|Days End
|join|Days End
|leave|Days End
|
|move|p2a: Bisharp|Sucker Punch|p1a: Fulgurus.
|-crit|p1a: Fulgurus.
|-damage|p1a: Fulgurus.|0 fnt
|faint|p1a: Fulgurus.
|
|c|âl-Thunder|.sad
|c| jizz6969696|THE CRIT
|c| KeepoKappaKeepo|that mattered....not really
|
|switch|p1a: Carchachomp.|Garchomp, M|170\/358
|-damage|p1a: Carchachomp.|126\/358|[from] Spikes
|-damage|p1a: Carchachomp.|104\/358|[from] Stealth Rock
|turn|35
|join|Arthyerz
|leave|Keiix
|c| KeepoKappaKeepo|Should've just sacked your garchomp
|c| KeepoKappaKeepo|and saved your Thunderus
|
|move|p2a: Bisharp|Sucker Punch|p1a: Carchachomp.
|-damage|p1a: Carchachomp.|0 fnt
|-damage|p2a: Bisharp|0 fnt|[from] ability: Rough Skin|[of] p1a: Carchachomp.
|faint|p2a: Bisharp
|faint|p1a: Carchachomp.
|
|c| GunnerRohan|exactly
|c| jizz6969696|yea i calced the crit did not matter
|c| GunnerRohan|jesus
|-message|l-Thunder forfeited.
|
|win|Aka DH