|join|Aka DH
|join|Arcanine is Regal
|player|p1|Aka DH|1
|player|p2|Arcanine is Regal|126
|gametype|singles
|gen|6
|tier|OU
|rated
|clearpoke
|poke|p1|Bisharp, F
|poke|p1|Venusaur, F
|poke|p1|Heatran, M
|poke|p1|Keldeo
|poke|p1|Chansey, F
|poke|p1|Skarmory, M
|poke|p2|Arcanine, M
|poke|p2|Altaria, F
|poke|p2|Ferrothorn, F
|poke|p2|Tentacruel, F
|poke|p2|Gliscor, F
|poke|p2|Zapdos
|rule|Swagger Clause: Swagger is banned
|rule|Baton Pass Clause: Limit one PokÃ©mon knowing Baton Pass
|rule|Sleep Clause Mod: Limit one foe put to sleep
|rule|Species Clause: Limit one of each PokÃ©mon
|rule|OHKO Clause: OHKO moves are banned
|rule|Moody Clause: Moody is banned
|rule|Evasion Moves Clause: Evasion moves are banned
|rule|Endless Battle Clause: Forcing endless battles is banned
|rule|HP Percentage Mod: HP is shown in percentages
|teampreview
|join|gyarad0site
|
|start
|switch|p1a: Bisharp|Bisharp, F|334\/334
|switch|p2a: Gliscor|Gliscor, F|337\/337
|turn|1
|
|move|p2a: Gliscor|Earthquake|p1a: Bisharp
|-supereffective|p1a: Bisharp
|-damage|p1a: Bisharp|22\/334
|move|p1a: Bisharp|Knock Off|p2a: Gliscor
|-damage|p2a: Gliscor|180\/337
|-enditem|p2a: Gliscor|Toxic Orb|[from] move: Knock Off|[of] p1a: Bisharp
|
|-heal|p1a: Bisharp|42\/334|[from] item: Leftovers
|turn|2
|
|switch|p1a: Venusaur|Venusaur, F|364\/364
|move|p2a: Gliscor|Swords Dance|p2a: Gliscor
|-boost|p2a: Gliscor|atk|2
|
|turn|3
|
|detailschange|p1a: Venusaur|Venusaur-Mega, F
|-mega|p1a: Venusaur|Venusaur|Venusaurite
|move|p2a: Gliscor|Taunt|p1a: Venusaur
|-start|p1a: Venusaur|move: Taunt
|move|p1a: Venusaur|Giga Drain|p2a: Gliscor
|-damage|p2a: Gliscor|47\/337
|
|turn|4
|
|move|p2a: Gliscor|Earthquake|p1a: Venusaur
|-damage|p1a: Venusaur|181\/364
|move|p1a: Venusaur|Giga Drain|p2a: Gliscor
|-damage|p2a: Gliscor|0 fnt
|-heal|p1a: Venusaur|205\/364|[from] drain|[of] p2a: Gliscor
|faint|p2a: Gliscor
|
|
|switch|p2a: Tentacruel|Tentacruel, F|364\/364
|turn|5
|
|switch|p1a: Chansey|Chansey, F|684\/684
|move|p2a: Tentacruel|Toxic Spikes|p1a: Chansey
|-sidestart|p1: Aka DH|move: Toxic Spikes
|
|turn|6
|join|Thimolimo
|leave|Thimolimo
|-message|Arcanine is Regal forfeited.
|
|move|p2a: Tentacruel|Scald|p1a: Chansey
|-crit|p1a: Chansey
|-damage|p1a: Chansey|608\/684
|-status|p1a: Chansey|brn
|move|p1a: Chansey|Seismic Toss|p2a: Tentacruel
|-damage|p2a: Tentacruel|264\/364
|
|-heal|p2a: Tentacruel|286\/364|[from] item: Black Sludge
|-damage|p1a: Chansey|523\/684 brn|[from] brn
|turn|7
|leave|Arcanine is Regal
|
|win|Aka DH
|raw|Ladder updating...
|player|p2
|raw|Aka DH's rating: 1709 &rarr; <strong>1724<\/strong><br \/>(+15 for winning)
|raw|Arcanine is Regal's rating: 1611 &rarr; <strong>1596<\/strong><br \/>(-15 for losing)