|join|Aka DH
|join|Arcanine is Regal
|player|p1|Aka DH|1
|player|p2|Arcanine is Regal|126
|gametype|singles
|gen|6
|tier|OU
|rated
|clearpoke
|poke|p1|Bisharp, M
|poke|p1|Venusaur, F
|poke|p1|Heatran, M
|poke|p1|Keldeo
|poke|p1|Chansey, F
|poke|p1|Skarmory, M
|poke|p2|Garchomp, M
|poke|p2|Ferrothorn, F
|poke|p2|Latias, F
|poke|p2|Clefable, F
|poke|p2|Gengar, F
|poke|p2|Starmie
|rule|Swagger Clause: Swagger is banned
|rule|Baton Pass Clause: Limit one PokÃ©mon knowing Baton Pass
|rule|Sleep Clause Mod: Limit one foe put to sleep
|rule|Species Clause: Limit one of each PokÃ©mon
|rule|OHKO Clause: OHKO moves are banned
|rule|Moody Clause: Moody is banned
|rule|Evasion Moves Clause: Evasion moves are banned
|rule|Endless Battle Clause: Forcing endless battles is banned
|rule|HP Percentage Mod: HP is shown in percentages
|teampreview
|
|start
|switch|p1a: Heatran|Heatran, M|340\/340
|switch|p2a: Gengar|Gengar, F|261\/261
|-item|p1a: Heatran|Air Balloon
|turn|1
|
|move|p2a: Gengar|Focus Blast|p1a: Heatran|[miss]
|-miss|p2a: Gengar|p1a: Heatran
|move|p1a: Heatran|Fire Blast|p2a: Gengar
|-damage|p2a: Gengar|57\/261
|
|turn|2
|
|switch|p1a: Chansey|Chansey, F|684\/684
|move|p2a: Gengar|Destiny Bond|p2a: Gengar
|-singlemove|p2a: Gengar|Destiny Bond
|
|turn|3
|
|move|p2a: Gengar|Will-O-Wisp|p1a: Chansey
|-status|p1a: Chansey|brn
|move|p1a: Chansey|Thunder Wave|p2a: Gengar
|-status|p2a: Gengar|par
|
|-damage|p1a: Chansey|599\/684 brn|[from] brn
|turn|4
|
|switch|p2a: Garchomp|Garchomp, M|420\/420
|move|p1a: Chansey|Aromatherapy|p1a: Chansey
|-cureteam|p1a: Chansey|[from] move: Aromatherapy
|
|turn|5
|
|switch|p1a: Heatran|Heatran, M|340\/340
|-item|p1a: Heatran|Air Balloon
|move|p2a: Garchomp|Stealth Rock|p1a: Heatran
|-sidestart|p1: Aka DH|move: Stealth Rock
|
|turn|6
|
|switch|p2a: Starmie|Starmie|261\/261
|move|p1a: Heatran|Stealth Rock|p2a: Starmie
|-sidestart|p2: Arcanine is Regal|move: Stealth Rock
|
|turn|7
|join|oml it's too ez
|
|move|p2a: Starmie|Trick|p1a: Heatran
|-activate|p2a: Starmie|move: Trick|[of] p1a: Heatran
|-item|p1a: Heatran|Choice Specs|[from] move: Trick
|-item|p2a: Starmie|Air Balloon
|-item|p2a: Starmie|Air Balloon|[from] move: Trick
|move|p1a: Heatran|Toxic|p2a: Starmie
|-status|p2a: Starmie|tox
|
|-damage|p2a: Starmie|245\/261 tox|[from] psn
|turn|8
|
|switch|p1a: Chansey|Chansey, F|599\/684
|-damage|p1a: Chansey|514\/684|[from] Stealth Rock
|move|p2a: Starmie|Hydro Pump|p1a: Chansey
|-damage|p1a: Chansey|384\/684
|
|-damage|p2a: Starmie|213\/261 tox|[from] psn
|turn|9
|
|move|p2a: Starmie|Trick|p1a: Chansey
|-activate|p2a: Starmie|move: Trick|[of] p1a: Chansey
|-item|p1a: Chansey|Air Balloon
|-item|p1a: Chansey|Air Balloon|[from] move: Trick
|-item|p2a: Starmie|Eviolite|[from] move: Trick
|move|p1a: Chansey|Seismic Toss|p2a: Starmie
|-damage|p2a: Starmie|113\/261 tox
|
|-damage|p2a: Starmie|65\/261 tox|[from] psn
|turn|10
|
|move|p2a: Starmie|Psyshock|p1a: Chansey
|-damage|p1a: Chansey|153\/684
|-enditem|p1a: Chansey|Air Balloon
|move|p1a: Chansey|Soft-Boiled|p1a: Chansey
|-heal|p1a: Chansey|495\/684
|
|-damage|p2a: Starmie|1\/261 tox|[from] psn
|turn|11
|
|move|p2a: Starmie|Ice Beam|p1a: Chansey
|-damage|p1a: Chansey|419\/684
|move|p1a: Chansey|Soft-Boiled|p1a: Chansey
|-heal|p1a: Chansey|684\/684
|
|-damage|p2a: Starmie|0 fnt|[from] psn
|faint|p2a: Starmie
|
|switch|p2a: Garchomp|Garchomp, M|420\/420
|-damage|p2a: Garchomp|394\/420|[from] Stealth Rock
|turn|12
|
|switch|p1a: Heatran|Heatran, M|340\/340
|-damage|p1a: Heatran|298\/340|[from] Stealth Rock
|move|p2a: Garchomp|Earthquake|p1a: Heatran
|-supereffective|p1a: Heatran
|-damage|p1a: Heatran|0 fnt
|faint|p1a: Heatran
|
|
|switch|p1a: Keldeo|Keldeo|323\/323
|-damage|p1a: Keldeo|303\/323|[from] Stealth Rock
|turn|13
|
|switch|p2a: Gengar|Gengar, F|57\/261 par
|-damage|p2a: Gengar|25\/261 par|[from] Stealth Rock
|move|p1a: Keldeo|Icy Wind|p2a: Gengar
|-damage|p2a: Gengar|0 fnt
|faint|p2a: Gengar
|
|-heal|p1a: Keldeo|323\/323|[from] item: Leftovers
|
|switch|p2a: Clefable|Clefable, F|394\/394
|turn|14
|
|switch|p1a: Bisharp|Bisharp, M|334\/334
|-damage|p1a: Bisharp|314\/334|[from] Stealth Rock
|move|p2a: Clefable|Calm Mind|p2a: Clefable
|-boost|p2a: Clefable|spa|1
|-boost|p2a: Clefable|spd|1
|
|-heal|p1a: Bisharp|334\/334|[from] item: Leftovers
|turn|15
|
|switch|p2a: Garchomp|Garchomp, M|394\/420
|-damage|p2a: Garchomp|368\/420|[from] Stealth Rock
|move|p1a: Bisharp|Knock Off|p2a: Garchomp
|-damage|p2a: Garchomp|220\/420
|-damage|p1a: Bisharp|293\/334|[from] ability: Rough Skin|[of] p2a: Garchomp
|-damage|p1a: Bisharp|238\/334|[from] item: Rocky Helmet|[of] p2a: Garchomp
|-enditem|p2a: Garchomp|Rocky Helmet|[from] move: Knock Off|[of] p1a: Bisharp
|
|-heal|p1a: Bisharp|258\/334|[from] item: Leftovers
|turn|16
|
|switch|p1a: Skarmory|Skarmory, M|334\/334
|-damage|p1a: Skarmory|293\/334|[from] Stealth Rock
|move|p2a: Garchomp|Earthquake|p1a: Skarmory
|-immune|p1a: Skarmory|[msg]
|
|turn|17
|
|move|p2a: Garchomp|Fire Blast|p1a: Skarmory
|-supereffective|p1a: Skarmory
|-damage|p1a: Skarmory|155\/334
|move|p1a: Skarmory|Spikes|p2a: Garchomp
|-sidestart|p2: Arcanine is Regal|Spikes
|
|turn|18
|
|move|p2a: Garchomp|Fire Blast|p1a: Skarmory
|-supereffective|p1a: Skarmory
|-damage|p1a: Skarmory|7\/334
|move|p1a: Skarmory|Roost|p1a: Skarmory
|-heal|p1a: Skarmory|174\/334
|
|turn|19
|
|switch|p2a: Ferrothorn|Ferrothorn, F|351\/351
|-damage|p2a: Ferrothorn|308\/351|[from] Spikes
|-damage|p2a: Ferrothorn|287\/351|[from] Stealth Rock
|move|p1a: Skarmory|Roost|p1a: Skarmory
|-heal|p1a: Skarmory|334\/334
|
|turn|20
|
|move|p2a: Ferrothorn|Spikes|p1a: Skarmory
|-sidestart|p1: Aka DH|Spikes
|move|p1a: Skarmory|Whirlwind|p2a: Ferrothorn
|drag|p2a: Latias|Latias, F|363\/363
|-damage|p2a: Latias|318\/363|[from] Stealth Rock
|
|turn|21
|
|switch|p2a: Clefable|Clefable, F|394\/394
|move|p1a: Skarmory|Brave Bird|p2a: Clefable
|-damage|p2a: Clefable|285\/394
|-damage|p1a: Skarmory|298\/334|[from] recoil|[of] p2a: Clefable
|
|-heal|p2a: Clefable|309\/394|[from] item: Leftovers
|turn|22
|
|move|p2a: Clefable|Calm Mind|p2a: Clefable
|-boost|p2a: Clefable|spa|1
|-boost|p2a: Clefable|spd|1
|move|p1a: Skarmory|Whirlwind|p2a: Clefable
|drag|p2a: Latias|Latias, F|318\/363
|-damage|p2a: Latias|273\/363|[from] Stealth Rock
|
|turn|23
|
|switch|p2a: Clefable|Clefable, F|309\/394
|move|p1a: Skarmory|Spikes|p2a: Clefable
|-sidestart|p2: Arcanine is Regal|Spikes
|
|-heal|p2a: Clefable|333\/394|[from] item: Leftovers
|turn|24
|join|Agilis
|
|move|p2a: Clefable|Moonblast|p1a: Skarmory
|-crit|p1a: Skarmory
|-resisted|p1a: Skarmory
|-damage|p1a: Skarmory|212\/334
|move|p1a: Skarmory|Whirlwind|p2a: Clefable
|drag|p2a: Garchomp|Garchomp, M|220\/420
|-damage|p2a: Garchomp|150\/420|[from] Spikes
|-damage|p2a: Garchomp|124\/420|[from] Stealth Rock
|
|turn|25
|
|move|p2a: Garchomp|Fire Blast|p1a: Skarmory
|-crit|p1a: Skarmory
|-supereffective|p1a: Skarmory
|-damage|p1a: Skarmory|0 fnt
|faint|p1a: Skarmory
|
|
|switch|p1a: Keldeo|Keldeo|323\/323
|-damage|p1a: Keldeo|283\/323|[from] Spikes
|-damage|p1a: Keldeo|263\/323|[from] Stealth Rock
|turn|26
|
|move|p1a: Keldeo|Scald|p2a: Garchomp
|-crit|p2a: Garchomp
|-damage|p2a: Garchomp|0 fnt
|faint|p2a: Garchomp
|
|-heal|p1a: Keldeo|283\/323|[from] item: Leftovers
|
|switch|p2a: Clefable|Clefable, F|333\/394
|turn|27
|
|move|p1a: Keldeo|Calm Mind|p1a: Keldeo
|-boost|p1a: Keldeo|spa|1
|-boost|p1a: Keldeo|spd|1
|move|p2a: Clefable|Calm Mind|p2a: Clefable
|-boost|p2a: Clefable|spa|1
|-boost|p2a: Clefable|spd|1
|
|-heal|p1a: Keldeo|303\/323|[from] item: Leftovers
|-heal|p2a: Clefable|357\/394|[from] item: Leftovers
|turn|28
|c| Agilis|Arcanine is the new Bloo imo, too strong for me.
|
|move|p1a: Keldeo|Calm Mind|p1a: Keldeo
|-boost|p1a: Keldeo|spa|1
|-boost|p1a: Keldeo|spd|1
|move|p2a: Clefable|Calm Mind|p2a: Clefable
|-boost|p2a: Clefable|spa|1
|-boost|p2a: Clefable|spd|1
|
|-heal|p1a: Keldeo|323\/323|[from] item: Leftovers
|-heal|p2a: Clefable|381\/394|[from] item: Leftovers
|turn|29
|
|move|p1a: Keldeo|Calm Mind|p1a: Keldeo
|-boost|p1a: Keldeo|spa|1
|-boost|p1a: Keldeo|spd|1
|move|p2a: Clefable|Moonblast|p1a: Keldeo
|-supereffective|p1a: Keldeo
|-damage|p1a: Keldeo|137\/323
|
|-heal|p1a: Keldeo|157\/323|[from] item: Leftovers
|-heal|p2a: Clefable|394\/394|[from] item: Leftovers
|turn|30
|join|Slowpoke Soda
|
|move|p1a: Keldeo|Secret Sword|p2a: Clefable
|-resisted|p2a: Clefable
|-damage|p2a: Clefable|234\/394
|move|p2a: Clefable|Moonblast|p1a: Keldeo
|-supereffective|p1a: Keldeo
|-damage|p1a: Keldeo|0 fnt
|faint|p1a: Keldeo
|
|-heal|p2a: Clefable|258\/394|[from] item: Leftovers
|
|switch|p1a: Bisharp|Bisharp, M|258\/334
|-damage|p1a: Bisharp|217\/334|[from] Spikes
|-damage|p1a: Bisharp|197\/334|[from] Stealth Rock
|turn|31
|
|move|p1a: Bisharp|Iron Head|p2a: Clefable
|-crit|p2a: Clefable
|-supereffective|p2a: Clefable
|-damage|p2a: Clefable|0 fnt
|faint|p2a: Clefable
|
|-heal|p1a: Bisharp|217\/334|[from] item: Leftovers
|
|switch|p2a: Ferrothorn|Ferrothorn, F|287\/351
|-damage|p2a: Ferrothorn|229\/351|[from] Spikes
|-damage|p2a: Ferrothorn|208\/351|[from] Stealth Rock
|turn|32
|
|move|p1a: Bisharp|Swords Dance|p1a: Bisharp
|-boost|p1a: Bisharp|atk|2
|move|p2a: Ferrothorn|Spikes|p1a: Bisharp
|-sidestart|p1: Aka DH|Spikes
|
|-heal|p1a: Bisharp|237\/334|[from] item: Leftovers
|turn|33
|
|move|p1a: Bisharp|Knock Off|p2a: Ferrothorn
|-damage|p2a: Ferrothorn|0 fnt
|-damage|p1a: Bisharp|196\/334|[from] ability: Iron Barbs|[of] p2a: Ferrothorn
|-damage|p1a: Bisharp|141\/334|[from] item: Rocky Helmet|[of] p2a: Ferrothorn
|-enditem|p2a: Ferrothorn|Rocky Helmet|[from] move: Knock Off|[of] p1a: Bisharp
|faint|p2a: Ferrothorn
|
|-heal|p1a: Bisharp|161\/334|[from] item: Leftovers
|-message|Arcanine is Regal forfeited.
|leave|Arcanine is Regal
|
|win|Aka DH
|raw|Ladder updating...
|player|p2
|raw|Aka DH's rating: 1747 &rarr; <strong>1757<\/strong><br \/>(+10 for winning)
|raw|Arcanine is Regal's rating: 1547 &rarr; <strong>1538<\/strong><br \/>(-9 for losing)