|join|lil manaphy
|join|Aka DH
|player|p1|lil manaphy|272
|player|p2|Aka DH|1
|gametype|singles
|gen|6
|tier|OU
|rated
|clearpoke
|poke|p1|Lopunny, F
|poke|p1|Manaphy
|poke|p1|Scizor, M
|poke|p1|Celebi
|poke|p1|Heatran, F
|poke|p1|Mandibuzz, F
|poke|p2|Charizard, M
|poke|p2|Thundurus, M
|poke|p2|Gothitelle, F
|poke|p2|Terrakion
|poke|p2|Skarmory, M
|poke|p2|Gengar, F
|rule|Swagger Clause: Swagger is banned
|rule|Baton Pass Clause: Limit one PokÃ©mon knowing Baton Pass
|rule|Sleep Clause Mod: Limit one foe put to sleep
|rule|Species Clause: Limit one of each PokÃ©mon
|rule|OHKO Clause: OHKO moves are banned
|rule|Moody Clause: Moody is banned
|rule|Evasion Moves Clause: Evasion moves are banned
|rule|Endless Battle Clause: Forcing endless battles is banned
|rule|HP Percentage Mod: HP is shown in percentages
|teampreview
|c|âlil manaphy|lol for once
|
|start
|switch|p1a: business|Scizor, M|343\/343
|switch|p2a: Charizard|Charizard, M|297\/297
|turn|1
|
|switch|p1a: bean curd puff|Heatran, F|386\/386
|detailschange|p2a: Charizard|Charizard-Mega-X, M
|-mega|p2a: Charizard|Charizard|Charizardite X
|move|p2a: Charizard|Fire Punch|p1a: bean curd puff
|-start|p1a: bean curd puff|ability: Flash Fire
|
|turn|2
|
|switch|p1a: im walling everyth|Mandibuzz, F|423\/423
|move|p2a: Charizard|Dragon Dance|p2a: Charizard
|-boost|p2a: Charizard|atk|1
|-boost|p2a: Charizard|spe|1
|
|turn|3
|
|switch|p2a: Gothitelle|Gothitelle, F|311\/311
|move|p1a: im walling everyth|Foul Play|p2a: Gothitelle
|-supereffective|p2a: Gothitelle
|-damage|p2a: Gothitelle|153\/311
|
|turn|4
|
|move|p1a: im walling everyth|Foul Play|p2a: Gothitelle
|-supereffective|p2a: Gothitelle
|-damage|p2a: Gothitelle|9\/311
|move|p2a: Gothitelle|Thunderbolt|p1a: im walling everyth
|-supereffective|p1a: im walling everyth
|-damage|p1a: im walling everyth|169\/423
|
|turn|5
|
|switch|p2a: Skarmory|Skarmory, M|334\/334
|move|p1a: im walling everyth|Roost|p1a: im walling everyth
|-heal|p1a: im walling everyth|381\/423
|
|turn|6
|
|switch|p2a: Thundurus|Thundurus, M|298\/298
|move|p1a: im walling everyth|Taunt|p2a: Thundurus
|-start|p2a: Thundurus|move: Taunt
|
|turn|7
|
|switch|p2a: Charizard|Charizard-Mega-X, M|297\/297
|switch|p1a: bean curd puff|Heatran, F|386\/386
|
|turn|8
|
|move|p2a: Charizard|Earthquake|p1a: bean curd puff
|-supereffective|p1a: bean curd puff
|-damage|p1a: bean curd puff|0 fnt
|faint|p1a: bean curd puff
|
|
|switch|p1a: Couture|Lopunny, F|271\/271
|turn|9
|join|jake5
|
|switch|p1a: im walling everyth|Mandibuzz, F|381\/423
|switch|p2a: Skarmory|Skarmory, M|334\/334
|
|turn|10
|join|WECAMEASROMANS
|join|jacksoras
|join|squirrelll
|
|move|p1a: im walling everyth|Taunt|p2a: Skarmory
|-start|p2a: Skarmory|move: Taunt
|move|p2a: Skarmory|Brave Bird|p1a: im walling everyth
|-damage|p1a: im walling everyth|296\/423
|-damage|p2a: Skarmory|279\/334|[from] item: Rocky Helmet|[of] p1a: im walling everyth
|-damage|p2a: Skarmory|251\/334|[from] recoil|[of] p1a: im walling everyth
|
|turn|11
|
|switch|p2a: Gothitelle|Gothitelle, F|9\/311
|move|p1a: im walling everyth|Roost|p1a: im walling everyth
|-heal|p1a: im walling everyth|423\/423
|
|turn|12
|join|daftmau5
|leave|WECAMEASROMANS
|
|move|p2a: Gothitelle|Thunderbolt|p1a: im walling everyth
|-crit|p1a: im walling everyth
|-supereffective|p1a: im walling everyth
|-damage|p1a: im walling everyth|0 fnt
|faint|p1a: im walling everyth
|
|join|WECAMEASROMANS
|join|trinitrotoluene
|join|Bloodz
|c|âlil manaphy|um you didnt outspeed me before, twice
|join|CAN we
|
|switch|p1a: business|Scizor, M|343\/343
|turn|13
|join|Jukain
|c| CAN we|that isn not
|c| CAN we|shitty semistall
|
|switch|p2a: Charizard|Charizard-Mega-X, M|297\/297
|move|p1a: business|Bullet Punch|p2a: Charizard
|-resisted|p2a: Charizard
|-damage|p2a: Charizard|222\/297
|
|turn|14
|
|switch|p1a: still bigger than|Manaphy|341\/341
|move|p2a: Charizard|Dragon Dance|p2a: Charizard
|-boost|p2a: Charizard|atk|1
|-boost|p2a: Charizard|spe|1
|
|turn|15
|
|move|p2a: Charizard|Earthquake|p1a: still bigger than
|-damage|p1a: still bigger than|132\/341
|move|p1a: still bigger than|Scald|p2a: Charizard
|-damage|p2a: Charizard|84\/297
|
|-heal|p1a: still bigger than|153\/341|[from] item: Leftovers
|turn|16
|c| jacksoras|gG
|leave|WECAMEASROMANS
|
|switch|p1a: just my onion|Celebi|404\/404
|move|p2a: Charizard|Roost|p2a: Charizard
|-heal|p2a: Charizard|233\/297
|
|turn|17
|-message|lil manaphy forfeited.
|leave|lil manaphy
|
|win|Aka DH
|raw|Ladder updating...
|player|p1
|raw|lil manaphy's rating: 1813 &rarr; <strong>1787<\/strong><br \/>(-26 for losing)
|raw|Aka DH's rating: 1717 &rarr; <strong>1742<\/strong><br \/>(+25 for winning)
|c|âAka DH|save this battle lil
|leave|squirrelll
|join|squirrelll
|c|âAka DH|not gg now?
|leave|squirrelll
|leave|jacksoras
|leave|Bloodz
|join|jacksoras
|leave|jacksoras
|join|Evil King Arthur
|join|oml it's too ez
|join|hairy toenail