|join|nevrmnd
|join|Aka DH
|player|p1|nevrmnd|102
|player|p2|Aka DH|68
|gametype|singles
|gen|6
|tier|OU
|rated
|clearpoke
|poke|p1|Manectric, M
|poke|p1|Lucario, M
|poke|p1|Landorus-Therian, M
|poke|p1|Tornadus-Therian, M
|poke|p1|Scizor, M
|poke|p1|Latias, F
|poke|p2|Bisharp, F
|poke|p2|Venusaur, F
|poke|p2|Heatran, F
|poke|p2|Keldeo
|poke|p2|Chansey, F
|poke|p2|Skarmory, F
|rule|Swagger Clause: Swagger is banned
|rule|Baton Pass Clause: Limit one PokÃ©mon knowing Baton Pass
|rule|Sleep Clause Mod: Limit one foe put to sleep
|rule|Species Clause: Limit one of each PokÃ©mon
|rule|OHKO Clause: OHKO moves are banned
|rule|Moody Clause: Moody is banned
|rule|Evasion Moves Clause: Evasion moves are banned
|rule|Endless Battle Clause: Forcing endless battles is banned
|rule|HP Percentage Mod: HP is shown in percentages
|teampreview
|
|start
|switch|p1a: Manectric|Manectric, M|281\/281
|switch|p2a: Nice try hacker|Heatran, F|340\/340
|-item|p2a: Nice try hacker|Air Balloon
|turn|1
|
|detailschange|p1a: Manectric|Manectric-Mega, M
|-mega|p1a: Manectric|Manectric|Manectite
|-ability|p1a: Manectric|Intimidate|[of] p2a: Nice try hacker
|-unboost|p2a: Nice try hacker|atk|1
|move|p1a: Manectric|Volt Switch|p2a: Nice try hacker
|-damage|p2a: Nice try hacker|228\/340
|-enditem|p2a: Nice try hacker|Air Balloon
|
|switch|p1a: Tornadus-Therian|Tornadus-Therian, M|299\/299
|move|p2a: Nice try hacker|Stealth Rock|p1a: Tornadus-Therian
|-sidestart|p1: nevrmnd|move: Stealth Rock
|
|turn|2
|join|Doge4Ubers
|
|move|p1a: Tornadus-Therian|Superpower|p2a: Nice try hacker
|-supereffective|p2a: Nice try hacker
|-damage|p2a: Nice try hacker|17\/340
|-unboost|p1a: Tornadus-Therian|atk|1
|-unboost|p1a: Tornadus-Therian|def|1
|-damage|p1a: Tornadus-Therian|270\/299|[from] item: Life Orb
|move|p2a: Nice try hacker|Toxic|p1a: Tornadus-Therian
|-status|p1a: Tornadus-Therian|tox
|
|-damage|p1a: Tornadus-Therian|252\/299 tox|[from] psn
|turn|3
|
|switch|p2a: Nice try hacker|Skarmory, F|334\/334
|move|p1a: Tornadus-Therian|Air Slash|p2a: Nice try hacker
|-resisted|p2a: Nice try hacker
|-damage|p2a: Nice try hacker|259\/334
|-damage|p1a: Tornadus-Therian|223\/299 tox|[from] item: Life Orb
|
|-damage|p1a: Tornadus-Therian|187\/299 tox|[from] psn
|turn|4
|
|switch|p1a: Landorus-Therian|Landorus-Therian, M|382\/382
|-damage|p1a: Landorus-Therian|335\/382|[from] Stealth Rock
|-ability|p1a: Landorus-Therian|Intimidate|[of] p2a: Nice try hacker
|-unboost|p2a: Nice try hacker|atk|1
|move|p2a: Nice try hacker|Roost|p2a: Nice try hacker
|-heal|p2a: Nice try hacker|334\/334
|
|-heal|p1a: Landorus-Therian|358\/382|[from] item: Leftovers
|turn|5
|
|switch|p2a: Nice try hacker|Keldeo|323\/323
|move|p1a: Landorus-Therian|Stealth Rock|p2a: Nice try hacker
|-sidestart|p2: Aka DH|move: Stealth Rock
|
|-heal|p1a: Landorus-Therian|381\/382|[from] item: Leftovers
|turn|6
|
|switch|p1a: Latias|Latias, F|319\/319
|-damage|p1a: Latias|280\/319|[from] Stealth Rock
|move|p2a: Nice try hacker|Scald|p1a: Latias
|-resisted|p1a: Latias
|-damage|p1a: Latias|223\/319
|-status|p1a: Latias|brn
|
|-damage|p1a: Latias|184\/319 brn|[from] brn
|turn|7
|
|switch|p1a: Lucario|Lucario, M|281\/281
|-damage|p1a: Lucario|273\/281|[from] Stealth Rock
|switch|p2a: Nice try hacker|Bisharp, F|334\/334
|-damage|p2a: Nice try hacker|314\/334|[from] Stealth Rock
|
|-heal|p2a: Nice try hacker|334\/334|[from] item: Leftovers
|turn|8
|
|switch|p2a: Nice try hacker|Heatran, F|17\/340
|-damage|p2a: Nice try hacker|0 fnt|[from] Stealth Rock
|faint|p2a: Nice try hacker
|move|p1a: Lucario|Swords Dance|p1a: Lucario
|-boost|p1a: Lucario|atk|2
|
|
|switch|p2a: Nice try hacker|Keldeo|323\/323
|-damage|p2a: Nice try hacker|303\/323|[from] Stealth Rock
|turn|9
|
|switch|p1a: Latias|Latias, F|184\/319 brn
|-damage|p1a: Latias|145\/319 brn|[from] Stealth Rock
|move|p2a: Nice try hacker|Secret Sword|p1a: Latias
|-resisted|p1a: Latias
|-damage|p1a: Latias|58\/319 brn
|
|-heal|p2a: Nice try hacker|323\/323|[from] item: Leftovers
|-damage|p1a: Latias|19\/319 brn|[from] brn
|turn|10
|join|TheUberTherian
|
|move|p1a: Latias|Defog|p2a: Nice try hacker
|-unboost|p2a: Nice try hacker|evasion|1
|-sideend|p2: Aka DH|Stealth Rock|[from] move: Defog|[of] p2a: Nice try hacker
|-sideend|p1: nevrmnd|Stealth Rock|[from] move: Defog|[of] p1a: Latias
|move|p2a: Nice try hacker|Calm Mind|p2a: Nice try hacker
|-boost|p2a: Nice try hacker|spa|1
|-boost|p2a: Nice try hacker|spd|1
|
|-damage|p1a: Latias|0 fnt|[from] brn
|faint|p1a: Latias
|
|switch|p1a: Manectric|Manectric-Mega, M|281\/281
|-ability|p1a: Manectric|Intimidate|[of] p2a: Nice try hacker
|-unboost|p2a: Nice try hacker|atk|1
|turn|11
|
|switch|p2a: Nice try hacker|Chansey, F|684\/684
|move|p1a: Manectric|Volt Switch|p2a: Nice try hacker
|-damage|p2a: Nice try hacker|606\/684
|
|switch|p1a: Lucario|Lucario, M|273\/281
|
|turn|12
|
|switch|p2a: Nice try hacker|Skarmory, F|334\/334
|move|p1a: Lucario|Close Combat|p2a: Nice try hacker
|-damage|p2a: Nice try hacker|166\/334
|-damage|p1a: Lucario|227\/281|[from] item: Rocky Helmet|[of] p2a: Nice try hacker
|-unboost|p1a: Lucario|def|1
|-unboost|p1a: Lucario|spd|1
|-damage|p1a: Lucario|199\/281|[from] item: Life Orb
|
|turn|13
|
|move|p1a: Lucario|Close Combat|p2a: Nice try hacker
|-damage|p2a: Nice try hacker|0 fnt
|-damage|p1a: Lucario|153\/281|[from] item: Rocky Helmet|[of] p2a: Nice try hacker
|-unboost|p1a: Lucario|def|1
|-unboost|p1a: Lucario|spd|1
|-damage|p1a: Lucario|125\/281|[from] item: Life Orb
|faint|p2a: Nice try hacker
|
|c| TheUberTherian|lucarios
|c| TheUberTherian|pro
|
|switch|p2a: Nice try hacker|Keldeo|323\/323
|turn|14
|
|switch|p1a: Tornadus-Therian|Tornadus-Therian, M|286\/299 tox
|move|p2a: Nice try hacker|Scald|p1a: Tornadus-Therian
|-damage|p1a: Tornadus-Therian|123\/299 tox
|
|-damage|p1a: Tornadus-Therian|105\/299 tox|[from] psn
|turn|15
|
|switch|p2a: Nice try hacker|Chansey, F|606\/684
|move|p1a: Tornadus-Therian|U-turn|p2a: Nice try hacker
|-damage|p2a: Nice try hacker|497\/684
|-damage|p1a: Tornadus-Therian|76\/299 tox|[from] item: Life Orb
|
|switch|p1a: Lucario|Lucario, M|125\/281
|
|turn|16
|
|move|p1a: Lucario|Close Combat|p2a: Nice try hacker
|-supereffective|p2a: Nice try hacker
|-damage|p2a: Nice try hacker|0 fnt
|-unboost|p1a: Lucario|def|1
|-unboost|p1a: Lucario|spd|1
|-damage|p1a: Lucario|97\/281|[from] item: Life Orb
|faint|p2a: Nice try hacker
|
|
|switch|p2a: Nice try hacker|Keldeo|323\/323
|turn|17
|
|move|p1a: Lucario|Extreme Speed|p2a: Nice try hacker
|-damage|p2a: Nice try hacker|179\/323
|-damage|p1a: Lucario|69\/281|[from] item: Life Orb
|move|p2a: Nice try hacker|Scald|p1a: Lucario
|-damage|p1a: Lucario|0 fnt
|faint|p1a: Lucario
|
|-heal|p2a: Nice try hacker|199\/323|[from] item: Leftovers
|
|switch|p1a: Tornadus-Therian|Tornadus-Therian, M|175\/299 tox
|turn|18
|
|move|p1a: Tornadus-Therian|Superpower|p2a: Nice try hacker
|-damage|p2a: Nice try hacker|47\/323
|-unboost|p1a: Tornadus-Therian|atk|1
|-unboost|p1a: Tornadus-Therian|def|1
|-damage|p1a: Tornadus-Therian|146\/299 tox|[from] item: Life Orb
|move|p2a: Nice try hacker|Scald|p1a: Tornadus-Therian
|-damage|p1a: Tornadus-Therian|0 fnt
|faint|p1a: Tornadus-Therian
|
|-heal|p2a: Nice try hacker|67\/323|[from] item: Leftovers
|
|switch|p1a: Manectric|Manectric-Mega, M|281\/281
|-ability|p1a: Manectric|Intimidate|[of] p2a: Nice try hacker
|-unboost|p2a: Nice try hacker|atk|1
|turn|19
|
|move|p1a: Manectric|Thunderbolt|p2a: Nice try hacker
|-supereffective|p2a: Nice try hacker
|-damage|p2a: Nice try hacker|0 fnt
|faint|p2a: Nice try hacker
|
|
|switch|p2a: Nice try hacker|Venusaur, F|364\/364
|turn|20
|
|detailschange|p2a: Nice try hacker|Venusaur-Mega, F
|-mega|p2a: Nice try hacker|Venusaur|Venusaurite
|move|p1a: Manectric|Volt Switch|p2a: Nice try hacker
|-resisted|p2a: Nice try hacker
|-damage|p2a: Nice try hacker|307\/364
|
|switch|p1a: Scizor|Scizor, M|313\/313
|move|p2a: Nice try hacker|Hidden Power|p1a: Scizor
|-supereffective|p1a: Scizor
|-damage|p1a: Scizor|65\/313
|
|turn|21
|
|move|p1a: Scizor|Bullet Punch|p2a: Nice try hacker
|-damage|p2a: Nice try hacker|195\/364
|move|p2a: Nice try hacker|Hidden Power|p1a: Scizor
|-supereffective|p1a: Scizor
|-damage|p1a: Scizor|0 fnt
|faint|p1a: Scizor
|
|
|switch|p1a: Landorus-Therian|Landorus-Therian, M|381\/382
|-ability|p1a: Landorus-Therian|Intimidate|[of] p2a: Nice try hacker
|-unboost|p2a: Nice try hacker|atk|1
|turn|22
|
|move|p1a: Landorus-Therian|Earthquake|p2a: Nice try hacker
|-damage|p2a: Nice try hacker|89\/364
|move|p2a: Nice try hacker|Synthesis|p2a: Nice try hacker
|-heal|p2a: Nice try hacker|271\/364
|
|-heal|p1a: Landorus-Therian|382\/382|[from] item: Leftovers
|turn|23
|
|move|p1a: Landorus-Therian|Earthquake|p2a: Nice try hacker
|-damage|p2a: Nice try hacker|169\/364
|move|p2a: Nice try hacker|Giga Drain|p1a: Landorus-Therian
|-damage|p1a: Landorus-Therian|264\/382
|-heal|p2a: Nice try hacker|228\/364|[from] drain|[of] p1a: Landorus-Therian
|
|-heal|p1a: Landorus-Therian|287\/382|[from] item: Leftovers
|turn|24
|join|Jefo
|
|move|p1a: Landorus-Therian|Earthquake|p2a: Nice try hacker
|-damage|p2a: Nice try hacker|131\/364
|move|p2a: Nice try hacker|Synthesis|p2a: Nice try hacker
|-heal|p2a: Nice try hacker|313\/364
|
|-heal|p1a: Landorus-Therian|310\/382|[from] item: Leftovers
|turn|25
|c| Jefo|hey bloody
|c| Jefo|according to someone
|c| Jefo|zenzo quit
|c| Jefo|mons
|
|move|p1a: Landorus-Therian|U-turn|p2a: Nice try hacker
|-damage|p2a: Nice try hacker|261\/364
|
|switch|p1a: Manectric|Manectric-Mega, M|281\/281
|-ability|p1a: Manectric|Intimidate|[of] p2a: Nice try hacker
|-unboost|p2a: Nice try hacker|atk|1
|move|p2a: Nice try hacker|Leech Seed|p1a: Manectric
|-start|p1a: Manectric|move: Leech Seed
|
|-damage|p1a: Manectric|246\/281|[from] Leech Seed|[of] p2a: Nice try hacker
|-heal|p2a: Nice try hacker|296\/364|[silent]
|turn|26
|c|âAka DH|im tired of being hacked
|
|move|p1a: Manectric|Overheat|p2a: Nice try hacker
|-supereffective|p2a: Nice try hacker
|-damage|p2a: Nice try hacker|150\/364
|-unboost|p1a: Manectric|spa|2
|move|p2a: Nice try hacker|Giga Drain|p1a: Manectric
|-damage|p1a: Manectric|126\/281
|-heal|p2a: Nice try hacker|210\/364|[from] drain|[of] p1a: Manectric
|
|-damage|p1a: Manectric|91\/281|[from] Leech Seed|[of] p2a: Nice try hacker
|-heal|p2a: Nice try hacker|245\/364|[silent]
|turn|27
|c| Jefo|?
|
|move|p1a: Manectric|Overheat|p2a: Nice try hacker|[miss]
|-miss|p1a: Manectric|p2a: Nice try hacker
|move|p2a: Nice try hacker|Synthesis|p2a: Nice try hacker
|-heal|p2a: Nice try hacker|364\/364
|
|-damage|p1a: Manectric|56\/281|[from] Leech Seed|[of] p2a: Nice try hacker
|turn|28
|c|ânevrmnd|gg wp
|c|âAka DH|gg
|-message|nevrmnd forfeited.
|leave|nevrmnd
|
|win|Aka DH
|raw|Ladder updating...
|player|p1
|raw|nevrmnd's rating: 1641 &rarr; <strong>1627<\/strong><br \/>(-14 for losing)
|raw|Aka DH's rating: 1750 &rarr; <strong>1764<\/strong><br \/>(+14 for winning)
|leave|TheUberTherian