|join|Aka DH
|join|WorthlessNoob
|player|p1|Aka DH|1
|player|p2|WorthlessNoob|234
|gametype|singles
|gen|6
|tier|OU (suspect test)
|rated
|clearpoke
|poke|p1|Bisharp, M
|poke|p1|Venusaur, M
|poke|p1|Heatran, M
|poke|p1|Keldeo
|poke|p1|Chansey, F
|poke|p1|Skarmory, M
|poke|p2|Sableye, F
|poke|p2|Jirachi
|poke|p2|Keldeo
|poke|p2|Landorus-Therian, M
|poke|p2|Ferrothorn, F
|poke|p2|Tyranitar, F
|rule|Swagger Clause: Swagger is banned
|rule|Baton Pass Clause: Limit one PokÃ©mon knowing Baton Pass
|rule|Sleep Clause Mod: Limit one foe put to sleep
|rule|Species Clause: Limit one of each PokÃ©mon
|rule|OHKO Clause: OHKO moves are banned
|rule|Moody Clause: Moody is banned
|rule|Evasion Moves Clause: Evasion moves are banned
|rule|Endless Battle Clause: Forcing endless battles is banned
|rule|HP Percentage Mod: HP is shown in percentages
|teampreview
|join|Zenzo
|join|i came from leddit
|join|yuy
|c| Zenzo|bgo blody3!
|c| i came from leddit|bloody do you have any pets?
|join|Lord Kuvira
|
|start
|switch|p1a: Keldeo|Keldeo|323\/323
|switch|p2a: Sableye|Sableye, F|304\/304
|turn|1
|
|switch|p2a: Ferrothorn|Ferrothorn, F|352\/352
|move|p1a: Keldeo|Calm Mind|p1a: Keldeo
|-boost|p1a: Keldeo|spa|1
|-boost|p1a: Keldeo|spd|1
|
|turn|2
|c|âAka DH|watch cats
|c| Zenzo|lol
|
|move|p1a: Keldeo|Secret Sword|p2a: Ferrothorn
|-supereffective|p2a: Ferrothorn
|-damage|p2a: Ferrothorn|28\/352
|move|p2a: Ferrothorn|Power Whip|p1a: Keldeo
|-supereffective|p1a: Keldeo
|-damage|p1a: Keldeo|3\/323
|
|-heal|p1a: Keldeo|23\/323|[from] item: Leftovers
|-heal|p2a: Ferrothorn|50\/352|[from] item: Leftovers
|turn|3
|c| i came from leddit|good pet name
|c| Zenzo|bloody
|
|move|p1a: Keldeo|Scald|p2a: Ferrothorn
|-resisted|p2a: Ferrothorn
|-damage|p2a: Ferrothorn|0 fnt
|faint|p2a: Ferrothorn
|
|-heal|p1a: Keldeo|43\/323|[from] item: Leftovers
|c| Zenzo|what's your favorite pokemon
|
|switch|p2a: Tyranitar|Tyranitar, F|341\/341
|-weather|Sandstorm
|turn|4
|c|âAka DH|charizard
|
|switch|p1a: Heatran|Heatran, M|340\/340
|-item|p1a: Heatran|Air Balloon
|move|p2a: Tyranitar|Crunch|p1a: Heatran
|-damage|p1a: Heatran|231\/340
|-enditem|p1a: Heatran|Air Balloon
|
|-weather|Sandstorm|[upkeep]
|turn|5
|c| Zenzo|least favorite?
|join|Ailurophilia
|c|âAka DH|slowbro
|
|move|p2a: Tyranitar|Crunch|p1a: Heatran
|-damage|p1a: Heatran|117\/340
|-unboost|p1a: Heatran|def|1
|move|p1a: Heatran|Stealth Rock|p2a: Tyranitar
|-sidestart|p2: WorthlessNoob|move: Stealth Rock
|
|-weather|Sandstorm|[upkeep]
|turn|6
|
|switch|p2a: Keldeo|Keldeo|323\/323
|-damage|p2a: Keldeo|303\/323|[from] Stealth Rock
|switch|p1a: Skarmory|Skarmory, M|334\/334
|
|-weather|Sandstorm|[upkeep]
|-damage|p2a: Keldeo|283\/323|[from] sandstorm
|turn|7
|
|move|p2a: Keldeo|Scald|p1a: Skarmory
|-damage|p1a: Skarmory|94\/334
|-status|p1a: Skarmory|brn
|move|p1a: Skarmory|Spikes|p2a: Keldeo
|-sidestart|p2: WorthlessNoob|Spikes
|
|-weather|Sandstorm|[upkeep]
|-damage|p2a: Keldeo|263\/323|[from] sandstorm
|-damage|p1a: Skarmory|53\/334 brn|[from] brn
|turn|8
|c| i came from leddit|....poopyhead
|
|switch|p2a: Sableye|Sableye, F|304\/304
|-damage|p2a: Sableye|266\/304|[from] Stealth Rock
|-damage|p2a: Sableye|228\/304|[from] Spikes
|switch|p1a: Chansey|Chansey, F|684\/684
|
|-weather|none
|turn|9
|leave|Lord Kuvira
|leave|Ailurophilia
|
|switch|p1a: Heatran|Heatran, M|117\/340
|detailschange|p2a: Sableye|Sableye-Mega, F
|-mega|p2a: Sableye|Sableye|Sablenite
|move|p2a: Sableye|Recover|p2a: Sableye
|-heal|p2a: Sableye|304\/304
|
|turn|10
|join|Lord Kuvira
|
|move|p1a: Heatran|Fire Blast|p2a: Sableye
|-damage|p2a: Sableye|154\/304
|-status|p2a: Sableye|brn
|move|p2a: Sableye|Calm Mind|p2a: Sableye
|-boost|p2a: Sableye|spa|1
|-boost|p2a: Sableye|spd|1
|
|-damage|p2a: Sableye|116\/304 brn|[from] brn
|turn|11
|
|move|p1a: Heatran|Fire Blast|p2a: Sableye
|-damage|p2a: Sableye|16\/304 brn
|move|p2a: Sableye|Recover|p2a: Sableye
|-heal|p2a: Sableye|168\/304 brn
|
|-damage|p2a: Sableye|130\/304 brn|[from] brn
|turn|12
|
|move|p1a: Heatran|Fire Blast|p2a: Sableye|[miss]
|-miss|p1a: Heatran|p2a: Sableye
|move|p2a: Sableye|Recover|p2a: Sableye
|-heal|p2a: Sableye|282\/304 brn
|
|-damage|p2a: Sableye|244\/304 brn|[from] brn
|turn|13
|
|move|p1a: Heatran|Fire Blast|p2a: Sableye|[miss]
|-miss|p1a: Heatran|p2a: Sableye
|move|p2a: Sableye|Recover|p2a: Sableye
|-heal|p2a: Sableye|304\/304 brn
|
|-damage|p2a: Sableye|266\/304 brn|[from] brn
|turn|14
|c| i came from leddit|...
|
|move|p1a: Heatran|Fire Blast|p2a: Sableye
|-damage|p2a: Sableye|164\/304 brn
|move|p2a: Sableye|Calm Mind|p2a: Sableye
|-boost|p2a: Sableye|spa|1
|-boost|p2a: Sableye|spd|1
|
|-damage|p2a: Sableye|126\/304 brn|[from] brn
|turn|15
|
|switch|p1a: Bisharp|Bisharp, M|334\/334
|move|p2a: Sableye|Recover|p2a: Sableye
|-heal|p2a: Sableye|278\/304 brn
|
|-damage|p2a: Sableye|240\/304 brn|[from] brn
|turn|16
|
|move|p1a: Bisharp|Iron Head|p2a: Sableye
|-damage|p2a: Sableye|144\/304 brn
|move|p2a: Sableye|Will-O-Wisp|p1a: Bisharp
|-status|p1a: Bisharp|brn
|
|-damage|p1a: Bisharp|293\/334 brn|[from] brn
|-damage|p2a: Sableye|106\/304 brn|[from] brn
|turn|17
|
|move|p1a: Bisharp|Iron Head|p2a: Sableye
|-damage|p2a: Sableye|60\/304 brn
|move|p2a: Sableye|Recover|p2a: Sableye
|-heal|p2a: Sableye|212\/304 brn
|
|-heal|p1a: Bisharp|313\/334 brn|[from] item: Leftovers
|-damage|p1a: Bisharp|272\/334 brn|[from] brn
|-damage|p2a: Sableye|174\/304 brn|[from] brn
|turn|18
|c| Zenzo|fucking lucky poopyhead
|
|move|p1a: Bisharp|Iron Head|p2a: Sableye
|-damage|p2a: Sableye|122\/304 brn
|move|p2a: Sableye|Recover|p2a: Sableye
|-heal|p2a: Sableye|274\/304 brn
|
|-heal|p1a: Bisharp|292\/334 brn|[from] item: Leftovers
|-damage|p1a: Bisharp|251\/334 brn|[from] brn
|-damage|p2a: Sableye|236\/304 brn|[from] brn
|turn|19
|c| i came from leddit|get an own life worthlessnoob
|join|TRK) Edwardo
|
|switch|p1a: Chansey|Chansey, F|684\/684
|move|p2a: Sableye|Recover|p2a: Sableye
|-heal|p2a: Sableye|304\/304 brn
|
|-damage|p2a: Sableye|266\/304 brn|[from] brn
|turn|20
|
|move|p1a: Chansey|Aromatherapy|p1a: Chansey
|-cureteam|p1a: Chansey|[from] move: Aromatherapy
|move|p2a: Sableye|Calm Mind|p2a: Sableye
|-boost|p2a: Sableye|spa|1
|-boost|p2a: Sableye|spd|1
|
|-damage|p2a: Sableye|228\/304 brn|[from] brn
|turn|21
|
|switch|p1a: Heatran|Heatran, M|117\/340
|move|p2a: Sableye|Will-O-Wisp|p1a: Heatran
|-start|p1a: Heatran|ability: Flash Fire
|
|-damage|p2a: Sableye|190\/304 brn|[from] brn
|turn|22
|
|move|p1a: Heatran|Fire Blast|p2a: Sableye
|-damage|p2a: Sableye|97\/304 brn
|move|p2a: Sableye|Recover|p2a: Sableye
|-heal|p2a: Sableye|249\/304 brn
|
|-damage|p2a: Sableye|211\/304 brn|[from] brn
|turn|23
|
|switch|p1a: Bisharp|Bisharp, M|251\/334
|move|p2a: Sableye|Dark Pulse|p1a: Bisharp
|-resisted|p1a: Bisharp
|-damage|p1a: Bisharp|124\/334
|
|-heal|p1a: Bisharp|144\/334|[from] item: Leftovers
|-damage|p2a: Sableye|173\/304 brn|[from] brn
|turn|24
|
|move|p1a: Bisharp|Iron Head|p2a: Sableye
|-damage|p2a: Sableye|73\/304 brn
|move|p2a: Sableye|Will-O-Wisp|p1a: Bisharp
|-status|p1a: Bisharp|brn
|
|-heal|p1a: Bisharp|164\/334 brn|[from] item: Leftovers
|-damage|p1a: Bisharp|123\/334 brn|[from] brn
|-damage|p2a: Sableye|35\/304 brn|[from] brn
|turn|25
|c| i came from leddit|rekt
|
|move|p1a: Bisharp|Iron Head|p2a: Sableye
|-damage|p2a: Sableye|0 fnt
|faint|p2a: Sableye
|
|-heal|p1a: Bisharp|143\/334 brn|[from] item: Leftovers
|-damage|p1a: Bisharp|102\/334 brn|[from] brn
|c| Aaron Pinkman|a 6-0?
|
|switch|p2a: Keldeo|Keldeo|263\/323
|-damage|p2a: Keldeo|243\/323|[from] Stealth Rock
|-damage|p2a: Keldeo|203\/323|[from] Spikes
|turn|26
|
|switch|p1a: Venusaur|Venusaur, M|364\/364
|move|p2a: Keldeo|Scald|p1a: Venusaur
|-resisted|p1a: Venusaur
|-damage|p1a: Venusaur|259\/364
|
|turn|27
|
|switch|p2a: Jirachi|Jirachi|404\/404
|-damage|p2a: Jirachi|354\/404|[from] Spikes
|-damage|p2a: Jirachi|329\/404|[from] Stealth Rock
|detailschange|p1a: Venusaur|Venusaur-Mega, M
|-mega|p1a: Venusaur|Venusaur|Venusaurite
|move|p1a: Venusaur|Giga Drain|p2a: Jirachi
|-resisted|p2a: Jirachi
|-damage|p2a: Jirachi|272\/404
|-heal|p1a: Venusaur|288\/364|[from] drain|[of] p2a: Jirachi
|
|-heal|p2a: Jirachi|297\/404|[from] item: Leftovers
|turn|28
|
|switch|p1a: Heatran|Heatran, M|117\/340
|move|p2a: Jirachi|Body Slam|p1a: Heatran
|-resisted|p1a: Heatran
|-damage|p1a: Heatran|84\/340
|-status|p1a: Heatran|par
|
|-heal|p2a: Jirachi|322\/404|[from] item: Leftovers
|turn|29
|c| i came from leddit|u srs poopyhead?
|
|switch|p2a: Landorus-Therian|Landorus-Therian, M|382\/382
|-damage|p2a: Landorus-Therian|335\/382|[from] Stealth Rock
|-ability|p2a: Landorus-Therian|Intimidate|[of] p1a: Heatran
|-unboost|p1a: Heatran|atk|1
|move|p1a: Heatran|Fire Blast|p2a: Landorus-Therian
|-damage|p2a: Landorus-Therian|154\/382
|-status|p2a: Landorus-Therian|brn
|
|-heal|p2a: Landorus-Therian|177\/382 brn|[from] item: Leftovers
|-damage|p2a: Landorus-Therian|130\/382 brn|[from] brn
|turn|30
|c| i came from leddit|rekt
|
|switch|p1a: Skarmory|Skarmory, M|53\/334
|move|p2a: Landorus-Therian|Stealth Rock|p1a: Skarmory
|-sidestart|p1: Aka DH|move: Stealth Rock
|
|-heal|p2a: Landorus-Therian|153\/382 brn|[from] item: Leftovers
|-damage|p2a: Landorus-Therian|106\/382 brn|[from] brn
|turn|31
|
|move|p2a: Landorus-Therian|Stone Edge|p1a: Skarmory
|-damage|p1a: Skarmory|20\/334
|move|p1a: Skarmory|Roost|p1a: Skarmory
|-heal|p1a: Skarmory|187\/334
|
|-heal|p2a: Landorus-Therian|129\/382 brn|[from] item: Leftovers
|-damage|p2a: Landorus-Therian|82\/382 brn|[from] brn
|turn|32
|c| Aaron Pinkman|lol
|c| Aaron Pinkman|that di nothing
|
|move|p2a: Landorus-Therian|U-turn|p1a: Skarmory
|-resisted|p1a: Skarmory
|-damage|p1a: Skarmory|182\/334
|-damage|p2a: Landorus-Therian|19\/382 brn|[from] item: Rocky Helmet|[of] p1a: Skarmory
|join|wolfenstein
|
|switch|p2a: Keldeo|Keldeo|203\/323
|-damage|p2a: Keldeo|163\/323|[from] Spikes
|-damage|p2a: Keldeo|143\/323|[from] Stealth Rock
|move|p1a: Skarmory|Spikes|p2a: Keldeo
|-sidestart|p2: WorthlessNoob|Spikes
|
|turn|33
|
|switch|p1a: Venusaur|Venusaur-Mega, M|288\/364
|-damage|p1a: Venusaur|243\/364|[from] Stealth Rock
|move|p2a: Keldeo|Scald|p1a: Venusaur
|-resisted|p1a: Venusaur
|-damage|p1a: Venusaur|149\/364
|-status|p1a: Venusaur|brn
|
|-damage|p1a: Venusaur|104\/364 brn|[from] brn
|turn|34
|
|switch|p2a: Landorus-Therian|Landorus-Therian, M|19\/382 brn
|-damage|p2a: Landorus-Therian|0 fnt|[from] Stealth Rock
|faint|p2a: Landorus-Therian
|move|p1a: Venusaur|Synthesis|p1a: Venusaur
|-heal|p1a: Venusaur|286\/364 brn
|
|-damage|p1a: Venusaur|241\/364 brn|[from] brn
|
|switch|p2a: Jirachi|Jirachi|322\/404
|-damage|p2a: Jirachi|297\/404|[from] Stealth Rock
|-damage|p2a: Jirachi|230\/404|[from] Spikes
|turn|35
|c| wolfenstein|aaron pinkman i loved your work in breaking bad
|c| wolfenstein|10\/10 performance
|
|switch|p1a: Skarmory|Skarmory, M|182\/334
|-damage|p1a: Skarmory|141\/334|[from] Stealth Rock
|move|p2a: Jirachi|Substitute|p2a: Jirachi
|-start|p2a: Jirachi|Substitute
|-damage|p2a: Jirachi|129\/404
|
|-heal|p2a: Jirachi|154\/404|[from] item: Leftovers
|turn|36
|
|move|p2a: Jirachi|Fire Punch|p1a: Skarmory
|-supereffective|p1a: Skarmory
|-damage|p1a: Skarmory|45\/334
|-damage|p2a: Jirachi|87\/404|[from] item: Rocky Helmet|[of] p1a: Skarmory
|-status|p1a: Skarmory|brn
|move|p1a: Skarmory|Whirlwind|p2a: Jirachi
|drag|p2a: Tyranitar|Tyranitar, F|341\/341
|-damage|p2a: Tyranitar|285\/341|[from] Spikes
|-damage|p2a: Tyranitar|243\/341|[from] Stealth Rock
|-weather|Sandstorm
|
|-weather|Sandstorm|[upkeep]
|-damage|p1a: Skarmory|4\/334 brn|[from] brn
|turn|37
|c| Aaron Pinkman|7u7
|
|move|p2a: Tyranitar|Stone Edge|p1a: Skarmory|[miss]
|-miss|p2a: Tyranitar|p1a: Skarmory
|move|p1a: Skarmory|Spikes|p2a: Tyranitar
|-sidestart|p2: WorthlessNoob|Spikes
|
|-weather|Sandstorm|[upkeep]
|-damage|p1a: Skarmory|0 fnt|[from] brn
|faint|p1a: Skarmory
|
|switch|p1a: Chansey|Chansey, F|684\/684
|-damage|p1a: Chansey|599\/684|[from] Stealth Rock
|turn|38
|c| Aaron Pinkman|of course you loved it
|c| Aaron Pinkman|bitch
|c| wolfenstein|bitch
|c| i came from leddit|poopyheads
|
|switch|p2a: Jirachi|Jirachi|87\/404
|-damage|p2a: Jirachi|62\/404|[from] Stealth Rock
|-damage|p2a: Jirachi|0 fnt|[from] Spikes
|faint|p2a: Jirachi
|move|p1a: Chansey|Thunder Wave|p2: Jirachi|[notarget]
|-notarget
|
|-weather|Sandstorm|[upkeep]
|-damage|p1a: Chansey|557\/684|[from] sandstorm
|
|switch|p2a: Keldeo|Keldeo|143\/323
|-damage|p2a: Keldeo|63\/323|[from] Spikes
|-damage|p2a: Keldeo|43\/323|[from] Stealth Rock
|turn|39
|
|switch|p1a: Heatran|Heatran, M|84\/340 par
|-damage|p1a: Heatran|42\/340 par|[from] Stealth Rock
|move|p2a: Keldeo|Secret Sword|p1a: Heatran
|-supereffective|p1a: Heatran
|-damage|p1a: Heatran|0 fnt
|faint|p1a: Heatran
|
|-weather|Sandstorm|[upkeep]
|-damage|p2a: Keldeo|23\/323|[from] sandstorm
|
|switch|p1a: Bisharp|Bisharp, M|102\/334 brn
|-damage|p1a: Bisharp|82\/334 brn|[from] Stealth Rock
|turn|40
|
|move|p1a: Bisharp|Sucker Punch|p2a: Keldeo
|-resisted|p2a: Keldeo
|-damage|p2a: Keldeo|0 fnt
|faint|p2a: Keldeo
|
|-weather|none
|-heal|p1a: Bisharp|102\/334 brn|[from] item: Leftovers
|-damage|p1a: Bisharp|61\/334 brn|[from] brn
|
|switch|p2a: Tyranitar|Tyranitar, F|243\/341
|-damage|p2a: Tyranitar|201\/341|[from] Stealth Rock
|-damage|p2a: Tyranitar|116\/341|[from] Spikes
|-weather|Sandstorm
|turn|41
|
|move|p2a: Tyranitar|Stone Edge|p1a: Bisharp
|-resisted|p1a: Bisharp
|-damage|p1a: Bisharp|0 fnt
|faint|p1a: Bisharp
|
|-weather|Sandstorm|[upkeep]
|
|switch|p1a: Chansey|Chansey, F|557\/684
|-damage|p1a: Chansey|472\/684|[from] Stealth Rock
|turn|42
|
|move|p2a: Tyranitar|Stone Edge|p1a: Chansey
|-damage|p1a: Chansey|237\/684
|move|p1a: Chansey|Thunder Wave|p2a: Tyranitar
|-status|p2a: Tyranitar|par
|
|-weather|Sandstorm|[upkeep]
|-damage|p1a: Chansey|195\/684|[from] sandstorm
|turn|43
|leave|wolfenstein
|
|move|p1a: Chansey|Soft-Boiled|p1a: Chansey
|-heal|p1a: Chansey|537\/684
|move|p2a: Tyranitar|Stone Edge|p1a: Chansey
|-damage|p1a: Chansey|278\/684
|
|-weather|Sandstorm|[upkeep]
|-damage|p1a: Chansey|236\/684|[from] sandstorm
|turn|44
|-message|WorthlessNoob forfeited.
|
|win|Aka DH
|raw|Ladder updating...
|leave|WorthlessNoob
|player|p2
|c|âAka DH|bye wolf
|raw|Aka DH's rating: 1663 &rarr; <strong>1671<\/strong><br \/>(+8 for winning)
|raw|WorthlessNoob's rating: 1415 &rarr; <strong>1408<\/strong><br \/>(-7 for losing)
|c| Aaron Pinkman|lol