|join|Aka DH
|join|Reqs w Fortune
|player|p1|Aka DH|1
|player|p2|Reqs w Fortune|75
|gametype|singles
|gen|6
|tier|OU (suspect test)
|rated
|clearpoke
|poke|p1|Bisharp, F
|poke|p1|Venusaur, F
|poke|p1|Heatran, F
|poke|p1|Keldeo
|poke|p1|Chansey, F
|poke|p1|Skarmory, M
|poke|p2|Garchomp, F
|poke|p2|Conkeldurr, F
|poke|p2|Jirachi
|poke|p2|Gyarados, F
|poke|p2|Kyurem-Black
|poke|p2|Latios, M
|rule|Swagger Clause: Swagger is banned
|rule|Baton Pass Clause: Limit one PokÃ©mon knowing Baton Pass
|rule|Sleep Clause Mod: Limit one foe put to sleep
|rule|Species Clause: Limit one of each PokÃ©mon
|rule|OHKO Clause: OHKO moves are banned
|rule|Moody Clause: Moody is banned
|rule|Evasion Moves Clause: Evasion moves are banned
|rule|Endless Battle Clause: Forcing endless battles is banned
|rule|HP Percentage Mod: HP is shown in percentages
|teampreview
|join|Zenzo
|
|start
|switch|p1a: Heatran|Heatran, F|340\/340
|switch|p2a: jajaja lead|Garchomp, F|357\/357
|-item|p1a: Heatran|Air Balloon
|turn|1
|
|move|p2a: jajaja lead|Stealth Rock|p1a: Heatran
|-sidestart|p1: Aka DH|move: Stealth Rock
|move|p1a: Heatran|Stealth Rock|p2a: jajaja lead
|-sidestart|p2: Reqs w Fortune|move: Stealth Rock
|
|turn|2
|join|i came from leddit
|
|move|p2a: jajaja lead|Swords Dance|p2a: jajaja lead
|-boost|p2a: jajaja lead|atk|2
|move|p1a: Heatran|Toxic|p2a: jajaja lead|[miss]
|-miss|p1a: Heatran|p2a: jajaja lead
|
|turn|3
|join|Aaron Pinkman
|c| i came from leddit|..
|
|move|p2a: jajaja lead|Outrage|p1a: Heatran
|-resisted|p1a: Heatran
|-damage|p1a: Heatran|166\/340
|-enditem|p1a: Heatran|Air Balloon
|move|p1a: Heatran|Toxic|p2a: jajaja lead
|-status|p2a: jajaja lead|tox
|-enditem|p2a: jajaja lead|Lum Berry|[eat]
|-curestatus|p2a: jajaja lead|tox
|
|turn|4
|
|switch|p1a: Skarmory|Skarmory, M|334\/334
|-damage|p1a: Skarmory|293\/334|[from] Stealth Rock
|move|p2a: jajaja lead|Outrage|p1a: Skarmory
|-resisted|p1a: Skarmory
|-damage|p1a: Skarmory|154\/334
|-damage|p2a: jajaja lead|298\/357|[from] item: Rocky Helmet|[of] p1a: Skarmory
|
|-end|p2a: jajaja lead|rampage
|-start|p2a: jajaja lead|confusion
|turn|5
|
|-activate|p2a: jajaja lead|confusion
|move|p2a: jajaja lead|Outrage|p1a: Skarmory
|-resisted|p1a: Skarmory
|-damage|p1a: Skarmory|10\/334
|-damage|p2a: jajaja lead|239\/357|[from] item: Rocky Helmet|[of] p1a: Skarmory
|move|p1a: Skarmory|Roost|p1a: Skarmory
|-heal|p1a: Skarmory|177\/334
|
|turn|6
|
|-activate|p2a: jajaja lead|confusion
|-damage|p2a: jajaja lead|141\/357|[from] confusion
|move|p1a: Skarmory|Roost|p1a: Skarmory
|-heal|p1a: Skarmory|334\/334
|
|turn|7
|
|switch|p2a: jajajajaja|Conkeldurr, F|351\/351
|-damage|p2a: jajajajaja|330\/351|[from] Stealth Rock
|move|p1a: Skarmory|Spikes|p2a: jajajajaja
|-sidestart|p2: Reqs w Fortune|Spikes
|
|turn|8
|
|switch|p1a: Venusaur|Venusaur, F|364\/364
|-damage|p1a: Venusaur|319\/364|[from] Stealth Rock
|move|p2a: jajajajaja|Ice Punch|p1a: Venusaur
|-supereffective|p1a: Venusaur
|-damage|p1a: Venusaur|149\/364
|
|turn|9
|
|switch|p2a: jajaja scarf|Latios, M|301\/301
|-damage|p2a: jajaja scarf|264\/301|[from] Stealth Rock
|detailschange|p1a: Venusaur|Venusaur-Mega, F
|-mega|p1a: Venusaur|Venusaur|Venusaurite
|move|p1a: Venusaur|Synthesis|p1a: Venusaur
|-heal|p1a: Venusaur|331\/364
|
|turn|10
|
|switch|p1a: Bisharp|Bisharp, F|334\/334
|-damage|p1a: Bisharp|314\/334|[from] Stealth Rock
|move|p2a: jajaja scarf|Defog|p1a: Bisharp
|-unboost|p1a: Bisharp|evasion|1
|-boost|p1a: Bisharp|atk|2|[from] ability: Defiant
|-sideend|p1: Aka DH|Stealth Rock|[from] move: Defog|[of] p1a: Bisharp
|-sideend|p2: Reqs w Fortune|Spikes|[from] move: Defog|[of] p2a: jajaja scarf
|-sideend|p2: Reqs w Fortune|Stealth Rock|[from] move: Defog|[of] p2a: jajaja scarf
|
|-heal|p1a: Bisharp|334\/334|[from] item: Leftovers
|turn|11
|
|switch|p2a: jajaja lead|Garchomp, F|141\/357
|move|p1a: Bisharp|Knock Off|p2a: jajaja lead
|-crit|p2a: jajaja lead
|-damage|p2a: jajaja lead|0 fnt
|-damage|p1a: Bisharp|293\/334|[from] ability: Rough Skin|[of] p2a: jajaja lead
|faint|p2a: jajaja lead
|
|-heal|p1a: Bisharp|313\/334|[from] item: Leftovers
|
|switch|p2a: jajajajaja|Conkeldurr, F|330\/351
|turn|12
|
|switch|p1a: Venusaur|Venusaur-Mega, F|331\/364
|move|p2a: jajajajaja|Mach Punch|p1a: Venusaur
|-resisted|p1a: Venusaur
|-damage|p1a: Venusaur|303\/364
|
|turn|13
|
|switch|p2a: jajaja scarf|Latios, M|264\/301
|move|p1a: Venusaur|Leech Seed|p2a: jajaja scarf|[miss]
|-miss|p1a: Venusaur|p2a: jajaja scarf
|
|turn|14
|
|switch|p1a: Heatran|Heatran, F|166\/340
|move|p2a: jajaja scarf|Hidden Power|p1a: Heatran
|-start|p1a: Heatran|ability: Flash Fire
|
|turn|15
|
|switch|p2a: jajajajaja|Conkeldurr, F|330\/351
|move|p1a: Heatran|Stealth Rock|p2a: jajajajaja
|-sidestart|p2: Reqs w Fortune|move: Stealth Rock
|
|turn|16
|
|switch|p2a: jajajajajajajaja|Gyarados, F|331\/331
|-damage|p2a: jajajajajajajaja|249\/331|[from] Stealth Rock
|-ability|p2a: jajajajajajajaja|Intimidate|[of] p1a: Heatran
|-unboost|p1a: Heatran|atk|1
|move|p1a: Heatran|Fire Blast|p2a: jajajajajajajaja|[miss]
|-miss|p1a: Heatran|p2a: jajajajajajajaja
|
|turn|17
|
|detailschange|p2a: jajajajajajajaja|Gyarados-Mega, F
|-mega|p2a: jajajajajajajaja|Gyarados|Gyaradosite
|-ability|p2a: jajajajajajajaja|Mold Breaker
|move|p1a: Heatran|Fire Blast|p2a: jajajajajajajaja|[miss]
|-miss|p1a: Heatran|p2a: jajajajajajajaja
|move|p2a: jajajajajajajaja|Crunch|p1a: Heatran
|-damage|p1a: Heatran|9\/340
|
|turn|18
|
|switch|p1a: Venusaur|Venusaur-Mega, F|303\/364
|move|p2a: jajajajajajajaja|Dragon Dance|p2a: jajajajajajajaja
|-boost|p2a: jajajajajajajaja|atk|1
|-boost|p2a: jajajajajajajaja|spe|1
|
|turn|19
|c|âAka DH|im tired
|
|move|p2a: jajajajajajajaja|Crunch|p1a: Venusaur
|-damage|p1a: Venusaur|128\/364
|move|p1a: Venusaur|Giga Drain|p2a: jajajajajajajaja
|-supereffective|p2a: jajajajajajajaja
|-damage|p2a: jajajajajajajaja|87\/331
|-heal|p1a: Venusaur|209\/364|[from] drain|[of] p2a: jajajajajajajaja
|
|turn|20
|c|âReqs w Fortune|its ok
|
|move|p2a: jajajajajajajaja|Crunch|p1a: Venusaur
|-damage|p1a: Venusaur|53\/364
|move|p1a: Venusaur|Giga Drain|p2a: jajajajajajajaja
|-supereffective|p2a: jajajajajajajaja
|-damage|p2a: jajajajajajajaja|0 fnt
|-heal|p1a: Venusaur|97\/364|[from] drain|[of] p2a: jajajajajajajaja
|faint|p2a: jajajajajajajaja
|
|c|âReqs w Fortune|me too sm
|c|âReqs w Fortune|h
|
|switch|p2a: jajaja scarf|Latios, M|264\/301
|-damage|p2a: jajaja scarf|227\/301|[from] Stealth Rock
|turn|21
|c| i came from leddit|please don't do that anymore
|c| Zenzo|i lost to 3 fire blast misses the other day
|c| Zenzo|this game is really good
|c|âReqs w Fortune|im not feeling this battle lmao
|
|switch|p1a: Heatran|Heatran, F|9\/340
|move|p2a: jajaja scarf|Hidden Power|p1a: Heatran
|-start|p1a: Heatran|ability: Flash Fire
|
|turn|22
|
|move|p2a: jajaja scarf|Draco Meteor|p1a: Heatran
|-resisted|p1a: Heatran
|-damage|p1a: Heatran|0 fnt
|-unboost|p2a: jajaja scarf|spa|2
|-damage|p2a: jajaja scarf|197\/301|[from] item: Life Orb
|faint|p1a: Heatran
|
|c| Aaron Pinkman|this game is fun
|c| i came from leddit|dont u still have like 5 days or so
|c|âReqs w Fortune|yh
|
|switch|p1a: Bisharp|Bisharp, F|313\/334
|turn|23
|
|switch|p2a: jajajajaja|Conkeldurr, F|330\/351
|-damage|p2a: jajajajaja|309\/351|[from] Stealth Rock
|move|p1a: Bisharp|Knock Off|p2a: jajajajaja
|-resisted|p2a: jajajajaja
|-damage|p2a: jajajajaja|212\/351
|-enditem|p2a: jajajajaja|Assault Vest|[from] move: Knock Off|[of] p1a: Bisharp
|
|-heal|p1a: Bisharp|333\/334|[from] item: Leftovers
|turn|24
|c|âReqs w Fortune|i mean im not worried
|
|switch|p1a: Venusaur|Venusaur-Mega, F|97\/364
|move|p2a: jajajajaja|Drain Punch|p1a: Venusaur
|-resisted|p1a: Venusaur
|-damage|p1a: Venusaur|52\/364
|-heal|p2a: jajajajaja|235\/351|[from] drain|[of] p1a: Venusaur
|
|turn|25
|c| Aaron Pinkman|i came from leddit, you already did reqs?
|
|switch|p2a: jajaja scarf|Latios, M|197\/301
|-damage|p2a: jajaja scarf|160\/301|[from] Stealth Rock
|move|p1a: Venusaur|Synthesis|p1a: Venusaur
|-heal|p1a: Venusaur|234\/364
|
|turn|26
|c|âAka DH|i need coils
|c| i came from leddit|i started on an account but after reading the forum everyone was already voting ban anyways
|c|âReqs w Fortune|>coil
|
|switch|p1a: Chansey|Chansey, F|684\/684
|move|p2a: jajaja scarf|Hidden Power|p1a: Chansey
|-damage|p1a: Chansey|626\/684
|-damage|p2a: jajaja scarf|130\/301|[from] item: Life Orb
|
|turn|27
|
|switch|p2a: jajajajaja|Conkeldurr, F|235\/351
|-damage|p2a: jajajajaja|214\/351|[from] Stealth Rock
|move|p1a: Chansey|Seismic Toss|p2a: jajajajaja
|-damage|p2a: jajajajaja|114\/351
|
|turn|28
|c| i came from leddit|Aka DH needs to get reqs
|c|âReqs w Fortune|i lost gg
|c| Aaron Pinkman|thats what i said too
|-message|Reqs w Fortune forfeited.
|
|win|Aka DH
|raw|Ladder updating...
|leave|Reqs w Fortune
|player|p2
|raw|Aka DH's rating: 1676 &rarr; <strong>1684<\/strong><br \/>(+8 for winning)
|raw|Reqs w Fortune's rating: 1434 &rarr; <strong>1427<\/strong><br \/>(-7 for losing)