|join|Merry Jewmas
|join|Aka DH
|player|p1|Merry Jewmas|#cpgtan
|player|p2|Aka DH|1
|gametype|singles
|gen|6
|tier|OU (suspect test)
|rated
|clearpoke
|poke|p1|Diggersby, F
|poke|p1|Sableye, M
|poke|p1|Ferrothorn, F
|poke|p1|Azumarill, M
|poke|p1|Gengar, M
|poke|p1|Heatran, F
|poke|p2|Bisharp, M
|poke|p2|Venusaur, F
|poke|p2|Heatran, F
|poke|p2|Keldeo
|poke|p2|Chansey, F
|poke|p2|Skarmory, M
|rule|Swagger Clause: Swagger is banned
|rule|Baton Pass Clause: Limit one PokÃ©mon knowing Baton Pass
|rule|Sleep Clause Mod: Limit one foe put to sleep
|rule|Species Clause: Limit one of each PokÃ©mon
|rule|OHKO Clause: OHKO moves are banned
|rule|Moody Clause: Moody is banned
|rule|Evasion Moves Clause: Evasion moves are banned
|rule|Endless Battle Clause: Forcing endless battles is banned
|rule|HP Percentage Mod: HP is shown in percentages
|teampreview
|
|start
|switch|p1a: CALL ME SHOFU|Gengar, M|261\/261
|switch|p2a: Heatran|Heatran, F|340\/340
|-item|p2a: Heatran|Air Balloon
|turn|1
|
|switch|p2a: Chansey|Chansey, F|684\/684
|move|p1a: CALL ME SHOFU|Shadow Ball|p2a: Chansey
|-immune|p2a: Chansey|[msg]
|
|turn|2
|
|switch|p1a: TAMALE|Ferrothorn, F|349\/349
|move|p2a: Chansey|Thunder Wave|p1a: TAMALE
|-status|p1a: TAMALE|par
|
|turn|3
|
|switch|p2a: Heatran|Heatran, F|340\/340
|-item|p2a: Heatran|Air Balloon
|move|p1a: TAMALE|Spikes|p2a: Heatran
|-sidestart|p2: Aka DH|Spikes
|
|turn|4
|
|switch|p1a: TRIPLE CHARIZARD|Heatran, F|385\/385
|-item|p1a: TRIPLE CHARIZARD|Air Balloon
|move|p2a: Heatran|Stealth Rock|p1a: TRIPLE CHARIZARD
|-sidestart|p1: Merry Jewmas|move: Stealth Rock
|
|turn|5
|
|move|p1a: TRIPLE CHARIZARD|Stealth Rock|p2a: Heatran
|-sidestart|p2: Aka DH|move: Stealth Rock
|move|p2a: Heatran|Taunt|p1a: TRIPLE CHARIZARD
|-start|p1a: TRIPLE CHARIZARD|move: Taunt
|
|turn|6
|
|switch|p2a: Keldeo|Keldeo|323\/323
|-damage|p2a: Keldeo|283\/323|[from] Spikes
|-damage|p2a: Keldeo|263\/323|[from] Stealth Rock
|move|p1a: TRIPLE CHARIZARD|Flash Cannon|p2a: Keldeo
|-resisted|p2a: Keldeo
|-damage|p2a: Keldeo|192\/323
|-unboost|p2a: Keldeo|spd|1
|
|-heal|p2a: Keldeo|212\/323|[from] item: Leftovers
|turn|7
|
|switch|p1a: HNNNNNNNNG|Azumarill, M|377\/377
|-damage|p1a: HNNNNNNNNG|330\/377|[from] Stealth Rock
|move|p2a: Keldeo|Scald|p1a: HNNNNNNNNG
|-resisted|p1a: HNNNNNNNNG
|-damage|p1a: HNNNNNNNNG|247\/377
|
|-heal|p2a: Keldeo|232\/323|[from] item: Leftovers
|turn|8
|
|switch|p2a: Skarmory|Skarmory, M|334\/334
|-damage|p2a: Skarmory|293\/334|[from] Stealth Rock
|move|p1a: HNNNNNNNNG|Play Rough|p2a: Skarmory
|-resisted|p2a: Skarmory
|-damage|p2a: Skarmory|197\/334
|-damage|p1a: HNNNNNNNNG|185\/377|[from] item: Rocky Helmet|[of] p2a: Skarmory
|
|turn|9
|
|switch|p1a: NEZMCNEZZA|Sableye, M|302\/302
|-damage|p1a: NEZMCNEZZA|265\/302|[from] Stealth Rock
|move|p2a: Skarmory|Spikes|p1a: NEZMCNEZZA
|-sidestart|p1: Merry Jewmas|Spikes
|
|turn|10
|
|switch|p2a: Keldeo|Keldeo|232\/323
|-damage|p2a: Keldeo|192\/323|[from] Spikes
|-damage|p2a: Keldeo|172\/323|[from] Stealth Rock
|detailschange|p1a: NEZMCNEZZA|Sableye-Mega, M
|-mega|p1a: NEZMCNEZZA|Sableye|Sablenite
|move|p1a: NEZMCNEZZA|Calm Mind|p1a: NEZMCNEZZA
|-boost|p1a: NEZMCNEZZA|spa|1
|-boost|p1a: NEZMCNEZZA|spd|1
|
|-heal|p2a: Keldeo|192\/323|[from] item: Leftovers
|turn|11
|
|switch|p1a: CALL ME SHOFU|Gengar, M|261\/261
|-damage|p1a: CALL ME SHOFU|229\/261|[from] Stealth Rock
|move|p2a: Keldeo|Calm Mind|p2a: Keldeo
|-boost|p2a: Keldeo|spa|1
|-boost|p2a: Keldeo|spd|1
|
|-heal|p2a: Keldeo|212\/323|[from] item: Leftovers
|turn|12
|
|move|p1a: CALL ME SHOFU|Destiny Bond|p1a: CALL ME SHOFU
|-singlemove|p1a: CALL ME SHOFU|Destiny Bond
|move|p2a: Keldeo|Scald|p1a: CALL ME SHOFU
|-crit|p1a: CALL ME SHOFU
|-damage|p1a: CALL ME SHOFU|0 fnt
|faint|p1a: CALL ME SHOFU
|-activate|p1a: CALL ME SHOFU|Destiny Bond
|faint|p2a: Keldeo
|
|
|switch|p2a: Heatran|Heatran, F|340\/340
|switch|p1a: NEZMCNEZZA|Sableye-Mega, M|265\/302
|-damage|p2a: Heatran|298\/340|[from] Stealth Rock
|-item|p2a: Heatran|Air Balloon
|-damage|p1a: NEZMCNEZZA|228\/302|[from] Stealth Rock
|-damage|p1a: NEZMCNEZZA|191\/302|[from] Spikes
|turn|13
|
|move|p2a: Heatran|Fire Blast|p1a: NEZMCNEZZA
|-damage|p1a: NEZMCNEZZA|52\/302
|move|p1a: NEZMCNEZZA|Recover|p1a: NEZMCNEZZA
|-heal|p1a: NEZMCNEZZA|203\/302
|
|turn|14
|
|move|p2a: Heatran|Fire Blast|p1a: NEZMCNEZZA
|-damage|p1a: NEZMCNEZZA|55\/302
|move|p1a: NEZMCNEZZA|Recover|p1a: NEZMCNEZZA
|-heal|p1a: NEZMCNEZZA|206\/302
|
|turn|15
|
|switch|p1a: TRIPLE CHARIZARD|Heatran, F|385\/385
|-damage|p1a: TRIPLE CHARIZARD|337\/385|[from] Stealth Rock
|-item|p1a: TRIPLE CHARIZARD|Air Balloon
|move|p2a: Heatran|Fire Blast|p1a: TRIPLE CHARIZARD
|-start|p1a: TRIPLE CHARIZARD|ability: Flash Fire
|
|turn|16
|
|move|p1a: TRIPLE CHARIZARD|Flash Cannon|p2a: Heatran
|-resisted|p2a: Heatran
|-damage|p2a: Heatran|270\/340
|-enditem|p2a: Heatran|Air Balloon
|move|p2a: Heatran|Taunt|p1a: TRIPLE CHARIZARD
|-start|p1a: TRIPLE CHARIZARD|move: Taunt
|
|turn|17
|
|switch|p2a: Chansey|Chansey, F|684\/684
|-damage|p2a: Chansey|599\/684|[from] Spikes
|-damage|p2a: Chansey|514\/684|[from] Stealth Rock
|move|p1a: TRIPLE CHARIZARD|Fire Blast|p2a: Chansey
|-damage|p2a: Chansey|376\/684
|
|turn|18
|join|i came from leddit
|
|switch|p1a: NEZMCNEZZA|Sableye-Mega, M|206\/302
|-damage|p1a: NEZMCNEZZA|169\/302|[from] Spikes
|-damage|p1a: NEZMCNEZZA|132\/302|[from] Stealth Rock
|switch|p2a: Skarmory|Skarmory, M|197\/334
|-damage|p2a: Skarmory|156\/334|[from] Stealth Rock
|
|turn|19
|
|move|p2a: Skarmory|Brave Bird|p1a: NEZMCNEZZA
|-damage|p1a: NEZMCNEZZA|59\/302
|-damage|p2a: Skarmory|132\/334|[from] recoil|[of] p1a: NEZMCNEZZA
|move|p1a: NEZMCNEZZA|Recover|p1a: NEZMCNEZZA
|-heal|p1a: NEZMCNEZZA|210\/302
|
|turn|20
|c| i came from leddit|go bloody!
|c|âMerry Jewmas|no go me!
|
|switch|p2a: Bisharp|Bisharp, M|334\/334
|-damage|p2a: Bisharp|314\/334|[from] Stealth Rock
|-damage|p2a: Bisharp|273\/334|[from] Spikes
|move|p1a: NEZMCNEZZA|Calm Mind|p1a: NEZMCNEZZA
|-boost|p1a: NEZMCNEZZA|spa|1
|-boost|p1a: NEZMCNEZZA|spd|1
|
|-heal|p2a: Bisharp|293\/334|[from] item: Leftovers
|turn|21
|c| i came from leddit|fuck off nerd
|
|move|p2a: Bisharp|Iron Head|p1a: NEZMCNEZZA
|-damage|p1a: NEZMCNEZZA|119\/302
|move|p1a: NEZMCNEZZA|Will-O-Wisp|p2a: Bisharp
|-status|p2a: Bisharp|brn
|
|-heal|p2a: Bisharp|313\/334 brn|[from] item: Leftovers
|-damage|p2a: Bisharp|272\/334 brn|[from] brn
|turn|22
|c|âMerry Jewmas|;_;
|
|move|p2a: Bisharp|Iron Head|p1a: NEZMCNEZZA
|-damage|p1a: NEZMCNEZZA|70\/302
|move|p1a: NEZMCNEZZA|Recover|p1a: NEZMCNEZZA
|-heal|p1a: NEZMCNEZZA|221\/302
|
|-heal|p2a: Bisharp|292\/334 brn|[from] item: Leftovers
|-damage|p2a: Bisharp|251\/334 brn|[from] brn
|turn|23
|join|Zenzo
|
|switch|p2a: Chansey|Chansey, F|376\/684
|-damage|p2a: Chansey|291\/684|[from] Spikes
|-damage|p2a: Chansey|206\/684|[from] Stealth Rock
|move|p1a: NEZMCNEZZA|Calm Mind|p1a: NEZMCNEZZA
|-boost|p1a: NEZMCNEZZA|spa|1
|-boost|p1a: NEZMCNEZZA|spd|1
|
|turn|24
|
|move|p2a: Chansey|Aromatherapy|p2a: Chansey
|-cureteam|p2a: Chansey|[from] move: Aromatherapy
|move|p1a: NEZMCNEZZA|Calm Mind|p1a: NEZMCNEZZA
|-boost|p1a: NEZMCNEZZA|spa|1
|-boost|p1a: NEZMCNEZZA|spd|1
|
|turn|25
|c| i came from leddit|stop that
|
|move|p2a: Chansey|Thunder Wave|p1a: NEZMCNEZZA
|move|p1a: NEZMCNEZZA|Thunder Wave|p2a: Chansey|[from]Magic Bounce
|-status|p2a: Chansey|par
|move|p1a: NEZMCNEZZA|Dark Pulse|p2a: Chansey
|-damage|p2a: Chansey|91\/684 par
|
|turn|26
|
|move|p1a: NEZMCNEZZA|Dark Pulse|p2a: Chansey
|-damage|p2a: Chansey|0 fnt
|faint|p2a: Chansey
|
|
|switch|p2a: Bisharp|Bisharp, M|251\/334
|-damage|p2a: Bisharp|210\/334|[from] Spikes
|-damage|p2a: Bisharp|190\/334|[from] Stealth Rock
|turn|27
|
|move|p2a: Bisharp|Iron Head|p1a: NEZMCNEZZA
|-damage|p1a: NEZMCNEZZA|121\/302
|cant|p1a: NEZMCNEZZA|flinch
|
|-heal|p2a: Bisharp|210\/334|[from] item: Leftovers
|turn|28
|
|move|p2a: Bisharp|Iron Head|p1a: NEZMCNEZZA
|-damage|p1a: NEZMCNEZZA|18\/302
|move|p1a: NEZMCNEZZA|Recover|p1a: NEZMCNEZZA
|-heal|p1a: NEZMCNEZZA|169\/302
|
|-heal|p2a: Bisharp|230\/334|[from] item: Leftovers
|turn|29
|c| i came from leddit|one more please
|c| i came from leddit|...
|
|move|p2a: Bisharp|Iron Head|p1a: NEZMCNEZZA
|-damage|p1a: NEZMCNEZZA|79\/302
|move|p1a: NEZMCNEZZA|Recover|p1a: NEZMCNEZZA
|-heal|p1a: NEZMCNEZZA|230\/302
|
|-heal|p2a: Bisharp|250\/334|[from] item: Leftovers
|turn|30
|
|move|p2a: Bisharp|Iron Head|p1a: NEZMCNEZZA
|-damage|p1a: NEZMCNEZZA|137\/302
|move|p1a: NEZMCNEZZA|Will-O-Wisp|p2a: Bisharp
|-status|p2a: Bisharp|brn
|
|-heal|p2a: Bisharp|270\/334 brn|[from] item: Leftovers
|-damage|p2a: Bisharp|229\/334 brn|[from] brn
|turn|31
|
|move|p2a: Bisharp|Swords Dance|p2a: Bisharp
|-boost|p2a: Bisharp|atk|2
|move|p1a: NEZMCNEZZA|Recover|p1a: NEZMCNEZZA
|-heal|p1a: NEZMCNEZZA|288\/302
|
|-heal|p2a: Bisharp|249\/334 brn|[from] item: Leftovers
|-damage|p2a: Bisharp|208\/334 brn|[from] brn
|turn|32
|join|Aka PHD
|join|yuy
|
|move|p2a: Bisharp|Iron Head|p1a: NEZMCNEZZA
|-crit|p1a: NEZMCNEZZA
|-damage|p1a: NEZMCNEZZA|137\/302
|cant|p1a: NEZMCNEZZA|flinch
|
|-heal|p2a: Bisharp|228\/334 brn|[from] item: Leftovers
|-damage|p2a: Bisharp|187\/334 brn|[from] brn
|turn|33
|c| yuy|dh think you'll ever answer my pm?
|
|move|p2a: Bisharp|Iron Head|p1a: NEZMCNEZZA
|-damage|p1a: NEZMCNEZZA|46\/302
|move|p1a: NEZMCNEZZA|Recover|p1a: NEZMCNEZZA
|-heal|p1a: NEZMCNEZZA|197\/302
|
|-heal|p2a: Bisharp|207\/334 brn|[from] item: Leftovers
|-damage|p2a: Bisharp|166\/334 brn|[from] brn
|turn|34
|
|move|p2a: Bisharp|Iron Head|p1a: NEZMCNEZZA
|-damage|p1a: NEZMCNEZZA|104\/302
|move|p1a: NEZMCNEZZA|Dark Pulse|p2a: Bisharp
|-resisted|p2a: Bisharp
|-damage|p2a: Bisharp|33\/334 brn
|
|-heal|p2a: Bisharp|53\/334 brn|[from] item: Leftovers
|-damage|p2a: Bisharp|12\/334 brn|[from] brn
|turn|35
|c| yuy|jewmas will you ever stop  being gay?
|c| i came from leddit|no
|
|move|p2a: Bisharp|Iron Head|p1a: NEZMCNEZZA
|-damage|p1a: NEZMCNEZZA|14\/302
|cant|p1a: NEZMCNEZZA|flinch
|
|-heal|p2a: Bisharp|32\/334 brn|[from] item: Leftovers
|-damage|p2a: Bisharp|0 fnt|[from] brn
|faint|p2a: Bisharp
|c| i came from leddit|deserved
|c|âMerry Jewmas|ebin
|
|switch|p2a: Venusaur|Venusaur, F|364\/364
|-damage|p2a: Venusaur|319\/364|[from] Spikes
|-damage|p2a: Venusaur|274\/364|[from] Stealth Rock
|turn|36
|
|detailschange|p2a: Venusaur|Venusaur-Mega, F
|-mega|p2a: Venusaur|Venusaur|Venusaurite
|move|p2a: Venusaur|Giga Drain|p1a: NEZMCNEZZA
|-damage|p1a: NEZMCNEZZA|0 fnt
|-heal|p2a: Venusaur|281\/364|[from] drain|[of] p1a: NEZMCNEZZA
|faint|p1a: NEZMCNEZZA
|
|join|Kableye
|join|Ninety Nine
|join|Breeloom
|
|switch|p1a: TRIPLE CHARIZARD|Heatran, F|337\/385
|-damage|p1a: TRIPLE CHARIZARD|289\/385|[from] Stealth Rock
|-item|p1a: TRIPLE CHARIZARD|Air Balloon
|turn|37
|join|Outrageous Fortune
|join|Tigertoned
|
|move|p1a: TRIPLE CHARIZARD|Fire Blast|p2a: Venusaur
|-supereffective|p2a: Venusaur
|-damage|p2a: Venusaur|135\/364
|move|p2a: Venusaur|Leech Seed|p1a: TRIPLE CHARIZARD
|-start|p1a: TRIPLE CHARIZARD|move: Leech Seed
|
|-damage|p1a: TRIPLE CHARIZARD|241\/385|[from] Leech Seed|[of] p2a: Venusaur
|-heal|p2a: Venusaur|183\/364|[silent]
|turn|38
|
|switch|p1a: TAMALE|Ferrothorn, F|349\/349 par
|-damage|p1a: TAMALE|328\/349 par|[from] Stealth Rock
|-damage|p1a: TAMALE|285\/349 par|[from] Spikes
|move|p2a: Venusaur|Synthesis|p2a: Venusaur
|-heal|p2a: Venusaur|364\/364
|
|-heal|p1a: TAMALE|306\/349 par|[from] item: Leftovers
|turn|39
|
|move|p2a: Venusaur|Giga Drain|p1a: TAMALE
|-resisted|p1a: TAMALE
|-damage|p1a: TAMALE|285\/349 par
|move|p1a: TAMALE|Gyro Ball|p2a: Venusaur
|-damage|p2a: Venusaur|256\/364
|
|-heal|p1a: TAMALE|306\/349 par|[from] item: Leftovers
|turn|40
|c| i came from leddit|poophead
|
|switch|p1a: TRIPLE CHARIZARD|Heatran, F|241\/385
|-damage|p1a: TRIPLE CHARIZARD|193\/385|[from] Stealth Rock
|-item|p1a: TRIPLE CHARIZARD|Air Balloon
|move|p2a: Venusaur|Synthesis|p2a: Venusaur
|-heal|p2a: Venusaur|364\/364
|
|turn|41
|leave|Tigertoned
|c| i came from leddit|poopyhead*
|
|move|p1a: TRIPLE CHARIZARD|Flash Cannon|p2a: Venusaur
|-damage|p2a: Venusaur|261\/364
|move|p2a: Venusaur|Leech Seed|p1a: TRIPLE CHARIZARD
|-start|p1a: TRIPLE CHARIZARD|move: Leech Seed
|
|-damage|p1a: TRIPLE CHARIZARD|145\/385|[from] Leech Seed|[of] p2a: Venusaur
|-heal|p2a: Venusaur|309\/364|[silent]
|turn|42
|
|move|p2a: Venusaur|Hidden Power|p1a: TRIPLE CHARIZARD
|-start|p1a: TRIPLE CHARIZARD|ability: Flash Fire
|move|p1a: TRIPLE CHARIZARD|Roar|p2a: Venusaur
|drag|p2a: Skarmory|Skarmory, M|132\/334
|-damage|p2a: Skarmory|91\/334|[from] Stealth Rock
|
|-damage|p1a: TRIPLE CHARIZARD|97\/385|[from] Leech Seed|[of] p2a: Skarmory
|-heal|p2a: Skarmory|139\/334|[silent]
|turn|43
|c| yuy|z0m
|join|Ary
|c| yuy|flash cannon?
|c| yuy|really?
|
|move|p1a: TRIPLE CHARIZARD|Fire Blast|p2a: Skarmory
|-supereffective|p2a: Skarmory
|-damage|p2a: Skarmory|0 fnt
|faint|p2a: Skarmory
|
|c|âMerry Jewmas|for clefable and latis
|c| i came from leddit|hahahahaha very ebin xD
|
|switch|p2a: Venusaur|Venusaur-Mega, F|309\/364
|-damage|p2a: Venusaur|264\/364|[from] Spikes
|-damage|p2a: Venusaur|219\/364|[from] Stealth Rock
|turn|44
|c| yuy|>no clef or lati on his team
|c|âMerry Jewmas|\/me upboats on 9gag
|
|switch|p2a: Heatran|Heatran, F|270\/340
|-damage|p2a: Heatran|228\/340|[from] Spikes
|-damage|p2a: Heatran|186\/340|[from] Stealth Rock
|move|p1a: TRIPLE CHARIZARD|Fire Blast|p2a: Heatran
|-start|p2a: Heatran|ability: Flash Fire
|
|-damage|p1a: TRIPLE CHARIZARD|49\/385|[from] Leech Seed|[of] p2a: Heatran
|-heal|p2a: Heatran|234\/340|[silent]
|turn|45
|c| Ary|kek
|c| Ary|i like how mindless
|c| Ary|z0m's team is
|
|move|p1a: TRIPLE CHARIZARD|Flash Cannon|p2a: Heatran
|-resisted|p2a: Heatran
|-damage|p2a: Heatran|205\/340
|move|p2a: Heatran|Fire Blast|p1a: TRIPLE CHARIZARD
|-immune|p1a: TRIPLE CHARIZARD|[msg]
|
|-damage|p1a: TRIPLE CHARIZARD|1\/385|[from] Leech Seed|[of] p2a: Heatran
|-heal|p2a: Heatran|253\/340|[silent]
|turn|46
|c| i came from leddit|good play
|
|move|p1a: TRIPLE CHARIZARD|Flash Cannon|p2a: Heatran
|-resisted|p2a: Heatran
|-damage|p2a: Heatran|226\/340
|move|p2a: Heatran|Stealth Rock|p1a: TRIPLE CHARIZARD
|-fail|p1a: TRIPLE CHARIZARD
|
|-damage|p1a: TRIPLE CHARIZARD|0 fnt|[from] Leech Seed|[of] p2a: Heatran
|-heal|p2a: Heatran|227\/340|[silent]
|faint|p1a: TRIPLE CHARIZARD
|c| i came from leddit|i believe in bloody.....
|
|switch|p1a: SHIZZ 2 DA SIXX|Diggersby, F|311\/311
|-damage|p1a: SHIZZ 2 DA SIXX|292\/311|[from] Stealth Rock
|-damage|p1a: SHIZZ 2 DA SIXX|254\/311|[from] Spikes
|turn|47
|
|move|p1a: SHIZZ 2 DA SIXX|Earthquake|p2a: Heatran
|-supereffective|p2a: Heatran
|-damage|p2a: Heatran|0 fnt
|-damage|p1a: SHIZZ 2 DA SIXX|223\/311|[from] item: Life Orb
|faint|p2a: Heatran
|
|c| Breeloom|FLASH CANNON BEING USEFUL AS USUAL
|
|switch|p2a: Venusaur|Venusaur-Mega, F|219\/364
|-damage|p2a: Venusaur|174\/364|[from] Stealth Rock
|-damage|p2a: Venusaur|129\/364|[from] Spikes
|turn|48
|
|move|p1a: SHIZZ 2 DA SIXX|Earthquake|p2a: Venusaur
|-damage|p2a: Venusaur|0 fnt
|-damage|p1a: SHIZZ 2 DA SIXX|192\/311|[from] item: Life Orb
|faint|p2a: Venusaur
|
|win|Merry Jewmas
|raw|Ladder updating...
|raw|Merry Jewmas's rating: 1544 &rarr; <strong>1571<\/strong><br \/>(+27 for winning)
|raw|Aka DH's rating: 1674 &rarr; <strong>1647<\/strong><br \/>(-27 for losing)
|c| i came from leddit|FUCK
|c| Zenzo|poopyhead
|leave|Aka DH
|player|p2
|leave|i came from leddit
|c| Zenzo|meanie
|leave|Zenzo