|join|Bik Krit
|join|CaioPortilho
|player|p1|Bik Krit|76
|player|p2|CaioPortilho|2
|gametype|singles
|gen|6
|tier|UU
|rated
|rule|Sleep Clause Mod: Limit one foe put to sleep
|rule|Species Clause: Limit one of each PokÃ©mon
|rule|OHKO Clause: OHKO moves are banned
|rule|Moody Clause: Moody is banned
|rule|Evasion Moves Clause: Evasion moves are banned
|rule|Endless Battle Clause: Forcing endless battles is banned
|rule|HP Percentage Mod: HP is shown in percentages
|clearpoke
|poke|p1|Abomasnow, F
|poke|p1|Cloyster, M
|poke|p1|Druddigon, F
|poke|p1|Entei, shiny
|poke|p1|Whimsicott, F
|poke|p1|Tentacruel, F
|poke|p2|Infernape, F
|poke|p2|Kyurem
|poke|p2|Rotom-Heat
|poke|p2|Jirachi
|poke|p2|Celebi
|poke|p2|Medicham, M
|rule|Swagger Clause: Swagger is banned
|rule|Baton Pass Clause: Limit one PokÃ©mon knowing Baton Pass
|teampreview
|
|start
|switch|p1a: Druddigon|Druddigon, F|358\/358
|switch|p2a: Jirachi|Jirachi|341\/341
|turn|1
|
|move|p2a: Jirachi|Trick|p1a: Druddigon
|-activate|p2a: Jirachi|move: Trick|[of] p1a: Druddigon
|-item|p1a: Druddigon|Choice Scarf|[from] move: Trick
|-item|p2a: Jirachi|Rocky Helmet|[from] move: Trick
|move|p1a: Druddigon|Glare|p2a: Jirachi
|-status|p2a: Jirachi|par
|
|turn|2
|
|move|p1a: Druddigon|Glare|p2a: Jirachi
|-fail|p2a: Jirachi|par
|move|p2a: Jirachi|U-turn|p1a: Druddigon
|-damage|p1a: Druddigon|304\/358
|-damage|p2a: Jirachi|299\/341 par|[from] ability: Rough Skin|[of] p1a: Druddigon
|
|switch|p2a: Rotom-Heat|Rotom-Heat|303\/303
|
|turn|3
|
|move|p2a: Rotom-Heat|Thunder Wave|p1a: Druddigon
|-status|p1a: Druddigon|par
|move|p1a: Druddigon|Glare|p2a: Rotom-Heat
|-fail|p2a: Rotom-Heat
|
|turn|4
|
|switch|p1a: Entei|Entei, shiny|371\/371
|-ability|p1a: Entei|Pressure
|move|p2a: Rotom-Heat|Thunder Wave|p1a: Entei
|-status|p1a: Entei|par
|
|turn|5
|
|move|p1a: Entei|Extreme Speed|p2a: Rotom-Heat
|-damage|p2a: Rotom-Heat|172\/303
|move|p2a: Rotom-Heat|Volt Switch|p1a: Entei
|-damage|p1a: Entei|263\/371 par
|
|switch|p2a: Infernape|Infernape, F|293\/293
|
|turn|6
|
|move|p1a: Entei|Extreme Speed|p2a: Infernape
|-damage|p2a: Infernape|102\/293
|move|p2a: Infernape|Stealth Rock|p1a: Entei
|-sidestart|p1: Bik Krit|move: Stealth Rock
|
|turn|7
|
|switch|p2a: Jirachi|Jirachi|299\/341 par
|switch|p1a: Tentacruel|Tentacruel, F|361\/361
|-damage|p1a: Tentacruel|316\/361|[from] Stealth Rock
|
|-heal|p1a: Tentacruel|338\/361|[from] item: Black Sludge
|turn|8
|
|move|p1a: Tentacruel|Rapid Spin|p2a: Jirachi
|-resisted|p2a: Jirachi
|-damage|p2a: Jirachi|294\/341 par
|-damage|p1a: Tentacruel|278\/361|[from] item: Rocky Helmet|[of] p2a: Jirachi
|-sideend|p1: Bik Krit|Stealth Rock|[from] move: Rapid Spin|[of] p1a: Tentacruel
|move|p2a: Jirachi|Zen Headbutt|p1a: Tentacruel
|-supereffective|p1a: Tentacruel
|-damage|p1a: Tentacruel|56\/361
|
|-heal|p1a: Tentacruel|78\/361|[from] item: Black Sludge
|turn|9
|
|move|p1a: Tentacruel|Toxic Spikes|p2a: Jirachi
|-sidestart|p2: CaioPortilho|move: Toxic Spikes
|move|p2a: Jirachi|U-turn|p1a: Tentacruel
|-resisted|p1a: Tentacruel
|-damage|p1a: Tentacruel|44\/361
|
|switch|p2a: Medicham|Medicham, M|323\/323
|-status|p2a: Medicham|psn
|
|-heal|p1a: Tentacruel|66\/361|[from] item: Black Sludge
|-damage|p2a: Medicham|283\/323 psn|[from] psn
|turn|10
|
|detailschange|p2a: Medicham|Medicham-Mega, M
|-mega|p2a: Medicham|Medicham|Medichamite
|move|p1a: Tentacruel|Toxic Spikes|p2a: Medicham
|-sidestart|p2: CaioPortilho|move: Toxic Spikes
|move|p2a: Medicham|Drain Punch|p1a: Tentacruel
|-resisted|p1a: Tentacruel
|-damage|p1a: Tentacruel|0 fnt
|-damage|p2a: Medicham|250\/323 psn|[from] ability: Liquid Ooze|[of] p1a: Tentacruel
|faint|p1a: Tentacruel
|
|-damage|p2a: Medicham|210\/323 psn|[from] psn
|
|switch|p1a: Whimsicott|Whimsicott, F|261\/261
|turn|11
|
|move|p1a: Whimsicott|Moonblast|p2a: Medicham
|-supereffective|p2a: Medicham
|-damage|p2a: Medicham|0 fnt
|faint|p2a: Medicham
|
|
|switch|p2a: Rotom-Heat|Rotom-Heat|172\/303
|turn|12
|
|switch|p1a: Entei|Entei, shiny|263\/371 par
|-ability|p1a: Entei|Pressure
|move|p2a: Rotom-Heat|Hidden Power|p1a: Entei
|-resisted|p1a: Entei
|-damage|p1a: Entei|232\/371 par
|
|-heal|p2a: Rotom-Heat|190\/303|[from] item: Leftovers
|turn|13
|
|move|p1a: Entei|Extreme Speed|p2a: Rotom-Heat
|-damage|p2a: Rotom-Heat|44\/303
|move|p2a: Rotom-Heat|Volt Switch|p1a: Entei
|-damage|p1a: Entei|114\/371 par
|
|switch|p2a: Jirachi|Jirachi|294\/341 par
|
|turn|14
|
|switch|p1a: Druddigon|Druddigon, F|304\/358 par
|move|p2a: Jirachi|U-turn|p1a: Druddigon
|-damage|p1a: Druddigon|252\/358 par
|-damage|p2a: Jirachi|252\/341 par|[from] ability: Rough Skin|[of] p1a: Druddigon
|
|switch|p2a: Infernape|Infernape, F|102\/293
|-status|p2a: Infernape|tox
|
|-damage|p2a: Infernape|84\/293 tox|[from] psn
|turn|15
|
|move|p2a: Infernape|Stealth Rock|p1a: Druddigon
|-sidestart|p1: Bik Krit|move: Stealth Rock
|move|p1a: Druddigon|Stealth Rock|p2a: Infernape
|-sidestart|p2: CaioPortilho|move: Stealth Rock
|
|-damage|p2a: Infernape|48\/293 tox|[from] psn
|turn|16
|
|switch|p1a: Entei|Entei, shiny|114\/371 par
|-damage|p1a: Entei|22\/371 par|[from] Stealth Rock
|-ability|p1a: Entei|Pressure
|move|p2a: Infernape|Overheat|p1a: Entei
|-resisted|p1a: Entei
|-damage|p1a: Entei|0 fnt
|-unboost|p2a: Infernape|spa|2
|faint|p1a: Entei
|
|-damage|p2a: Infernape|0 fnt|[from] psn
|faint|p2a: Infernape
|
|switch|p2a: Rotom-Heat|Rotom-Heat|44\/303
|switch|p1a: Abomasnow|Abomasnow, F|323\/323
|-damage|p2a: Rotom-Heat|0 fnt|[from] Stealth Rock
|faint|p2a: Rotom-Heat
|-damage|p1a: Abomasnow|243\/323|[from] Stealth Rock
|
|switch|p2a: Kyurem|Kyurem|391\/391
|-damage|p2a: Kyurem|294\/391|[from] Stealth Rock
|-status|p2a: Kyurem|tox
|-ability|p2a: Kyurem|Pressure
|turn|17
|
|switch|p1a: Druddigon|Druddigon, F|252\/358 par
|-damage|p1a: Druddigon|208\/358 par|[from] Stealth Rock
|move|p2a: Kyurem|Focus Blast|p1a: Druddigon
|-damage|p1a: Druddigon|0 fnt
|faint|p1a: Druddigon
|
|-damage|p2a: Kyurem|270\/391 tox|[from] psn
|
|switch|p1a: Whimsicott|Whimsicott, F|261\/261
|-damage|p1a: Whimsicott|229\/261|[from] Stealth Rock
|turn|18
|
|switch|p2a: Jirachi|Jirachi|252\/341 par
|-damage|p2a: Jirachi|231\/341 par|[from] Stealth Rock
|move|p1a: Whimsicott|Memento|p2a: Jirachi
|-unboost|p2a: Jirachi|atk|2
|-unboost|p2a: Jirachi|spa|2
|faint|p1a: Whimsicott
|
|
|switch|p1a: Cloyster|Cloyster, M|241\/241
|-damage|p1a: Cloyster|181\/241|[from] Stealth Rock
|turn|19
|
|switch|p2a: Celebi|Celebi|404\/404
|-damage|p2a: Celebi|354\/404|[from] Stealth Rock
|-status|p2a: Celebi|tox
|move|p1a: Cloyster|Shell Smash|p1a: Cloyster
|-boost|p1a: Cloyster|atk|2
|-boost|p1a: Cloyster|spa|2
|-boost|p1a: Cloyster|spe|2
|-unboost|p1a: Cloyster|def|1
|-unboost|p1a: Cloyster|spd|1
|
|-heal|p2a: Celebi|379\/404 tox|[from] item: Leftovers
|-damage|p2a: Celebi|354\/404 tox|[from] psn
|turn|20
|
|move|p1a: Cloyster|Icicle Spear|p2a: Celebi
|-supereffective|p2a: Celebi
|-damage|p2a: Celebi|250\/404 tox
|-supereffective|p2a: Celebi
|-damage|p2a: Celebi|136\/404 tox
|-supereffective|p2a: Celebi
|-damage|p2a: Celebi|34\/404 tox
|-supereffective|p2a: Celebi
|-damage|p2a: Celebi|0 fnt
|-hitcount|p2a: Celebi|4
|faint|p2a: Celebi
|
|
|switch|p2a: Kyurem|Kyurem|270\/391 tox
|-damage|p2a: Kyurem|173\/391 tox|[from] Stealth Rock
|-ability|p2a: Kyurem|Pressure
|turn|21
|
|move|p1a: Cloyster|Icicle Spear|p2a: Kyurem
|-damage|p2a: Kyurem|100\/391 tox
|-damage|p2a: Kyurem|27\/391 tox
|-damage|p2a: Kyurem|0 fnt
|-hitcount|p2a: Kyurem|3
|faint|p2a: Kyurem
|
|
|switch|p2a: Jirachi|Jirachi|231\/341 par
|-damage|p2a: Jirachi|210\/341 par|[from] Stealth Rock
|turn|22
|
|move|p1a: Cloyster|Icicle Spear|p2a: Jirachi
|-resisted|p2a: Jirachi
|-damage|p2a: Jirachi|173\/341 par
|-resisted|p2a: Jirachi
|-damage|p2a: Jirachi|134\/341 par
|-resisted|p2a: Jirachi
|-damage|p2a: Jirachi|98\/341 par
|-crit|p2a: Jirachi
|-resisted|p2a: Jirachi
|-damage|p2a: Jirachi|48\/341 par
|-resisted|p2a: Jirachi
|-damage|p2a: Jirachi|10\/341 par
|-hitcount|p2a: Jirachi|5
|move|p2a: Jirachi|Iron Head|p1a: Cloyster
|-damage|p1a: Cloyster|75\/241
|
|turn|23
|c|âBik Krit|gg
|
|move|p1a: Cloyster|Icicle Spear|p2a: Jirachi
|-resisted|p2a: Jirachi
|-damage|p2a: Jirachi|0 fnt
|-hitcount|p2a: Jirachi|1
|faint|p2a: Jirachi
|
|win|Bik Krit
|raw|Ladder updating...
|raw|Bik Krit's rating: 1475 &rarr; <strong>1500<\/strong><br \/>(+25 for winning)
|raw|CaioPortilho's rating: 1569 &rarr; <strong>1543<\/strong><br \/>(-26 for losing)
|leave|CaioPortilho