|join|rodlh2
|join|Bik Krit
|player|p1|rodlh2|102
|player|p2|Bik Krit|76
|gametype|singles
|gen|6
|tier|UU
|rated
|rule|Sleep Clause Mod: Limit one foe put to sleep
|rule|Species Clause: Limit one of each PokÃ©mon
|rule|OHKO Clause: OHKO moves are banned
|rule|Moody Clause: Moody is banned
|rule|Evasion Moves Clause: Evasion moves are banned
|rule|Endless Battle Clause: Forcing endless battles is banned
|rule|HP Percentage Mod: HP is shown in percentages
|clearpoke
|poke|p1|Donphan, M
|poke|p1|Vaporeon, F
|poke|p1|Beedrill, F
|poke|p1|Honchkrow, M
|poke|p1|Chandelure, F
|poke|p1|Alakazam, F
|poke|p2|Cloyster, F
|poke|p2|Aerodactyl, M
|poke|p2|Crobat, F
|poke|p2|Magneton
|poke|p2|Hydreigon, M
|poke|p2|Cresselia, F
|rule|Swagger Clause: Swagger is banned
|rule|Baton Pass Clause: Limit one PokÃ©mon knowing Baton Pass
|teampreview
|
|start
|switch|p1a: Beedrill|Beedrill, F|272\/272
|switch|p2a: Aerodactyl|Aerodactyl, M|311\/311
|turn|1
|
|detailschange|p2a: Aerodactyl|Aerodactyl-Mega, M
|-mega|p2a: Aerodactyl|Aerodactyl|Aerodactylite
|detailschange|p1a: Beedrill|Beedrill-Mega, F
|-mega|p1a: Beedrill|Beedrill|Beedrillite
|move|p1a: Beedrill|Protect|p1a: Beedrill
|-singleturn|p1a: Beedrill|Protect
|move|p2a: Aerodactyl|Stealth Rock|p1a: Beedrill
|-sidestart|p1: rodlh2|move: Stealth Rock
|
|turn|2
|
|move|p2a: Aerodactyl|Aerial Ace|p1a: Beedrill
|-supereffective|p1a: Beedrill
|-damage|p1a: Beedrill|0 fnt
|faint|p1a: Beedrill
|
|
|switch|p1a: Donphan|Donphan, M|384\/384
|-damage|p1a: Donphan|360\/384|[from] Stealth Rock
|turn|3
|
|switch|p2a: Cresselia|Cresselia, F|443\/443
|move|p1a: Donphan|Stealth Rock|p2a: Cresselia
|-sidestart|p2: Bik Krit|move: Stealth Rock
|
|-heal|p1a: Donphan|384\/384|[from] item: Leftovers
|turn|4
|
|move|p2a: Cresselia|Substitute|p2a: Cresselia
|-start|p2a: Cresselia|Substitute
|-damage|p2a: Cresselia|333\/443
|move|p1a: Donphan|Rapid Spin|p2a: Cresselia
|-activate|p2a: Cresselia|Substitute|[damage]
|-sideend|p1: rodlh2|Stealth Rock|[from] move: Rapid Spin|[of] p1a: Donphan
|
|-heal|p2a: Cresselia|360\/443|[from] item: Leftovers
|turn|5
|
|move|p2a: Cresselia|Calm Mind|p2a: Cresselia
|-boost|p2a: Cresselia|spa|1
|-boost|p2a: Cresselia|spd|1
|move|p1a: Donphan|Knock Off|p2a: Cresselia
|-supereffective|p2a: Cresselia
|-end|p2a: Cresselia|Substitute
|
|-heal|p2a: Cresselia|387\/443|[from] item: Leftovers
|turn|6
|
|switch|p1a: Vaporeon|Vaporeon, F|451\/451
|move|p2a: Cresselia|Substitute|p2a: Cresselia
|-start|p2a: Cresselia|Substitute
|-damage|p2a: Cresselia|277\/443
|
|-heal|p2a: Cresselia|304\/443|[from] item: Leftovers
|turn|7
|
|move|p2a: Cresselia|Calm Mind|p2a: Cresselia
|-boost|p2a: Cresselia|spa|1
|-boost|p2a: Cresselia|spd|1
|move|p1a: Vaporeon|Roar|p2a: Cresselia
|drag|p2a: Hydreigon|Hydreigon, M|325\/325
|-damage|p2a: Hydreigon|285\/325|[from] Stealth Rock
|
|turn|8
|
|move|p2a: Hydreigon|U-turn|p1a: Vaporeon
|-damage|p1a: Vaporeon|392\/451
|
|switch|p2a: Magneton|Magneton|272\/272
|-damage|p2a: Magneton|255\/272|[from] Stealth Rock
|move|p1a: Vaporeon|Wish|p1a: Vaporeon
|
|-heal|p1a: Vaporeon|420\/451|[from] item: Leftovers
|turn|9
|
|switch|p2a: Crobat|Crobat, F|373\/373
|-damage|p2a: Crobat|280\/373|[from] Stealth Rock
|switch|p1a: Chandelure|Chandelure, F|261\/261
|
|-heal|p2a: Crobat|303\/373|[from] item: Black Sludge
|turn|10
|
|move|p1a: Chandelure|Fire Blast|p2a: Crobat
|-damage|p2a: Crobat|45\/373
|move|p2a: Crobat|Defog|p1a: Chandelure
|-unboost|p1a: Chandelure|evasion|1
|-sideend|p2: Bik Krit|Stealth Rock|[from] move: Defog|[of] p2a: Crobat
|
|-heal|p2a: Crobat|68\/373|[from] item: Black Sludge
|turn|11
|
|switch|p2a: Hydreigon|Hydreigon, M|285\/325
|move|p1a: Chandelure|Fire Blast|p2a: Hydreigon
|-resisted|p2a: Hydreigon
|-damage|p2a: Hydreigon|171\/325
|
|turn|12
|
|switch|p1a: Vaporeon|Vaporeon, F|420\/451
|move|p2a: Hydreigon|Dark Pulse|p1a: Vaporeon
|-crit|p1a: Vaporeon
|-damage|p1a: Vaporeon|222\/451
|
|-heal|p1a: Vaporeon|250\/451|[from] item: Leftovers
|turn|13
|
|move|p1a: Vaporeon|Protect|p1a: Vaporeon
|-singleturn|p1a: Vaporeon|Protect
|move|p2a: Hydreigon|Dark Pulse|p1a: Vaporeon
|-activate|p1a: Vaporeon|Protect
|
|-heal|p1a: Vaporeon|278\/451|[from] item: Leftovers
|turn|14
|
|move|p2a: Hydreigon|Dark Pulse|p1a: Vaporeon
|-damage|p1a: Vaporeon|157\/451
|move|p1a: Vaporeon|Wish|p1a: Vaporeon
|
|-heal|p1a: Vaporeon|185\/451|[from] item: Leftovers
|turn|15
|
|switch|p2a: Magneton|Magneton|255\/272
|switch|p1a: Honchkrow|Honchkrow, M|341\/341
|
|turn|16
|
|move|p1a: Honchkrow|Superpower|p2a: Magneton
|-supereffective|p2a: Magneton
|-damage|p2a: Magneton|0 fnt
|-unboost|p1a: Honchkrow|atk|1
|-unboost|p1a: Honchkrow|def|1
|-damage|p1a: Honchkrow|307\/341|[from] item: Life Orb
|faint|p2a: Magneton
|-boost|p1a: Honchkrow|atk|1|[from] ability: Moxie
|
|
|switch|p2a: Hydreigon|Hydreigon, M|171\/325
|turn|17
|
|switch|p1a: Vaporeon|Vaporeon, F|185\/451
|move|p2a: Hydreigon|Draco Meteor|p1a: Vaporeon|[miss]
|-miss|p2a: Hydreigon|p1a: Vaporeon
|
|-heal|p1a: Vaporeon|213\/451|[from] item: Leftovers
|turn|18
|
|move|p2a: Hydreigon|Draco Meteor|p1a: Vaporeon
|-damage|p1a: Vaporeon|0 fnt
|-unboost|p2a: Hydreigon|spa|2
|faint|p1a: Vaporeon
|
|
|switch|p1a: Donphan|Donphan, M|384\/384
|turn|19
|
|switch|p2a: Crobat|Crobat, F|68\/373
|move|p1a: Donphan|Stealth Rock|p2a: Crobat
|-sidestart|p2: Bik Krit|move: Stealth Rock
|
|-heal|p2a: Crobat|91\/373|[from] item: Black Sludge
|turn|20
|
|move|p1a: Donphan|Ice Shard|p2a: Crobat
|-supereffective|p2a: Crobat
|-damage|p2a: Crobat|7\/373
|move|p2a: Crobat|Defog|p1a: Donphan
|-unboost|p1a: Donphan|evasion|1
|-sideend|p2: Bik Krit|Stealth Rock|[from] move: Defog|[of] p2a: Crobat
|
|-heal|p2a: Crobat|30\/373|[from] item: Black Sludge
|turn|21
|
|move|p2a: Crobat|Roost|p2a: Crobat
|-heal|p2a: Crobat|217\/373
|move|p1a: Donphan|Stealth Rock|p2a: Crobat
|-sidestart|p2: Bik Krit|move: Stealth Rock
|
|-heal|p2a: Crobat|240\/373|[from] item: Black Sludge
|turn|22
|
|switch|p1a: Alakazam|Alakazam, F|252\/252
|move|p2a: Crobat|Defog|p1a: Alakazam
|-unboost|p1a: Alakazam|evasion|1
|-sideend|p2: Bik Krit|Stealth Rock|[from] move: Defog|[of] p2a: Crobat
|
|-heal|p2a: Crobat|263\/373|[from] item: Black Sludge
|turn|23
|
|switch|p1a: Donphan|Donphan, M|384\/384
|move|p2a: Crobat|U-turn|p1a: Donphan
|-damage|p1a: Donphan|349\/384
|
|switch|p2a: Cloyster|Cloyster, F|241\/241
|
|-heal|p1a: Donphan|373\/384|[from] item: Leftovers
|turn|24
|
|move|p2a: Cloyster|Icicle Spear|p1a: Donphan
|-supereffective|p1a: Donphan
|-damage|p1a: Donphan|329\/384
|-supereffective|p1a: Donphan
|-damage|p1a: Donphan|279\/384
|-supereffective|p1a: Donphan
|-damage|p1a: Donphan|231\/384
|-supereffective|p1a: Donphan
|-damage|p1a: Donphan|187\/384
|-supereffective|p1a: Donphan
|-damage|p1a: Donphan|143\/384
|-hitcount|p1a: Donphan|5
|move|p1a: Donphan|Knock Off|p2a: Cloyster
|-damage|p2a: Cloyster|192\/241
|-enditem|p2a: Cloyster|Focus Sash|[from] move: Knock Off|[of] p1a: Donphan
|
|-heal|p1a: Donphan|167\/384|[from] item: Leftovers
|turn|25
|
|switch|p1a: Chandelure|Chandelure, F|261\/261
|move|p2a: Cloyster|Hydro Pump|p1a: Chandelure
|-supereffective|p1a: Chandelure
|-damage|p1a: Chandelure|19\/261
|
|turn|26
|
|switch|p2a: Cresselia|Cresselia, F|304\/443
|move|p1a: Chandelure|Energy Ball|p2a: Cresselia
|-damage|p2a: Cresselia|218\/443
|
|-heal|p2a: Cresselia|245\/443|[from] item: Leftovers
|turn|27
|
|move|p1a: Chandelure|Energy Ball|p2a: Cresselia
|-damage|p2a: Cresselia|160\/443
|-unboost|p2a: Cresselia|spd|1
|move|p2a: Cresselia|Moonblast|p1a: Chandelure
|-resisted|p1a: Chandelure
|-damage|p1a: Chandelure|0 fnt
|faint|p1a: Chandelure
|
|-heal|p2a: Cresselia|187\/443|[from] item: Leftovers
|
|switch|p1a: Honchkrow|Honchkrow, M|307\/341
|turn|28
|
|move|p2a: Cresselia|Substitute|p2a: Cresselia
|-start|p2a: Cresselia|Substitute
|-damage|p2a: Cresselia|77\/443
|move|p1a: Honchkrow|Pursuit|p2a: Cresselia
|-supereffective|p2a: Cresselia
|-end|p2a: Cresselia|Substitute
|-damage|p1a: Honchkrow|273\/341|[from] item: Life Orb
|
|-heal|p2a: Cresselia|104\/443|[from] item: Leftovers
|turn|29
|
|move|p1a: Honchkrow|Sucker Punch|p2a: Cresselia
|-supereffective|p2a: Cresselia
|-damage|p2a: Cresselia|0 fnt
|-damage|p1a: Honchkrow|239\/341|[from] item: Life Orb
|faint|p2a: Cresselia
|-boost|p1a: Honchkrow|atk|1|[from] ability: Moxie
|
|
|switch|p2a: Aerodactyl|Aerodactyl-Mega, M|311\/311
|turn|30
|
|move|p1a: Honchkrow|Sucker Punch|p2a: Aerodactyl
|-fail|p2a: Aerodactyl
|move|p2a: Aerodactyl|Stealth Rock|p1a: Honchkrow
|-sidestart|p1: rodlh2|move: Stealth Rock
|
|turn|31
|
|move|p1a: Honchkrow|Sucker Punch|p2a: Aerodactyl
|-damage|p2a: Aerodactyl|0 fnt
|-damage|p1a: Honchkrow|205\/341|[from] item: Life Orb
|faint|p2a: Aerodactyl
|-boost|p1a: Honchkrow|atk|1|[from] ability: Moxie
|
|
|switch|p2a: Crobat|Crobat, F|263\/373
|turn|32
|
|move|p1a: Honchkrow|Sucker Punch|p2a: Crobat
|-fail|p2a: Crobat
|move|p2a: Crobat|Roost|p2a: Crobat
|-heal|p2a: Crobat|373\/373
|
|turn|33
|
|switch|p2a: Cloyster|Cloyster, F|192\/241
|move|p1a: Honchkrow|Sucker Punch|p2a: Cloyster
|-fail|p2a: Cloyster
|
|turn|34
|
|move|p2a: Cloyster|Icicle Spear|p1a: Honchkrow
|-supereffective|p1a: Honchkrow
|-damage|p1a: Honchkrow|77\/341
|-supereffective|p1a: Honchkrow
|-damage|p1a: Honchkrow|0 fnt
|-hitcount|p1a: Honchkrow|2
|faint|p1a: Honchkrow
|
|
|switch|p1a: Donphan|Donphan, M|167\/384
|-damage|p1a: Donphan|143\/384|[from] Stealth Rock
|turn|35
|
|move|p2a: Cloyster|Icicle Spear|p1a: Donphan
|-supereffective|p1a: Donphan
|-damage|p1a: Donphan|93\/384
|-supereffective|p1a: Donphan
|-damage|p1a: Donphan|45\/384
|-supereffective|p1a: Donphan
|-damage|p1a: Donphan|0 fnt
|-hitcount|p1a: Donphan|3
|faint|p1a: Donphan
|
|c|âBik Krit|gg
|
|switch|p1a: Alakazam|Alakazam, F|252\/252
|turn|36
|
|move|p1a: Alakazam|Focus Blast|p2a: Cloyster|[miss]
|-miss|p1a: Alakazam|p2a: Cloyster
|move|p2a: Cloyster|Icicle Spear|p1a: Alakazam
|-damage|p1a: Alakazam|189\/252
|-damage|p1a: Alakazam|125\/252
|-damage|p1a: Alakazam|52\/252
|-crit|p1a: Alakazam
|-damage|p1a: Alakazam|0 fnt
|-hitcount|p1a: Alakazam|4
|faint|p1a: Alakazam
|
|win|Bik Krit
|raw|Ladder updating...
|raw|rodlh2's rating: 1355 &rarr; <strong>1331<\/strong><br \/>(-24 for losing)
|raw|Bik Krit's rating: 1289 &rarr; <strong>1318<\/strong><br \/>(+29 for winning)
|leave|rodlh2