|join|Bik Krit
|join|Gurox
|player|p1|Bik Krit|76
|player|p2|Gurox|193
|gametype|singles
|gen|6
|tier|UU
|rated
|rule|Sleep Clause Mod: Limit one foe put to sleep
|rule|Species Clause: Limit one of each PokÃ©mon
|rule|OHKO Clause: OHKO moves are banned
|rule|Moody Clause: Moody is banned
|rule|Evasion Moves Clause: Evasion moves are banned
|rule|Endless Battle Clause: Forcing endless battles is banned
|rule|HP Percentage Mod: HP is shown in percentages
|clearpoke
|poke|p1|Cloyster, M
|poke|p1|Aerodactyl, M
|poke|p1|Crobat, F
|poke|p1|Magneton
|poke|p1|Hydreigon, M
|poke|p1|Cresselia, F
|poke|p2|Zebstrika, F, shiny
|poke|p2|Sawk, M, shiny
|poke|p2|Gastrodon, F
|poke|p2|Umbreon, F, shiny
|poke|p2|Arcanine, F, shiny
|poke|p2|Gligar, F, shiny
|rule|Swagger Clause: Swagger is banned
|rule|Baton Pass Clause: Limit one PokÃ©mon knowing Baton Pass
|teampreview
|
|start
|switch|p1a: Aerodactyl|Aerodactyl, M|311\/311
|switch|p2a: Zebstrika|Zebstrika, F, shiny|292\/292
|turn|1
|
|switch|p2a: Gligar|Gligar, F, shiny|334\/334
|detailschange|p1a: Aerodactyl|Aerodactyl-Mega, M
|-mega|p1a: Aerodactyl|Aerodactyl|Aerodactylite
|move|p1a: Aerodactyl|Stone Edge|p2a: Gligar
|-damage|p2a: Gligar|241\/334
|
|turn|2
|
|move|p1a: Aerodactyl|Taunt|p2a: Gligar
|-start|p2a: Gligar|move: Taunt
|cant|p2a: Gligar|move: Taunt|Stealth Rock
|
|turn|3
|
|switch|p2a: Arcanine|Arcanine, F, shiny|372\/372
|-ability|p2a: Arcanine|Intimidate|[of] p1a: Aerodactyl
|-unboost|p1a: Aerodactyl|atk|1
|move|p1a: Aerodactyl|Stealth Rock|p2a: Arcanine
|-sidestart|p2: Gurox|move: Stealth Rock
|
|turn|4
|
|move|p1a: Aerodactyl|Taunt|p2a: Arcanine
|-start|p2a: Arcanine|move: Taunt
|cant|p2a: Arcanine|move: Taunt|Will-O-Wisp
|
|turn|5
|
|switch|p1a: Hydreigon|Hydreigon, M|325\/325
|switch|p2a: Gastrodon|Gastrodon, F|426\/426
|-damage|p2a: Gastrodon|400\/426|[from] Stealth Rock
|
|turn|6
|
|move|p1a: Hydreigon|U-turn|p2a: Gastrodon
|-crit|p2a: Gastrodon
|-damage|p2a: Gastrodon|319\/426
|
|switch|p1a: Magneton|Magneton|272\/272
|move|p2a: Gastrodon|Ice Beam|p1a: Magneton
|-resisted|p1a: Magneton
|-damage|p1a: Magneton|238\/272
|
|turn|7
|
|move|p1a: Magneton|Hidden Power|p2a: Gastrodon
|-crit|p2a: Gastrodon
|-supereffective|p2a: Gastrodon
|-damage|p2a: Gastrodon|0 fnt
|faint|p2a: Gastrodon
|
|
|switch|p2a: Gligar|Gligar, F, shiny|241\/334
|-damage|p2a: Gligar|200\/334|[from] Stealth Rock
|turn|8
|
|move|p1a: Magneton|Flash Cannon|p2a: Gligar
|-damage|p2a: Gligar|53\/334
|move|p2a: Gligar|Defog|p1a: Magneton
|-unboost|p1a: Magneton|evasion|1
|-sideend|p2: Gurox|Stealth Rock|[from] move: Defog|[of] p2a: Gligar
|
|turn|9
|
|switch|p1a: Cresselia|Cresselia, F|443\/443
|move|p2a: Gligar|Stealth Rock|p1a: Cresselia
|-sidestart|p1: Bik Krit|move: Stealth Rock
|
|turn|10
|
|move|p1a: Cresselia|Substitute|p1a: Cresselia
|-start|p1a: Cresselia|Substitute
|-damage|p1a: Cresselia|333\/443
|move|p2a: Gligar|Roost|p2a: Gligar
|-heal|p2a: Gligar|220\/334
|
|-heal|p1a: Cresselia|360\/443|[from] item: Leftovers
|turn|11
|
|move|p1a: Cresselia|Calm Mind|p1a: Cresselia
|-boost|p1a: Cresselia|spa|1
|-boost|p1a: Cresselia|spd|1
|move|p2a: Gligar|Knock Off|p1a: Cresselia
|-supereffective|p1a: Cresselia
|-activate|p1a: Cresselia|Substitute|[damage]
|
|-heal|p1a: Cresselia|387\/443|[from] item: Leftovers
|turn|12
|
|move|p1a: Cresselia|Calm Mind|p1a: Cresselia
|-boost|p1a: Cresselia|spa|1
|-boost|p1a: Cresselia|spd|1
|move|p2a: Gligar|Knock Off|p1a: Cresselia
|-supereffective|p1a: Cresselia
|-end|p1a: Cresselia|Substitute
|
|-heal|p1a: Cresselia|414\/443|[from] item: Leftovers
|turn|13
|
|switch|p2a: Umbreon|Umbreon, F, shiny|381\/381
|move|p1a: Cresselia|Substitute|p1a: Cresselia
|-start|p1a: Cresselia|Substitute
|-damage|p1a: Cresselia|304\/443
|
|-heal|p1a: Cresselia|331\/443|[from] item: Leftovers
|turn|14
|
|move|p1a: Cresselia|Calm Mind|p1a: Cresselia
|-boost|p1a: Cresselia|spa|1
|-boost|p1a: Cresselia|spd|1
|move|p2a: Umbreon|Foul Play|p1a: Cresselia
|-supereffective|p1a: Cresselia
|-activate|p1a: Cresselia|Substitute|[damage]
|
|-heal|p1a: Cresselia|358\/443|[from] item: Leftovers
|turn|15
|
|move|p1a: Cresselia|Calm Mind|p1a: Cresselia
|-boost|p1a: Cresselia|spa|1
|-boost|p1a: Cresselia|spd|1
|move|p2a: Umbreon|Foul Play|p1a: Cresselia
|-supereffective|p1a: Cresselia
|-end|p1a: Cresselia|Substitute
|
|-heal|p1a: Cresselia|385\/443|[from] item: Leftovers
|turn|16
|
|switch|p2a: Arcanine|Arcanine, F, shiny|372\/372
|-ability|p2a: Arcanine|Intimidate|[of] p1a: Cresselia
|-unboost|p1a: Cresselia|atk|1
|move|p1a: Cresselia|Substitute|p1a: Cresselia
|-start|p1a: Cresselia|Substitute
|-damage|p1a: Cresselia|275\/443
|
|-heal|p1a: Cresselia|302\/443|[from] item: Leftovers
|turn|17
|
|move|p1a: Cresselia|Psyshock|p2a: Arcanine
|-damage|p2a: Arcanine|198\/372
|move|p2a: Arcanine|Flare Blitz|p1a: Cresselia
|-end|p1a: Cresselia|Substitute
|-damage|p2a: Arcanine|162\/372|[from] recoil|[of] p1a: Cresselia
|
|-heal|p1a: Cresselia|329\/443|[from] item: Leftovers
|-heal|p2a: Arcanine|185\/372|[from] item: Leftovers
|turn|18
|
|move|p1a: Cresselia|Substitute|p1a: Cresselia
|-start|p1a: Cresselia|Substitute
|-damage|p1a: Cresselia|219\/443
|move|p2a: Arcanine|Morning Sun|p2a: Arcanine
|-heal|p2a: Arcanine|371\/372
|
|-heal|p1a: Cresselia|246\/443|[from] item: Leftovers
|-heal|p2a: Arcanine|372\/372|[from] item: Leftovers
|turn|19
|
|move|p1a: Cresselia|Psyshock|p2a: Arcanine
|-damage|p2a: Arcanine|171\/372
|move|p2a: Arcanine|Flare Blitz|p1a: Cresselia
|-activate|p1a: Cresselia|Substitute|[damage]
|-damage|p2a: Arcanine|135\/372|[from] recoil|[of] p1a: Cresselia
|
|-heal|p1a: Cresselia|273\/443|[from] item: Leftovers
|-heal|p2a: Arcanine|158\/372|[from] item: Leftovers
|turn|20
|
|switch|p2a: Umbreon|Umbreon, F, shiny|381\/381
|move|p1a: Cresselia|Psyshock|p2a: Umbreon
|-immune|p2a: Umbreon|[msg]
|
|-heal|p1a: Cresselia|300\/443|[from] item: Leftovers
|turn|21
|
|move|p1a: Cresselia|Moonblast|p2a: Umbreon
|-supereffective|p2a: Umbreon
|-damage|p2a: Umbreon|181\/381
|move|p2a: Umbreon|Foul Play|p1a: Cresselia
|-supereffective|p1a: Cresselia
|-end|p1a: Cresselia|Substitute
|
|-heal|p1a: Cresselia|327\/443|[from] item: Leftovers
|-heal|p2a: Umbreon|204\/381|[from] item: Leftovers
|turn|22
|
|move|p1a: Cresselia|Calm Mind|p1a: Cresselia
|-boost|p1a: Cresselia|spa|1
|-boost|p1a: Cresselia|spd|1
|move|p2a: Umbreon|Wish|p2a: Umbreon
|
|-heal|p1a: Cresselia|354\/443|[from] item: Leftovers
|-heal|p2a: Umbreon|227\/381|[from] item: Leftovers
|turn|23
|leave|Gurox
|player|p2
|-message|gurox lost due to inactivity.
|
|win|Bik Krit
|raw|Ladder updating...
|raw|Bik Krit's rating: 1300 &rarr; <strong>1323<\/strong><br \/>(+23 for winning)
|raw|Gurox's rating: 1274 &rarr; <strong>1251<\/strong><br \/>(-23 for losing)