|join|Miss Noob
|join|chuka04
|player|p1|Miss Noob|283
|player|p2|chuka04|214
|gametype|singles
|gen|6
|tier|OU
|rated
|clearpoke
|poke|p1|Talonflame, M
|poke|p1|Gyarados, M
|poke|p1|Breloom, M
|poke|p1|Empoleon, F
|poke|p1|Scolipede, M
|poke|p1|Raikou
|poke|p2|Arcanine, F
|poke|p2|Blastoise, F
|poke|p2|Dragonite, M
|poke|p2|Mamoswine, M
|poke|p2|Azumarill, M
|poke|p2|Scizor, M
|rule|Swagger Clause: Swagger is banned
|rule|Baton Pass Clause: Limit one PokÃ©mon knowing Baton Pass
|rule|Sleep Clause Mod: Limit one foe put to sleep
|rule|Species Clause: Limit one of each PokÃ©mon
|rule|OHKO Clause: OHKO moves are banned
|rule|Moody Clause: Moody is banned
|rule|Evasion Moves Clause: Evasion moves are banned
|rule|Endless Battle Clause: Forcing endless battles is banned
|rule|HP Percentage Mod: HP is shown in percentages
|teampreview
|
|start
|switch|p1a: Gyarados|Gyarados, M|331\/331
|switch|p2a: Mamoswine|Mamoswine, M|424\/424
|-ability|p1a: Gyarados|Intimidate|[of] p2a: Mamoswine
|-unboost|p2a: Mamoswine|atk|1
|turn|1
|
|move|p1a: Gyarados|Waterfall|p2a: Mamoswine
|-supereffective|p2a: Mamoswine
|-damage|p2a: Mamoswine|76\/424
|cant|p2a: Mamoswine|flinch
|
|turn|2
|c|âMiss Noob|sorry
|
|move|p2a: Mamoswine|Ice Shard|p1a: Gyarados
|-damage|p1a: Gyarados|268\/331
|move|p1a: Gyarados|Earthquake|p2a: Mamoswine
|-damage|p2a: Mamoswine|0 fnt
|faint|p2a: Mamoswine
|
|
|switch|p2a: Dragonite|Dragonite, M|324\/324
|turn|3
|
|switch|p1a: Empoleon|Empoleon, F|371\/371
|move|p2a: Dragonite|Dragon Dance|p2a: Dragonite
|-boost|p2a: Dragonite|atk|1
|-boost|p2a: Dragonite|spe|1
|
|turn|4
|
|move|p2a: Dragonite|Brick Break|p1a: Empoleon
|-supereffective|p1a: Empoleon
|-damage|p1a: Empoleon|89\/371
|move|p1a: Empoleon|Roar|p2a: Dragonite
|drag|p2a: Azumarill|Azumarill, M|404\/404
|
|-heal|p1a: Empoleon|112\/371|[from] item: Leftovers
|turn|5
|
|move|p1a: Empoleon|Stealth Rock|p2a: Azumarill
|-sidestart|p2: chuka04|move: Stealth Rock
|move|p2a: Azumarill|Play Rough|p1a: Empoleon
|-resisted|p1a: Empoleon
|-damage|p1a: Empoleon|20\/371
|
|-heal|p1a: Empoleon|43\/371|[from] item: Leftovers
|turn|6
|
|move|p2a: Azumarill|Aqua Jet|p1a: Empoleon
|-resisted|p1a: Empoleon
|-damage|p1a: Empoleon|1\/371
|move|p1a: Empoleon|Scald|p2a: Azumarill
|-resisted|p2a: Azumarill
|-damage|p2a: Azumarill|305\/404
|
|-heal|p1a: Empoleon|24\/371|[from] item: Leftovers
|-heal|p2a: Azumarill|330\/404|[from] item: Leftovers
|turn|7
|
|move|p1a: Empoleon|Scald|p2a: Azumarill
|-resisted|p2a: Azumarill
|-damage|p2a: Azumarill|235\/404
|move|p2a: Azumarill|Belly Drum|p2a: Azumarill
|-damage|p2a: Azumarill|33\/404
|-setboost|p2a: Azumarill|atk|6|[from] move: Belly Drum
|
|-heal|p1a: Empoleon|47\/371|[from] item: Leftovers
|-heal|p2a: Azumarill|58\/404|[from] item: Leftovers
|turn|8
|
|move|p2a: Azumarill|Aqua Jet|p1a: Empoleon
|-resisted|p1a: Empoleon
|-damage|p1a: Empoleon|0 fnt
|faint|p1a: Empoleon
|
|-heal|p2a: Azumarill|83\/404|[from] item: Leftovers
|
|switch|p1a: Talonflame|Talonflame, M|315\/315
|turn|9
|
|move|p1a: Talonflame|Acrobatics|p2a: Azumarill
|-damage|p2a: Azumarill|0 fnt
|faint|p2a: Azumarill
|
|
|switch|p2a: Blastoise|Blastoise, F|362\/362
|-damage|p2a: Blastoise|317\/362|[from] Stealth Rock
|turn|10
|
|switch|p1a: Breloom|Breloom, M|287\/287
|detailschange|p2a: Blastoise|Blastoise-Mega, F
|message|Blastoise has Mega Evolved into Mega Blastoise!
|move|p2a: Blastoise|Scald|p1a: Breloom
|-resisted|p1a: Breloom
|-damage|p1a: Breloom|164\/287
|-status|p1a: Breloom|brn
|
|-damage|p1a: Breloom|129\/287 brn|[from] brn
|turn|11
|
|move|p1a: Breloom|Spore|p2a: Blastoise
|-status|p2a: Blastoise|slp
|cant|p2a: Blastoise|slp
|
|-damage|p1a: Breloom|94\/287 brn|[from] brn
|turn|12
|
|switch|p2a: Dragonite|Dragonite, M|324\/324
|-damage|p2a: Dragonite|243\/324|[from] Stealth Rock
|move|p1a: Breloom|Leech Seed|p2a: Dragonite
|-start|p2a: Dragonite|move: Leech Seed
|
|-heal|p2a: Dragonite|263\/324|[from] item: Leftovers
|-damage|p2a: Dragonite|223\/324|[from] Leech Seed|[of] p1a: Breloom
|-heal|p1a: Breloom|134\/287 brn|[silent]
|-damage|p1a: Breloom|99\/287 brn|[from] brn
|turn|13
|
|switch|p1a: Gyarados|Gyarados, M|268\/331
|-ability|p1a: Gyarados|Intimidate|[of] p2a: Dragonite
|-unboost|p2a: Dragonite|atk|1
|move|p2a: Dragonite|Dragon Dance|p2a: Dragonite
|-boost|p2a: Dragonite|atk|1
|-boost|p2a: Dragonite|spe|1
|
|-heal|p2a: Dragonite|243\/324|[from] item: Leftovers
|-damage|p2a: Dragonite|203\/324|[from] Leech Seed|[of] p1a: Gyarados
|-heal|p1a: Gyarados|308\/331|[silent]
|turn|14
|
|detailschange|p1a: Gyarados|Gyarados-Mega, M
|message|Gyarados has Mega Evolved into Mega Gyarados!
|-ability|p1a: Gyarados|Mold Breaker
|move|p2a: Dragonite|Dragon Claw|p1a: Gyarados
|-damage|p1a: Gyarados|160\/331
|move|p1a: Gyarados|Crunch|p2a: Dragonite
|-damage|p2a: Dragonite|23\/324
|
|-heal|p2a: Dragonite|43\/324|[from] item: Leftovers
|-damage|p2a: Dragonite|3\/324|[from] Leech Seed|[of] p1a: Gyarados
|-heal|p1a: Gyarados|200\/331|[silent]
|turn|15
|
|switch|p1a: Breloom|Breloom, M|99\/287 brn
|move|p2a: Dragonite|Dragon Claw|p1a: Breloom
|-damage|p1a: Breloom|0 fnt
|faint|p1a: Breloom
|
|-heal|p2a: Dragonite|23\/324|[from] item: Leftovers
|
|switch|p1a: Scolipede|Scolipede, M|323\/323
|turn|16
|
|move|p1a: Scolipede|Protect|p1a: Scolipede
|-singleturn|p1a: Scolipede|Protect
|move|p2a: Dragonite|Dragon Claw|p1a: Scolipede
|-activate|p1a: Scolipede|Protect
|
|-heal|p2a: Dragonite|43\/324|[from] item: Leftovers
|-damage|p2a: Dragonite|3\/324|[from] Leech Seed|[of] p1a: Scolipede
|-boost|p1a: Scolipede|spe|1|[from] ability: Speed Boost
|turn|17
|
|move|p1a: Scolipede|Iron Defense|p1a: Scolipede
|-boost|p1a: Scolipede|def|2
|move|p2a: Dragonite|Dragon Claw|p1a: Scolipede
|-damage|p1a: Scolipede|247\/323
|
|-heal|p1a: Scolipede|267\/323|[from] item: Black Sludge
|-heal|p2a: Dragonite|23\/324|[from] item: Leftovers
|-damage|p2a: Dragonite|0 fnt|[from] Leech Seed|[of] p1a: Scolipede
|-heal|p1a: Scolipede|290\/323|[silent]
|-boost|p1a: Scolipede|spe|1|[from] ability: Speed Boost
|faint|p2a: Dragonite
|
|switch|p2a: Arcanine|Arcanine, F|321\/321
|-damage|p2a: Arcanine|241\/321|[from] Stealth Rock
|turn|18
|
|move|p1a: Scolipede|Iron Defense|p1a: Scolipede
|-boost|p1a: Scolipede|def|2
|move|p2a: Arcanine|Flare Blitz|p1a: Scolipede
|-supereffective|p1a: Scolipede
|-damage|p1a: Scolipede|100\/323
|-damage|p2a: Arcanine|178\/321|[from] recoil|[of] p1a: Scolipede
|-damage|p2a: Arcanine|146\/321|[from] item: Life Orb
|
|-heal|p1a: Scolipede|120\/323|[from] item: Black Sludge
|-boost|p1a: Scolipede|spe|1|[from] ability: Speed Boost
|turn|19
|
|move|p1a: Scolipede|Baton Pass|p1a: Scolipede
|
|switch|p1a: Talonflame|Talonflame, M|315\/315
|move|p2a: Arcanine|Close Combat|p1a: Talonflame
|-resisted|p1a: Talonflame
|-damage|p1a: Talonflame|279\/315
|-unboost|p2a: Arcanine|def|1
|-unboost|p2a: Arcanine|spd|1
|-damage|p2a: Arcanine|114\/321|[from] item: Life Orb
|
|turn|20
|
|move|p1a: Talonflame|Swords Dance|p1a: Talonflame
|-boost|p1a: Talonflame|atk|2
|move|p2a: Arcanine|Wild Charge|p1a: Talonflame
|-supereffective|p1a: Talonflame
|-damage|p1a: Talonflame|154\/315
|-damage|p2a: Arcanine|83\/321|[from] recoil|[of] p1a: Talonflame
|-damage|p2a: Arcanine|51\/321|[from] item: Life Orb
|
|turn|21
|
|move|p2a: Arcanine|Extreme Speed|p1a: Talonflame
|-damage|p1a: Talonflame|98\/315
|-damage|p2a: Arcanine|19\/321|[from] item: Life Orb
|move|p1a: Talonflame|Roost|p1a: Talonflame
|-heal|p1a: Talonflame|256\/315
|
|turn|22
|
|move|p2a: Arcanine|Extreme Speed|p1a: Talonflame
|-damage|p1a: Talonflame|200\/315
|-damage|p2a: Arcanine|0 fnt|[from] item: Life Orb
|faint|p2a: Arcanine
|move|p1a: Talonflame|Acrobatics|p2: Arcanine|[notarget]
|-notarget
|
|
|switch|p2a: Blastoise|Blastoise-Mega, F|317\/362 slp
|-damage|p2a: Blastoise|272\/362 slp|[from] Stealth Rock
|turn|23
|
|move|p1a: Talonflame|Acrobatics|p2a: Blastoise
|-damage|p2a: Blastoise|41\/362 slp
|cant|p2a: Blastoise|slp
|
|turn|24
|
|move|p1a: Talonflame|Acrobatics|p2a: Blastoise
|-damage|p2a: Blastoise|0 fnt
|faint|p2a: Blastoise
|
|
|switch|p2a: Scizor|Scizor, M|344\/344
|-damage|p2a: Scizor|301\/344|[from] Stealth Rock
|turn|25
|
|move|p1a: Talonflame|Flare Blitz|p2a: Scizor
|-supereffective|p2a: Scizor
|-enditem|p2a: Scizor|Occa Berry|[eat]
|-damage|p2a: Scizor|0 fnt
|-damage|p1a: Talonflame|101\/315|[from] recoil|[of] p2a: Scizor
|faint|p2a: Scizor
|
|win|Miss Noob
|raw|Ladder updating...
|raw|Miss Noob's rating: 1669 &rarr; <strong>1684<\/strong><br \/>(+15 for winning)
|raw|chuka04's rating: 1579 &rarr; <strong>1564<\/strong><br \/>(-15 for losing)
|leave|chuka04
|player|p2