|join|mastermind15
|join|Miss Noob
|player|p1|mastermind15|33
|player|p2|Miss Noob|283
|gametype|singles
|gen|6
|tier|OU
|rated
|clearpoke
|poke|p1|Slowbro, M, shiny
|poke|p1|Gliscor, M
|poke|p1|Amoonguss, F, shiny
|poke|p1|Tyranitar, M
|poke|p1|Zapdos
|poke|p1|Metagross
|poke|p2|Talonflame, F
|poke|p2|Gyarados, F
|poke|p2|Breloom, M
|poke|p2|Excadrill, F
|poke|p2|Scolipede, F
|poke|p2|Raikou
|rule|Swagger Clause: Swagger is banned
|rule|Baton Pass Clause: Limit one PokÃ©mon knowing Baton Pass
|rule|Sleep Clause Mod: Limit one foe put to sleep
|rule|Species Clause: Limit one of each PokÃ©mon
|rule|OHKO Clause: OHKO moves are banned
|rule|Moody Clause: Moody is banned
|rule|Evasion Moves Clause: Evasion moves are banned
|rule|Endless Battle Clause: Forcing endless battles is banned
|rule|HP Percentage Mod: HP is shown in percentages
|teampreview
|
|start
|switch|p1a: Bill|Slowbro, M, shiny|394\/394
|switch|p2a: Excadrill|Excadrill, F|423\/423
|-ability|p2a: Excadrill|Mold Breaker
|turn|1
|
|move|p2a: Excadrill|Toxic|p1a: Bill
|-status|p1a: Bill|tox
|move|p1a: Bill|Scald|p2a: Excadrill
|-supereffective|p2a: Excadrill
|-damage|p2a: Excadrill|235\/423
|-status|p2a: Excadrill|brn
|
|-heal|p2a: Excadrill|261\/423 brn|[from] item: Leftovers
|-damage|p2a: Excadrill|209\/423 brn|[from] brn
|-damage|p1a: Bill|370\/394 tox|[from] psn
|turn|2
|c|âMiss Noob|huuuu
|c|âmastermind15|lol toxic
|
|switch|p2a: Breloom|Breloom, M|287\/287
|move|p1a: Bill|Scald|p2a: Breloom
|-resisted|p2a: Breloom
|-damage|p2a: Breloom|221\/287
|-status|p2a: Breloom|brn
|
|-damage|p2a: Breloom|186\/287 brn|[from] brn
|-damage|p1a: Bill|322\/394 tox|[from] psn
|turn|3
|c|âMiss Noob|heeee
|c|âmastermind15|lol
|
|switch|p1a: Penelope|Amoonguss, F, shiny|432\/432
|move|p2a: Breloom|Leech Seed|p1a: Penelope
|-immune|p1a: Penelope|[msg]
|
|-damage|p2a: Breloom|151\/287 brn|[from] brn
|turn|4
|
|switch|p2a: Scolipede|Scolipede, F|323\/323
|switch|p1a: Bill|Slowbro, M, shiny|394\/394 tox
|
|-damage|p1a: Bill|370\/394 tox|[from] psn
|turn|5
|
|move|p2a: Scolipede|Iron Defense|p2a: Scolipede
|-boost|p2a: Scolipede|def|2
|move|p1a: Bill|Psychic|p2a: Scolipede
|-supereffective|p2a: Scolipede
|-damage|p2a: Scolipede|57\/323
|
|-heal|p2a: Scolipede|77\/323|[from] item: Black Sludge
|-damage|p1a: Bill|322\/394 tox|[from] psn
|-boost|p2a: Scolipede|spe|1|[from] ability: Speed Boost
|turn|6
|
|move|p2a: Scolipede|Protect|p2a: Scolipede
|-singleturn|p2a: Scolipede|Protect
|move|p1a: Bill|Scald|p2a: Scolipede
|-activate|p2a: Scolipede|Protect
|
|-heal|p2a: Scolipede|97\/323|[from] item: Black Sludge
|-damage|p1a: Bill|250\/394 tox|[from] psn
|-boost|p2a: Scolipede|spe|1|[from] ability: Speed Boost
|turn|7
|
|move|p2a: Scolipede|Substitute|p2a: Scolipede
|-start|p2a: Scolipede|Substitute
|-damage|p2a: Scolipede|17\/323
|move|p1a: Bill|Scald|p2a: Scolipede
|-crit|p2a: Scolipede
|-end|p2a: Scolipede|Substitute
|
|-heal|p2a: Scolipede|37\/323|[from] item: Black Sludge
|-damage|p1a: Bill|154\/394 tox|[from] psn
|-boost|p2a: Scolipede|spe|1|[from] ability: Speed Boost
|turn|8
|
|switch|p1a: Sebastian|Metagross|301\/301
|move|p2a: Scolipede|Baton Pass|p2a: Scolipede
|
|switch|p2a: Gyarados|Gyarados, F|331\/331
|-ability|p2a: Gyarados|Intimidate|[of] p1a: Sebastian
|-fail|p1a: Sebastian|unboost|[from] ability: Clear Body|[of] p1a: Sebastian
|
|turn|9
|
|switch|p1a: Larry|Zapdos|383\/383
|-ability|p1a: Larry|Pressure
|detailschange|p2a: Gyarados|Gyarados-Mega, F
|message|Gyarados has Mega Evolved into Mega Gyarados!
|-ability|p2a: Gyarados|Mold Breaker
|move|p2a: Gyarados|Crunch|p1a: Larry
|-damage|p1a: Larry|233\/383
|
|-heal|p1a: Larry|256\/383|[from] item: Leftovers
|turn|10
|
|move|p2a: Gyarados|Waterfall|p1a: Larry
|-damage|p1a: Larry|123\/383
|move|p1a: Larry|Roost|p1a: Larry
|-heal|p1a: Larry|315\/383
|
|-heal|p1a: Larry|338\/383|[from] item: Leftovers
|turn|11
|c|âmastermind15|gg
|c|âMiss Noob|??
|c|âMiss Noob|??
|c|âMiss Noob|gg?
|c|âMiss Noob|hax diras
|
|move|p2a: Gyarados|Dragon Dance|p2a: Gyarados
|-boost|p2a: Gyarados|atk|1
|-boost|p2a: Gyarados|spe|1
|move|p1a: Larry|Thunderbolt|p2a: Gyarados
|-supereffective|p2a: Gyarados
|-damage|p2a: Gyarados|115\/331
|
|-heal|p1a: Larry|361\/383|[from] item: Leftovers
|turn|12
|c|âmastermind15|whatever, i win
|
|move|p2a: Gyarados|Waterfall|p1a: Larry
|-damage|p1a: Larry|168\/383
|cant|p1a: Larry|flinch
|
|-heal|p1a: Larry|191\/383|[from] item: Leftovers
|turn|13
|c|âMiss Noob|yea
|
|move|p2a: Gyarados|Waterfall|p1a: Larry
|-damage|p1a: Larry|0 fnt
|faint|p1a: Larry
|
|
|switch|p1a: Penelope|Amoonguss, F, shiny|432\/432
|turn|14
|
|switch|p2a: Scolipede|Scolipede, F|37\/323
|move|p1a: Penelope|Spore|p2a: Scolipede
|-status|p2a: Scolipede|slp
|
|-heal|p2a: Scolipede|57\/323 slp|[from] item: Black Sludge
|turn|15
|
|switch|p2a: Talonflame|Talonflame, F|315\/315
|move|p1a: Penelope|Foul Play|p2a: Talonflame
|-damage|p2a: Talonflame|201\/315
|
|turn|16
|
|switch|p2a: Breloom|Breloom, M|151\/287 brn
|switch|p1a: Sam|Tyranitar, M|341\/341
|-weather|Sandstorm
|
|-weather|Sandstorm|[upkeep]
|-damage|p2a: Breloom|134\/287 brn|[from] sandstorm
|-damage|p2a: Breloom|99\/287 brn|[from] brn
|turn|17
|
|switch|p2a: Excadrill|Excadrill, F|209\/423 brn
|-ability|p2a: Excadrill|Mold Breaker
|switch|p1a: Penelope|Amoonguss, F, shiny|432\/432
|
|-weather|Sandstorm|[upkeep]
|-damage|p1a: Penelope|405\/432|[from] sandstorm
|-heal|p2a: Excadrill|235\/423 brn|[from] item: Leftovers
|-heal|p1a: Penelope|432\/432|[from] item: Black Sludge
|-damage|p2a: Excadrill|183\/423 brn|[from] brn
|turn|18
|
|move|p2a: Excadrill|Stealth Rock|p1a: Penelope
|-sidestart|p1: mastermind15|move: Stealth Rock
|move|p1a: Penelope|Giga Drain|p2a: Excadrill
|-damage|p2a: Excadrill|102\/423 brn
|
|-weather|Sandstorm|[upkeep]
|-damage|p1a: Penelope|405\/432|[from] sandstorm
|-heal|p2a: Excadrill|128\/423 brn|[from] item: Leftovers
|-heal|p1a: Penelope|432\/432|[from] item: Black Sludge
|-damage|p2a: Excadrill|76\/423 brn|[from] brn
|turn|19
|
|move|p2a: Excadrill|Earthquake|p1a: Penelope
|-crit|p1a: Penelope
|-damage|p1a: Penelope|287\/432
|move|p1a: Penelope|Giga Drain|p2a: Excadrill
|-damage|p2a: Excadrill|0 fnt
|-heal|p1a: Penelope|325\/432|[from] drain|[of] p2a: Excadrill
|faint|p2a: Excadrill
|
|-weather|Sandstorm|[upkeep]
|-damage|p1a: Penelope|298\/432|[from] sandstorm
|-heal|p1a: Penelope|325\/432|[from] item: Black Sludge
|
|switch|p2a: Raikou|Raikou|321\/321
|-ability|p2a: Raikou|Pressure
|turn|20
|
|switch|p1a: Sam|Tyranitar, M|341\/341
|-damage|p1a: Sam|299\/341|[from] Stealth Rock
|move|p2a: Raikou|Calm Mind|p2a: Raikou
|-boost|p2a: Raikou|spa|1
|-boost|p2a: Raikou|spd|1
|
|-weather|none
|turn|21
|
|switch|p2a: Breloom|Breloom, M|99\/287 brn
|move|p1a: Sam|Crunch|p2a: Breloom
|-resisted|p2a: Breloom
|-damage|p2a: Breloom|20\/287 brn
|
|-damage|p2a: Breloom|0 fnt|[from] brn
|faint|p2a: Breloom
|
|switch|p2a: Gyarados|Gyarados-Mega, F|115\/331
|-ability|p2a: Gyarados|Mold Breaker
|turn|22
|
|switch|p1a: Penelope|Amoonguss, F, shiny|432\/432
|-damage|p1a: Penelope|378\/432|[from] Stealth Rock
|move|p2a: Gyarados|Earthquake|p1a: Penelope
|-damage|p1a: Penelope|222\/432
|
|-heal|p1a: Penelope|249\/432|[from] item: Black Sludge
|turn|23
|
|switch|p2a: Talonflame|Talonflame, F|201\/315
|move|p1a: Penelope|Giga Drain|p2a: Talonflame
|-resisted|p2a: Talonflame
|-damage|p2a: Talonflame|174\/315
|-heal|p1a: Penelope|263\/432|[from] drain|[of] p2a: Talonflame
|
|-heal|p1a: Penelope|290\/432|[from] item: Black Sludge
|turn|24
|
|switch|p1a: Ivan|Gliscor, M|352\/352
|-damage|p1a: Ivan|308\/352|[from] Stealth Rock
|move|p2a: Talonflame|Swords Dance|p2a: Talonflame
|-boost|p2a: Talonflame|atk|2
|
|-status|p1a: Ivan|tox|[from] item: Toxic Orb
|turn|25
|
|move|p2a: Talonflame|Swords Dance|p2a: Talonflame
|-boost|p2a: Talonflame|atk|2
|move|p1a: Ivan|Toxic|p2a: Talonflame
|-status|p2a: Talonflame|tox
|
|-damage|p2a: Talonflame|155\/315 tox|[from] psn
|-heal|p1a: Ivan|352\/352 tox|[from] ability: Poison Heal
|turn|26
|
|move|p2a: Talonflame|Acrobatics|p1a: Ivan
|-damage|p1a: Ivan|75\/352 tox
|move|p1a: Ivan|Roost|p1a: Ivan
|-heal|p1a: Ivan|251\/352 tox
|
|-damage|p2a: Talonflame|117\/315 tox|[from] psn
|-heal|p1a: Ivan|295\/352 tox|[from] ability: Poison Heal
|turn|27
|
|move|p2a: Talonflame|Roost|p2a: Talonflame
|-heal|p2a: Talonflame|275\/315 tox
|move|p1a: Ivan|Roost|p1a: Ivan
|-heal|p1a: Ivan|352\/352 tox
|
|-damage|p2a: Talonflame|218\/315 tox|[from] psn
|turn|28
|
|move|p2a: Talonflame|Swords Dance|p2a: Talonflame
|-boost|p2a: Talonflame|atk|2
|move|p1a: Ivan|Taunt|p2a: Talonflame
|-start|p2a: Talonflame|move: Taunt
|
|-damage|p2a: Talonflame|142\/315 tox|[from] psn
|turn|29
|
|move|p2a: Talonflame|Acrobatics|p1a: Ivan
|-crit|p1a: Ivan
|-damage|p1a: Ivan|0 fnt
|faint|p1a: Ivan
|
|-damage|p2a: Talonflame|47\/315 tox|[from] psn
|
|switch|p1a: Sebastian|Metagross|301\/301
|-damage|p1a: Sebastian|283\/301|[from] Stealth Rock
|turn|30
|
|switch|p1a: Bill|Slowbro, M, shiny|285\/394 tox
|-damage|p1a: Bill|236\/394 tox|[from] Stealth Rock
|move|p2a: Talonflame|Acrobatics|p1a: Bill
|-damage|p1a: Bill|0 fnt
|faint|p1a: Bill
|
|-damage|p2a: Talonflame|0 fnt|[from] psn
|faint|p2a: Talonflame
|c|âmastermind15|now it's definitely gg lol, you shouldn't have sacked your win condition
|
|switch|p2a: Gyarados|Gyarados-Mega, F|115\/331
|switch|p1a: Penelope|Amoonguss, F, shiny|432\/432
|-ability|p2a: Gyarados|Mold Breaker
|-damage|p1a: Penelope|378\/432|[from] Stealth Rock
|turn|31
|
|switch|p2a: Raikou|Raikou|321\/321
|-ability|p2a: Raikou|Pressure
|move|p1a: Penelope|Giga Drain|p2a: Raikou
|-damage|p2a: Raikou|248\/321
|-heal|p1a: Penelope|415\/432|[from] drain|[of] p2a: Raikou
|
|-heal|p2a: Raikou|268\/321|[from] item: Leftovers
|-heal|p1a: Penelope|432\/432|[from] item: Black Sludge
|turn|32
|
|move|p2a: Raikou|Substitute|p2a: Raikou
|-start|p2a: Raikou|Substitute
|-damage|p2a: Raikou|188\/321
|move|p1a: Penelope|Clear Smog|p2a: Raikou
|-activate|p2a: Raikou|Substitute|[damage]
|
|-heal|p2a: Raikou|208\/321|[from] item: Leftovers
|turn|33
|
|move|p2a: Raikou|Calm Mind|p2a: Raikou
|-boost|p2a: Raikou|spa|1
|-boost|p2a: Raikou|spd|1
|move|p1a: Penelope|Giga Drain|p2a: Raikou
|-end|p2a: Raikou|Substitute
|
|-heal|p2a: Raikou|228\/321|[from] item: Leftovers
|turn|34
|
|switch|p1a: Sam|Tyranitar, M|299\/341
|-damage|p1a: Sam|257\/341|[from] Stealth Rock
|-weather|Sandstorm
|move|p2a: Raikou|Substitute|p2a: Raikou
|-start|p2a: Raikou|Substitute
|-damage|p2a: Raikou|148\/321
|
|-weather|Sandstorm|[upkeep]
|-damage|p2a: Raikou|128\/321|[from] sandstorm
|-heal|p2a: Raikou|148\/321|[from] item: Leftovers
|turn|35
|
|move|p2a: Raikou|Thunderbolt|p1a: Sam
|-damage|p1a: Sam|185\/341
|move|p1a: Sam|Crunch|p2a: Raikou
|-end|p2a: Raikou|Substitute
|
|-weather|Sandstorm|[upkeep]
|-damage|p2a: Raikou|128\/321|[from] sandstorm
|-heal|p2a: Raikou|148\/321|[from] item: Leftovers
|turn|36
|c|âMiss Noob|AV
|
|switch|p2a: Scolipede|Scolipede, F|57\/323 slp
|move|p1a: Sam|Superpower|p2a: Scolipede
|-resisted|p2a: Scolipede
|-damage|p2a: Scolipede|20\/323 slp
|-unboost|p1a: Sam|atk|1
|-unboost|p1a: Sam|def|1
|
|-weather|Sandstorm|[upkeep]
|-damage|p2a: Scolipede|0 fnt|[from] sandstorm
|faint|p2a: Scolipede
|
|switch|p2a: Gyarados|Gyarados-Mega, F|115\/331
|-ability|p2a: Gyarados|Mold Breaker
|turn|37
|
|switch|p1a: Penelope|Amoonguss, F, shiny|432\/432
|-damage|p1a: Penelope|378\/432|[from] Stealth Rock
|move|p2a: Gyarados|Earthquake|p1a: Penelope
|-damage|p1a: Penelope|222\/432
|
|-weather|Sandstorm|[upkeep]
|-damage|p2a: Gyarados|95\/331|[from] sandstorm
|-damage|p1a: Penelope|195\/432|[from] sandstorm
|-heal|p1a: Penelope|222\/432|[from] item: Black Sludge
|turn|38
|
|move|p2a: Gyarados|Earthquake|p1a: Penelope
|-damage|p1a: Penelope|57\/432
|move|p1a: Penelope|Spore|p2a: Gyarados
|-status|p2a: Gyarados|slp
|
|-weather|none
|-heal|p1a: Penelope|84\/432|[from] item: Black Sludge
|turn|39
|
|cant|p2a: Gyarados|slp
|move|p1a: Penelope|Giga Drain|p2a: Gyarados
|-supereffective|p2a: Gyarados
|-damage|p2a: Gyarados|0 fnt
|-heal|p1a: Penelope|132\/432|[from] drain|[of] p2a: Gyarados
|faint|p2a: Gyarados
|
|-heal|p1a: Penelope|159\/432|[from] item: Black Sludge
|c|âMiss Noob|lol
|c|âMiss Noob|i mistajed
|c|âMiss Noob|Crunch hit more
|c|âMiss Noob|lololol
|c|âMiss Noob|i playing mario kart
|
|switch|p2a: Raikou|Raikou|148\/321
|-ability|p2a: Raikou|Pressure
|turn|40
|c|âmastermind15|not enough to kill though
|
|switch|p1a: Sebastian|Metagross|283\/301
|-damage|p1a: Sebastian|265\/301|[from] Stealth Rock
|move|p2a: Raikou|Substitute|p2a: Raikou
|-start|p2a: Raikou|Substitute
|-damage|p2a: Raikou|68\/321
|
|-heal|p2a: Raikou|88\/321|[from] item: Leftovers
|turn|41
|
|detailschange|p1a: Sebastian|Metagross-Mega
|message|Metagross has Mega Evolved into Mega Metagross!
|move|p2a: Raikou|Thunderbolt|p1a: Sebastian
|-damage|p1a: Sebastian|123\/301
|move|p1a: Sebastian|Earthquake|p2a: Raikou
|-supereffective|p2a: Raikou
|-end|p2a: Raikou|Substitute
|
|-heal|p2a: Raikou|108\/321|[from] item: Leftovers
|turn|42
|
|move|p2a: Raikou|Thunderbolt|p1a: Sebastian
|-damage|p1a: Sebastian|0 fnt
|faint|p1a: Sebastian
|
|-heal|p2a: Raikou|128\/321|[from] item: Leftovers
|
|switch|p1a: Sam|Tyranitar, M|185\/341
|-damage|p1a: Sam|143\/341|[from] Stealth Rock
|-weather|Sandstorm
|turn|43
|
|move|p2a: Raikou|Thunderbolt|p1a: Sam
|-damage|p1a: Sam|92\/341
|move|p1a: Sam|Crunch|p2a: Raikou
|-damage|p2a: Raikou|0 fnt
|faint|p2a: Raikou
|
|win|mastermind15
|raw|Ladder updating...
|raw|mastermind15's rating: 1671 &rarr; <strong>1687<\/strong><br \/>(+16 for winning)
|raw|Miss Noob's rating: 1589 &rarr; <strong>1574<\/strong><br \/>(-15 for losing)
|leave|mastermind15
|player|p1