|join|pypp
|join|Miss Noob
|player|p1|pypp|144
|player|p2|Miss Noob|283
|gametype|singles
|gen|6
|tier|OU
|rated
|clearpoke
|poke|p1|Bisharp, F
|poke|p1|Rotom-Wash
|poke|p1|Excadrill, F
|poke|p1|Talonflame, F
|poke|p1|Slowbro, M
|poke|p1|Breloom, F
|poke|p2|Talonflame, M
|poke|p2|Gyarados, M
|poke|p2|Breloom, M
|poke|p2|Uxie
|poke|p2|Scolipede, M
|poke|p2|Raikou
|rule|Swagger Clause: Swagger is banned
|rule|Baton Pass Clause: Limit one PokÃ©mon knowing Baton Pass
|rule|Sleep Clause Mod: Limit one foe put to sleep
|rule|Species Clause: Limit one of each PokÃ©mon
|rule|OHKO Clause: OHKO moves are banned
|rule|Moody Clause: Moody is banned
|rule|Evasion Moves Clause: Evasion moves are banned
|rule|Endless Battle Clause: Forcing endless battles is banned
|rule|HP Percentage Mod: HP is shown in percentages
|teampreview
|
|start
|switch|p1a: Rotom-Wash|Rotom-Wash|304\/304
|switch|p2a: Uxie|Uxie|353\/353
|turn|1
|
|move|p1a: Rotom-Wash|Trick|p2a: Uxie
|-activate|p1a: Rotom-Wash|move: Trick|[of] p2a: Uxie
|-item|p2a: Uxie|Choice Scarf|[from] move: Trick
|-item|p1a: Rotom-Wash|Leftovers|[from] move: Trick
|move|p2a: Uxie|Stealth Rock|p1a: Rotom-Wash
|-sidestart|p1: pypp|move: Stealth Rock
|
|turn|2
|
|switch|p2a: Scolipede|Scolipede, M|323\/323
|move|p1a: Rotom-Wash|Volt Switch|p2a: Scolipede
|-damage|p2a: Scolipede|227\/323
|
|switch|p1a: Excadrill|Excadrill, F|424\/424
|-damage|p1a: Excadrill|411\/424|[from] Stealth Rock
|-ability|p1a: Excadrill|Mold Breaker
|
|-heal|p2a: Scolipede|247\/323|[from] item: Black Sludge
|-heal|p1a: Excadrill|424\/424|[from] item: Leftovers
|turn|3
|
|move|p2a: Scolipede|Iron Defense|p2a: Scolipede
|-boost|p2a: Scolipede|def|2
|move|p1a: Excadrill|Stealth Rock|p2a: Scolipede
|-sidestart|p2: Miss Noob|move: Stealth Rock
|
|-heal|p2a: Scolipede|267\/323|[from] item: Black Sludge
|-boost|p2a: Scolipede|spe|1|[from] ability: Speed Boost
|turn|4
|
|move|p2a: Scolipede|Substitute|p2a: Scolipede
|-start|p2a: Scolipede|Substitute
|-damage|p2a: Scolipede|187\/323
|move|p1a: Excadrill|Rapid Spin|p2a: Scolipede
|-activate|p2a: Scolipede|Substitute|[damage]
|-sideend|p1: pypp|Stealth Rock|[from] move: Rapid Spin|[of] p1a: Excadrill
|
|-heal|p2a: Scolipede|207\/323|[from] item: Black Sludge
|-boost|p2a: Scolipede|spe|1|[from] ability: Speed Boost
|turn|5
|
|move|p2a: Scolipede|Iron Defense|p2a: Scolipede
|-boost|p2a: Scolipede|def|2
|move|p1a: Excadrill|Iron Head|p2a: Scolipede
|-activate|p2a: Scolipede|Substitute|[damage]
|
|-heal|p2a: Scolipede|227\/323|[from] item: Black Sludge
|-boost|p2a: Scolipede|spe|1|[from] ability: Speed Boost
|turn|6
|
|move|p2a: Scolipede|Iron Defense|p2a: Scolipede
|-boost|p2a: Scolipede|def|2
|move|p1a: Excadrill|Earthquake|p2a: Scolipede
|-end|p2a: Scolipede|Substitute
|
|-heal|p2a: Scolipede|247\/323|[from] item: Black Sludge
|-boost|p2a: Scolipede|spe|1|[from] ability: Speed Boost
|turn|7
|
|move|p2a: Scolipede|Substitute|p2a: Scolipede
|-start|p2a: Scolipede|Substitute
|-damage|p2a: Scolipede|167\/323
|move|p1a: Excadrill|Earthquake|p2a: Scolipede
|-activate|p2a: Scolipede|Substitute|[damage]
|
|-heal|p2a: Scolipede|187\/323|[from] item: Black Sludge
|-boost|p2a: Scolipede|spe|1|[from] ability: Speed Boost
|turn|8
|
|move|p2a: Scolipede|Baton Pass|p2a: Scolipede
|
|switch|p2a: Gyarados|Gyarados, M|331\/331
|-damage|p2a: Gyarados|249\/331|[from] Stealth Rock
|-ability|p2a: Gyarados|Intimidate|[of] p1a: Excadrill
|-unboost|p1a: Excadrill|atk|1
|move|p1a: Excadrill|Earthquake|p2a: Gyarados
|-immune|p2a: Gyarados|[msg]
|
|turn|9
|
|switch|p1a: Rotom-Wash|Rotom-Wash|304\/304
|detailschange|p2a: Gyarados|Gyarados-Mega, M
|message|Gyarados has Mega Evolved into Mega Gyarados!
|-ability|p2a: Gyarados|Mold Breaker
|move|p2a: Gyarados|Dragon Dance|p2a: Gyarados
|-boost|p2a: Gyarados|atk|1
|-boost|p2a: Gyarados|spe|1
|
|turn|10
|
|move|p2a: Gyarados|Earthquake|p1a: Rotom-Wash
|-supereffective|p1a: Rotom-Wash
|-damage|p1a: Rotom-Wash|42\/304
|move|p1a: Rotom-Wash|Volt Switch|p2a: Gyarados
|-supereffective|p2a: Gyarados
|-end|p2a: Gyarados|Substitute
|
|switch|p1a: Slowbro|Slowbro, M|394\/394
|
|turn|11
|
|detailschange|p1a: Slowbro|Slowbro-Mega, M
|message|Slowbro has Mega Evolved into Mega Slowbro!
|move|p2a: Gyarados|Crunch|p1a: Slowbro
|-supereffective|p1a: Slowbro
|-damage|p1a: Slowbro|148\/394
|move|p1a: Slowbro|Scald|p2a: Gyarados
|-crit|p2a: Gyarados
|-resisted|p2a: Gyarados
|-damage|p2a: Gyarados|177\/331
|
|turn|12
|
|move|p2a: Gyarados|Crunch|p1a: Slowbro
|-supereffective|p1a: Slowbro
|-damage|p1a: Slowbro|0 fnt
|faint|p1a: Slowbro
|
|
|switch|p1a: Breloom|Breloom, F|324\/324
|turn|13
|
|move|p1a: Breloom|Mach Punch|p2a: Gyarados
|-supereffective|p2a: Gyarados
|-damage|p2a: Gyarados|139\/331
|move|p2a: Gyarados|Waterfall|p1a: Breloom
|-resisted|p1a: Breloom
|-damage|p1a: Breloom|178\/324
|
|-status|p1a: Breloom|tox|[from] item: Toxic Orb
|turn|14
|
|move|p2a: Gyarados|Waterfall|p1a: Breloom
|-resisted|p1a: Breloom
|-damage|p1a: Breloom|23\/324 tox
|move|p1a: Breloom|Drain Punch|p2a: Gyarados
|-supereffective|p2a: Gyarados
|-damage|p2a: Gyarados|71\/331
|-heal|p1a: Breloom|57\/324 tox|[from] drain|[of] p2a: Gyarados
|
|-heal|p1a: Breloom|97\/324 tox|[from] ability: Poison Heal
|turn|15
|
|move|p1a: Breloom|Mach Punch|p2a: Gyarados
|-supereffective|p2a: Gyarados
|-damage|p2a: Gyarados|33\/331
|move|p2a: Gyarados|Waterfall|p1a: Breloom
|-crit|p1a: Breloom
|-resisted|p1a: Breloom
|-damage|p1a: Breloom|0 fnt
|faint|p1a: Breloom
|
|
|switch|p1a: Talonflame|Talonflame, F|297\/297
|turn|16
|
|move|p1a: Talonflame|Brave Bird|p2a: Gyarados
|-damage|p2a: Gyarados|0 fnt
|-damage|p1a: Talonflame|286\/297|[from] recoil|[of] p2a: Gyarados
|faint|p2a: Gyarados
|
|
|switch|p2a: Raikou|Raikou|321\/321
|-damage|p2a: Raikou|281\/321|[from] Stealth Rock
|-ability|p2a: Raikou|Pressure
|turn|17
|
|switch|p1a: Excadrill|Excadrill, F|424\/424
|-ability|p1a: Excadrill|Mold Breaker
|move|p2a: Raikou|Hidden Power|p1a: Excadrill
|-crit|p1a: Excadrill
|-damage|p1a: Excadrill|278\/424
|
|-heal|p2a: Raikou|301\/321|[from] item: Leftovers
|-heal|p1a: Excadrill|304\/424|[from] item: Leftovers
|turn|18
|
|switch|p2a: Breloom|Breloom, M|287\/287
|-damage|p2a: Breloom|270\/287|[from] Stealth Rock
|move|p1a: Excadrill|Earthquake|p2a: Breloom
|-resisted|p2a: Breloom
|-damage|p2a: Breloom|154\/287
|
|-heal|p1a: Excadrill|330\/424|[from] item: Leftovers
|-status|p2a: Breloom|tox|[from] item: Toxic Orb
|turn|19
|
|switch|p1a: Talonflame|Talonflame, F|286\/297
|move|p2a: Breloom|Leech Seed|p1a: Talonflame|[miss]
|-miss|p2a: Breloom|p1a: Talonflame
|
|-heal|p2a: Breloom|189\/287 tox|[from] ability: Poison Heal
|turn|20
|c|âMiss Noob|shitttt
|
|switch|p2a: Uxie|Uxie|353\/353
|-damage|p2a: Uxie|309\/353|[from] Stealth Rock
|move|p1a: Talonflame|U-turn|p2a: Uxie
|-supereffective|p2a: Uxie
|-damage|p2a: Uxie|171\/353
|
|switch|p1a: Excadrill|Excadrill, F|330\/424
|-ability|p1a: Excadrill|Mold Breaker
|
|-heal|p1a: Excadrill|356\/424|[from] item: Leftovers
|turn|21
|
|move|p2a: Uxie|Knock Off|p1a: Excadrill
|-damage|p1a: Excadrill|257\/424
|-enditem|p1a: Excadrill|Leftovers|[from] move: Knock Off|[of] p2a: Uxie
|move|p1a: Excadrill|Earthquake|p2a: Uxie
|-damage|p2a: Uxie|14\/353
|
|turn|22
|
|move|p2a: Uxie|Knock Off|p1a: Excadrill
|-damage|p1a: Excadrill|200\/424
|move|p1a: Excadrill|Earthquake|p2a: Uxie
|-damage|p2a: Uxie|0 fnt
|faint|p2a: Uxie
|
|
|switch|p2a: Breloom|Breloom, M|189\/287 tox
|-damage|p2a: Breloom|172\/287 tox|[from] Stealth Rock
|turn|23
|
|switch|p1a: Rotom-Wash|Rotom-Wash|42\/304
|move|p2a: Breloom|Spore|p1a: Rotom-Wash
|-status|p1a: Rotom-Wash|slp
|
|-heal|p1a: Rotom-Wash|61\/304 slp|[from] item: Leftovers
|-heal|p2a: Breloom|207\/287 tox|[from] ability: Poison Heal
|turn|24
|
|switch|p1a: Talonflame|Talonflame, F|286\/297
|move|p2a: Breloom|Substitute|p2a: Breloom
|-start|p2a: Breloom|Substitute
|-damage|p2a: Breloom|136\/287 tox
|
|-heal|p2a: Breloom|171\/287 tox|[from] ability: Poison Heal
|turn|25
|
|move|p1a: Talonflame|Brave Bird|p2a: Breloom
|-crit|p2a: Breloom
|-supereffective|p2a: Breloom
|-end|p2a: Breloom|Substitute
|-damage|p1a: Talonflame|263\/297|[from] recoil|[of] p2a: Breloom
|move|p2a: Breloom|Substitute|p2a: Breloom
|-start|p2a: Breloom|Substitute
|-damage|p2a: Breloom|100\/287 tox
|
|-heal|p2a: Breloom|135\/287 tox|[from] ability: Poison Heal
|turn|26
|
|move|p1a: Talonflame|Brave Bird|p2a: Breloom
|-supereffective|p2a: Breloom
|-end|p2a: Breloom|Substitute
|-damage|p1a: Talonflame|240\/297|[from] recoil|[of] p2a: Breloom
|move|p2a: Breloom|Substitute|p2a: Breloom
|-start|p2a: Breloom|Substitute
|-damage|p2a: Breloom|64\/287 tox
|
|-heal|p2a: Breloom|99\/287 tox|[from] ability: Poison Heal
|turn|27
|
|move|p1a: Talonflame|Brave Bird|p2a: Breloom
|-supereffective|p2a: Breloom
|-end|p2a: Breloom|Substitute
|-damage|p1a: Talonflame|217\/297|[from] recoil|[of] p2a: Breloom
|move|p2a: Breloom|Substitute|p2a: Breloom
|-start|p2a: Breloom|Substitute
|-damage|p2a: Breloom|28\/287 tox
|
|-heal|p2a: Breloom|63\/287 tox|[from] ability: Poison Heal
|turn|28
|
|-singleturn|p2a: Breloom|move: Focus Punch
|move|p1a: Talonflame|Brave Bird|p2a: Breloom
|-supereffective|p2a: Breloom
|-end|p2a: Breloom|Substitute
|-damage|p1a: Talonflame|194\/297|[from] recoil|[of] p2a: Breloom
|move|p2a: Breloom|Focus Punch|p1a: Talonflame
|-resisted|p1a: Talonflame
|-damage|p1a: Talonflame|29\/297
|
|-heal|p2a: Breloom|98\/287 tox|[from] ability: Poison Heal
|turn|29
|
|switch|p2a: Scolipede|Scolipede, M|187\/323
|-damage|p2a: Scolipede|107\/323|[from] Stealth Rock
|move|p1a: Talonflame|Brave Bird|p2a: Scolipede
|-supereffective|p2a: Scolipede
|-damage|p2a: Scolipede|0 fnt
|-damage|p1a: Talonflame|0 fnt|[from] recoil|[of] p2a: Scolipede
|faint|p2a: Scolipede
|faint|p1a: Talonflame
|
|
|switch|p2a: Breloom|Breloom, M|98\/287 tox
|switch|p1a: Excadrill|Excadrill, F|200\/424
|-damage|p2a: Breloom|81\/287 tox|[from] Stealth Rock
|-ability|p1a: Excadrill|Mold Breaker
|turn|30
|
|move|p2a: Breloom|Leech Seed|p1a: Excadrill
|-start|p1a: Excadrill|move: Leech Seed
|move|p1a: Excadrill|Earthquake|p2a: Breloom
|-crit|p2a: Breloom
|-resisted|p2a: Breloom
|-damage|p2a: Breloom|0 fnt
|faint|p2a: Breloom
|
|
|switch|p2a: Talonflame|Talonflame, M|315\/315
|-damage|p2a: Talonflame|158\/315|[from] Stealth Rock
|turn|31
|
|switch|p1a: Rotom-Wash|Rotom-Wash|61\/304 slp
|move|p2a: Talonflame|Swords Dance|p2a: Talonflame
|-boost|p2a: Talonflame|atk|2
|
|-heal|p1a: Rotom-Wash|80\/304 slp|[from] item: Leftovers
|turn|32
|
|move|p2a: Talonflame|Roost|p2a: Talonflame
|-heal|p2a: Talonflame|315\/315
|cant|p1a: Rotom-Wash|slp
|
|-heal|p1a: Rotom-Wash|99\/304 slp|[from] item: Leftovers
|turn|33
|
|move|p2a: Talonflame|Acrobatics|p1a: Rotom-Wash
|-resisted|p1a: Rotom-Wash
|-damage|p1a: Rotom-Wash|0 fnt
|faint|p1a: Rotom-Wash
|
|
|switch|p1a: Excadrill|Excadrill, F|200\/424
|-ability|p1a: Excadrill|Mold Breaker
|turn|34
|
|move|p2a: Talonflame|Flare Blitz|p1a: Excadrill
|-crit|p1a: Excadrill
|-supereffective|p1a: Excadrill
|-damage|p1a: Excadrill|0 fnt
|-damage|p2a: Talonflame|249\/315|[from] recoil|[of] p1a: Excadrill
|faint|p1a: Excadrill
|
|
|switch|p1a: Bisharp|Bisharp, F|334\/334
|turn|35
|
|move|p2a: Talonflame|Acrobatics|p1a: Bisharp
|-resisted|p1a: Bisharp
|-damage|p1a: Bisharp|204\/334
|move|p1a: Bisharp|Sucker Punch|p2a: Talonflame
|-fail|p2a: Talonflame
|
|turn|36
|c|âpypp|so i am little bit confused there
|c|âpypp|is acrobatics not an attack?
|
|move|p2a: Talonflame|Acrobatics|p1a: Bisharp
|-resisted|p1a: Bisharp
|-damage|p1a: Bisharp|59\/334
|move|p1a: Bisharp|Knock Off|p2a: Talonflame
|-damage|p2a: Talonflame|41\/315
|-damage|p1a: Bisharp|26\/334|[from] item: Life Orb
|
|turn|37
|c|âMiss Noob|yea
|c|âMiss Noob|but
|c|âMiss Noob|sucker miss
|c|âMiss Noob|if hit
|c|âMiss Noob|Talon is more fast than Bisharp
|c|âMiss Noob|and equal priority
|c|âpypp|ok that makes sense thanks
|c|âpypp|gg
|
|move|p2a: Talonflame|Acrobatics|p1a: Bisharp
|-resisted|p1a: Bisharp
|-damage|p1a: Bisharp|0 fnt
|faint|p1a: Bisharp
|
|win|Miss Noob
|raw|Ladder updating...
|c|âMiss Noob|gg
|leave|pypp
|player|p1