|join|Reverb
|join|Miss Noob
|player|p1|Reverb|#reverb
|player|p2|Miss Noob|283
|gametype|singles
|gen|6
|tier|OU
|rated
|clearpoke
|poke|p1|Metagross
|poke|p1|Heatran, M
|poke|p1|Landorus-Therian, M
|poke|p1|Rotom-Wash
|poke|p1|Keldeo-Resolute
|poke|p1|Gengar, F
|poke|p2|Skarmory, M, shiny
|poke|p2|Ferrothorn, F
|poke|p2|Politoed, F
|poke|p2|Azumarill, F, shiny
|poke|p2|Swampert, F, shiny
|poke|p2|Kingdra, M
|rule|Swagger Clause: Swagger is banned
|rule|Baton Pass Clause: Limit one PokÃ©mon knowing Baton Pass
|rule|Sleep Clause Mod: Limit one foe put to sleep
|rule|Species Clause: Limit one of each PokÃ©mon
|rule|OHKO Clause: OHKO moves are banned
|rule|Moody Clause: Moody is banned
|rule|Evasion Moves Clause: Evasion moves are banned
|rule|Endless Battle Clause: Forcing endless battles is banned
|rule|HP Percentage Mod: HP is shown in percentages
|teampreview
|
|start
|switch|p1a: Heatran|Heatran, M|385\/385
|switch|p2a: Trolltoad|Politoed, F|321\/321
|-weather|RainDance
|turn|1
|
|move|p2a: Trolltoad|Scald|p1a: Heatran
|-supereffective|p1a: Heatran
|-damage|p1a: Heatran|103\/385
|move|p1a: Heatran|Stealth Rock|p2a: Trolltoad
|-sidestart|p2: Miss Noob|move: Stealth Rock
|
|-weather|RainDance|[upkeep]
|-heal|p1a: Heatran|127\/385|[from] item: Leftovers
|turn|2
|
|switch|p1a: Keldeo-Resolute|Keldeo-Resolute|323\/323
|move|p2a: Trolltoad|Scald|p1a: Keldeo-Resolute
|-resisted|p1a: Keldeo-Resolute
|-damage|p1a: Keldeo-Resolute|224\/323
|-status|p1a: Keldeo-Resolute|brn
|
|-weather|RainDance|[upkeep]
|-damage|p1a: Keldeo-Resolute|184\/323 brn|[from] brn
|turn|3
|join|Raido Kuzunoha
|
|switch|p2a: Huevo de pascuas|Azumarill, F, shiny|403\/403
|-damage|p2a: Huevo de pascuas|353\/403|[from] Stealth Rock
|move|p1a: Keldeo-Resolute|Scald|p2a: Huevo de pascuas
|-resisted|p2a: Huevo de pascuas
|-damage|p2a: Huevo de pascuas|216\/403
|
|-weather|RainDance|[upkeep]
|-damage|p1a: Keldeo-Resolute|144\/323 brn|[from] brn
|turn|4
|
|move|p1a: Keldeo-Resolute|Scald|p2a: Huevo de pascuas
|-resisted|p2a: Huevo de pascuas
|-damage|p2a: Huevo de pascuas|79\/403
|-status|p2a: Huevo de pascuas|brn
|move|p2a: Huevo de pascuas|Waterfall|p1a: Keldeo-Resolute
|-resisted|p1a: Keldeo-Resolute
|-damage|p1a: Keldeo-Resolute|78\/323 brn
|
|-weather|RainDance|[upkeep]
|-damage|p1a: Keldeo-Resolute|38\/323 brn|[from] brn
|-damage|p2a: Huevo de pascuas|29\/403 brn|[from] brn
|turn|5
|
|switch|p1a: Rotom-Wash|Rotom-Wash|303\/303
|move|p2a: Huevo de pascuas|Aqua Jet|p1a: Rotom-Wash
|-resisted|p1a: Rotom-Wash
|-damage|p1a: Rotom-Wash|280\/303
|
|-weather|none
|-heal|p1a: Rotom-Wash|298\/303|[from] item: Leftovers
|-damage|p2a: Huevo de pascuas|0 fnt|[from] brn
|faint|p2a: Huevo de pascuas
|join|iplaytennislol
|
|switch|p2a: Kanon|Kingdra, M|291\/291
|-damage|p2a: Kanon|255\/291|[from] Stealth Rock
|turn|6
|join|99 Losses
|
|move|p2a: Kanon|Draco Meteor|p1a: Rotom-Wash
|-damage|p1a: Rotom-Wash|32\/303
|-unboost|p2a: Kanon|spa|2
|-damage|p2a: Kanon|226\/291|[from] item: Life Orb
|move|p1a: Rotom-Wash|Volt Switch|p2a: Kanon
|-damage|p2a: Kanon|136\/291
|
|switch|p1a: Gengar|Gengar, F|261\/261
|
|turn|7
|
|switch|p2a: Trolltoad|Politoed, F|321\/321
|-damage|p2a: Trolltoad|281\/321|[from] Stealth Rock
|-weather|RainDance
|move|p1a: Gengar|Shadow Ball|p2a: Trolltoad
|-damage|p2a: Trolltoad|112\/321
|-unboost|p2a: Trolltoad|spd|1
|-damage|p1a: Gengar|235\/261|[from] item: Life Orb
|
|-weather|RainDance|[upkeep]
|turn|8
|
|move|p2a: Trolltoad|Psychic|p1a: Gengar
|-supereffective|p1a: Gengar
|-damage|p1a: Gengar|19\/261
|move|p1a: Gengar|Shadow Ball|p2a: Trolltoad
|-damage|p2a: Trolltoad|0 fnt
|-damage|p1a: Gengar|0 fnt|[from] item: Life Orb
|faint|p2a: Trolltoad
|faint|p1a: Gengar
|
|-weather|RainDance|[upkeep]
|
|switch|p1a: Keldeo-Resolute|Keldeo-Resolute|38\/323 brn
|switch|p2a: Renee|Swampert, F, shiny|353\/353
|-damage|p2a: Renee|331\/353|[from] Stealth Rock
|turn|9
|
|detailschange|p2a: Renee|Swampert-Mega, F, shiny
|-mega|p2a: Renee|Swampert|Swampertite
|move|p2a: Renee|Protect|p2a: Renee
|-singleturn|p2a: Renee|Protect
|move|p1a: Keldeo-Resolute|Scald|p2a: Renee
|-activate|p2a: Renee|Protect
|
|-weather|RainDance|[upkeep]
|-damage|p1a: Keldeo-Resolute|0 fnt|[from] brn
|faint|p1a: Keldeo-Resolute
|
|switch|p1a: Landorus-Therian|Landorus-Therian, M|327\/327
|-ability|p1a: Landorus-Therian|Intimidate|[of] p2a: Renee
|-unboost|p2a: Renee|atk|1
|turn|10
|
|switch|p1a: Rotom-Wash|Rotom-Wash|32\/303
|move|p2a: Renee|Waterfall|p1a: Rotom-Wash
|-resisted|p1a: Rotom-Wash
|-damage|p1a: Rotom-Wash|0 fnt
|faint|p1a: Rotom-Wash
|
|-weather|RainDance|[upkeep]
|join|Can-Eh-Dian
|
|switch|p1a: Metagross|Metagross|301\/301
|turn|11
|
|detailschange|p1a: Metagross|Metagross-Mega
|-mega|p1a: Metagross|Metagross|Metagrossite
|move|p2a: Renee|Waterfall|p1a: Metagross
|-damage|p1a: Metagross|183\/301
|move|p1a: Metagross|Zen Headbutt|p2a: Renee
|-damage|p2a: Renee|151\/353
|
|-weather|none
|turn|12
|
|switch|p2a: Pinchuda|Ferrothorn, F|351\/351
|-damage|p2a: Pinchuda|330\/351|[from] Stealth Rock
|move|p1a: Metagross|Zen Headbutt|p2a: Pinchuda
|-resisted|p2a: Pinchuda
|-damage|p2a: Pinchuda|261\/351
|-damage|p1a: Metagross|146\/301|[from] ability: Iron Barbs|[of] p2a: Pinchuda
|
|-heal|p2a: Pinchuda|282\/351|[from] item: Leftovers
|turn|13
|join|MoB Barley
|
|move|p1a: Metagross|Hammer Arm|p2a: Pinchuda
|-supereffective|p2a: Pinchuda
|-damage|p2a: Pinchuda|62\/351
|-damage|p1a: Metagross|109\/301|[from] ability: Iron Barbs|[of] p2a: Pinchuda
|-unboost|p1a: Metagross|spe|1
|move|p2a: Pinchuda|Leech Seed|p1a: Metagross
|-start|p1a: Metagross|move: Leech Seed
|
|-heal|p2a: Pinchuda|83\/351|[from] item: Leftovers
|-damage|p1a: Metagross|72\/301|[from] Leech Seed|[of] p2a: Pinchuda
|-heal|p2a: Pinchuda|120\/351|[silent]
|turn|14
|join|jacksoras
|leave|jacksoras
|
|switch|p1a: Heatran|Heatran, M|127\/385
|switch|p2a: Renee|Swampert-Mega, F, shiny|151\/353
|-damage|p2a: Renee|129\/353|[from] Stealth Rock
|
|-heal|p1a: Heatran|151\/385|[from] item: Leftovers
|turn|15
|join|craing
|join|jacksoras
|
|move|p2a: Renee|Waterfall|p1a: Heatran
|-supereffective|p1a: Heatran
|-damage|p1a: Heatran|0 fnt
|faint|p1a: Heatran
|
|leave|jacksoras
|
|switch|p1a: Metagross|Metagross-Mega|72\/301
|turn|16
|
|move|p2a: Renee|Protect|p2a: Renee
|-singleturn|p2a: Renee|Protect
|move|p1a: Metagross|Zen Headbutt|p2a: Renee
|-activate|p2a: Renee|Protect
|
|turn|17
|join|Motherless
|join|1800Rekt
|join|jacksoras
|leave|jacksoras
|
|switch|p2a: Assero|Skarmory, M, shiny|333\/333
|-damage|p2a: Assero|292\/333|[from] Stealth Rock
|move|p1a: Metagross|Zen Headbutt|p2a: Assero
|-resisted|p2a: Assero
|-damage|p2a: Assero|218\/333
|
|-heal|p2a: Assero|238\/333|[from] item: Leftovers
|turn|18
|
|move|p1a: Metagross|Hammer Arm|p2a: Assero
|-damage|p2a: Assero|110\/333
|-unboost|p1a: Metagross|spe|1
|move|p2a: Assero|Roost|p2a: Assero
|-heal|p2a: Assero|277\/333
|
|-heal|p2a: Assero|297\/333|[from] item: Leftovers
|turn|19
|
|move|p1a: Metagross|Hammer Arm|p2a: Assero
|-damage|p2a: Assero|159\/333
|-unboost|p1a: Metagross|spe|1
|move|p2a: Assero|Spikes|p1a: Metagross
|-sidestart|p1: Reverb|Spikes
|
|-heal|p2a: Assero|179\/333|[from] item: Leftovers
|turn|20
|join|belgrade
|
|move|p2a: Assero|Roost|p2a: Assero
|-heal|p2a: Assero|333\/333
|move|p1a: Metagross|Hammer Arm|p2a: Assero|[miss]
|-miss|p1a: Metagross|p2a: Assero
|
|turn|21
|leave|belgrade
|join|belgrade
|c|âReverb|fuck
|c|âMiss Noob|lol
|
|switch|p2a: Renee|Swampert-Mega, F, shiny|129\/353
|-damage|p2a: Renee|107\/353|[from] Stealth Rock
|move|p1a: Metagross|Hammer Arm|p2a: Renee
|-damage|p2a: Renee|0 fnt
|-unboost|p1a: Metagross|spe|1
|faint|p2a: Renee
|
|join|jacksoras
|leave|jacksoras
|
|switch|p2a: Kanon|Kingdra, M|136\/291
|-damage|p2a: Kanon|100\/291|[from] Stealth Rock
|turn|22
|
|switch|p1a: Landorus-Therian|Landorus-Therian, M|327\/327
|-ability|p1a: Landorus-Therian|Intimidate|[of] p2a: Kanon
|-unboost|p2a: Kanon|atk|1
|move|p2a: Kanon|Hydro Pump|p1a: Landorus-Therian
|-supereffective|p1a: Landorus-Therian
|-damage|p1a: Landorus-Therian|0 fnt
|-damage|p2a: Kanon|71\/291|[from] item: Life Orb
|faint|p1a: Landorus-Therian
|
|
|switch|p1a: Metagross|Metagross-Mega|72\/301
|-damage|p1a: Metagross|35\/301|[from] Spikes
|turn|23
|
|switch|p2a: Pinchuda|Ferrothorn, F|120\/351
|-damage|p2a: Pinchuda|99\/351|[from] Stealth Rock
|move|p1a: Metagross|Meteor Mash|p2a: Pinchuda
|-crit|p2a: Pinchuda
|-resisted|p2a: Pinchuda
|-damage|p2a: Pinchuda|0 fnt
|-damage|p1a: Metagross|0 fnt|[from] ability: Iron Barbs|[of] p2a: Pinchuda
|faint|p1a: Metagross
|faint|p2a: Pinchuda
|
|win|Miss Noob
|raw|Ladder updating...
|c|âMiss Noob|gg
|raw|Reverb's rating: 1708 &rarr; <strong>1679<\/strong><br \/>(-29 for losing)
|raw|Miss Noob's rating: 1544 &rarr; <strong>1573<\/strong><br \/>(+29 for winning)
|c|âReverb|meh
|c|âReverb|gg
|c|âMiss Noob|XD
|leave|MoB Barley
|leave|Can-Eh-Dian
|leave|iplaytennislol