|join|Miss Noob
|join|Regice that burn
|player|p1|Miss Noob|283
|player|p2|Regice that burn|1
|gametype|singles
|gen|6
|tier|OU
|rated
|clearpoke
|poke|p1|Skarmory, M, shiny
|poke|p1|Ferrothorn, F
|poke|p1|Politoed, F
|poke|p1|Azumarill, F, shiny
|poke|p1|Swampert, F, shiny
|poke|p1|Kingdra, F
|poke|p2|Latias, F
|poke|p2|Clefable, M
|poke|p2|Skarmory, M
|poke|p2|Jirachi
|poke|p2|Gliscor, M
|poke|p2|Victini
|rule|Swagger Clause: Swagger is banned
|rule|Baton Pass Clause: Limit one PokÃ©mon knowing Baton Pass
|rule|Sleep Clause Mod: Limit one foe put to sleep
|rule|Species Clause: Limit one of each PokÃ©mon
|rule|OHKO Clause: OHKO moves are banned
|rule|Moody Clause: Moody is banned
|rule|Evasion Moves Clause: Evasion moves are banned
|rule|Endless Battle Clause: Forcing endless battles is banned
|rule|HP Percentage Mod: HP is shown in percentages
|teampreview
|
|start
|switch|p1a: Trolltoad|Politoed, F|321\/321
|switch|p2a: Latias|Latias, F|363\/363
|-weather|RainDance
|turn|1
|
|detailschange|p2a: Latias|Latias-Mega, F
|-mega|p2a: Latias|Latias|Latiasite
|move|p1a: Trolltoad|Ice Beam|p2a: Latias
|-supereffective|p2a: Latias
|-damage|p2a: Latias|227\/363
|move|p2a: Latias|Whirlpool|p1a: Trolltoad
|-resisted|p1a: Trolltoad
|-damage|p1a: Trolltoad|294\/321
|-activate|p1a: Trolltoad|move: Whirlpool|[of] p2a: Latias
|
|-weather|RainDance|[upkeep]
|-damage|p1a: Trolltoad|254\/321|[from] move: Whirlpool|[partiallytrapped]
|turn|2
|
|move|p1a: Trolltoad|Ice Beam|p2a: Latias
|-supereffective|p2a: Latias
|-damage|p2a: Latias|107\/363
|-status|p2a: Latias|frz
|cant|p2a: Latias|frz
|
|-weather|RainDance|[upkeep]
|-damage|p1a: Trolltoad|214\/321|[from] move: Whirlpool|[partiallytrapped]
|turn|3
|c|âMiss Noob|lol
|
|switch|p2a: Clefable|Clefable, M|393\/393
|move|p1a: Trolltoad|Ice Beam|p2a: Clefable
|-crit|p2a: Clefable
|-damage|p2a: Clefable|241\/393
|
|-weather|RainDance|[upkeep]
|-heal|p2a: Clefable|265\/393|[from] item: Leftovers
|-end|p1a: Trolltoad|Whirlpool|[partiallytrapped]
|turn|4
|c|âMiss Noob|sorry
|
|switch|p1a: Pinchuda|Ferrothorn, F|351\/351
|move|p2a: Clefable|Heal Bell|p2a: Clefable
|-cureteam|p2a: Clefable|[from] move: HealBell
|
|-weather|RainDance|[upkeep]
|-heal|p2a: Clefable|289\/393|[from] item: Leftovers
|turn|5
|
|switch|p2a: Latias|Latias-Mega, F|107\/363
|move|p1a: Pinchuda|Stealth Rock|p2a: Latias
|-sidestart|p2: Regice that burn|move: Stealth Rock
|
|-weather|none
|turn|6
|
|move|p2a: Latias|Reflect Type|p1a: Pinchuda
|-start|p2a: Latias|typechange|[from] move: Reflect Type|[of] p1a: Pinchuda
|move|p1a: Pinchuda|Gyro Ball|p2a: Latias
|-resisted|p2a: Latias
|-damage|p2a: Latias|51\/363
|
|turn|7
|
|switch|p1a: Assero|Skarmory, M, shiny|333\/333
|move|p2a: Latias|Roost|p2a: Latias
|-heal|p2a: Latias|233\/363
|
|turn|8
|c|âRegice that burn|if i didnt get frozen, ur toad was dead
|
|move|p2a: Latias|Roost|p2a: Latias
|-heal|p2a: Latias|363\/363
|move|p1a: Assero|Spikes|p2a: Latias
|-sidestart|p2: Regice that burn|Spikes
|
|turn|9
|
|switch|p2a: Skarmory|Skarmory, M|333\/333
|-damage|p2a: Skarmory|292\/333|[from] Stealth Rock
|move|p1a: Assero|Spikes|p2a: Skarmory
|-sidestart|p2: Regice that burn|Spikes
|
|turn|10
|
|switch|p1a: Trolltoad|Politoed, F|214\/321
|-weather|RainDance
|move|p2a: Skarmory|Defog|p1a: Trolltoad
|-unboost|p1a: Trolltoad|evasion|1
|-sideend|p2: Regice that burn|Spikes|[from] move: Defog|[of] p2a: Skarmory
|-sideend|p2: Regice that burn|Stealth Rock|[from] move: Defog|[of] p2a: Skarmory
|
|-weather|RainDance|[upkeep]
|turn|11
|
|switch|p2a: Jirachi|Jirachi|404\/404
|move|p1a: Trolltoad|Scald|p2a: Jirachi
|-damage|p2a: Jirachi|280\/404
|-status|p2a: Jirachi|brn
|
|-weather|RainDance|[upkeep]
|-damage|p2a: Jirachi|230\/404 brn|[from] brn
|turn|12
|
|switch|p1a: Renee|Swampert, F, shiny|353\/353
|move|p2a: Jirachi|Stealth Rock|p1a: Renee
|-sidestart|p1: Miss Noob|move: Stealth Rock
|
|-weather|RainDance|[upkeep]
|-damage|p2a: Jirachi|180\/404 brn|[from] brn
|turn|13
|
|switch|p2a: Skarmory|Skarmory, M|292\/333
|detailschange|p1a: Renee|Swampert-Mega, F, shiny
|-mega|p1a: Renee|Swampert|Swampertite
|move|p1a: Renee|Waterfall|p2a: Skarmory
|-damage|p2a: Skarmory|148\/333
|-damage|p1a: Renee|295\/353|[from] item: Rocky Helmet|[of] p2a: Skarmory
|
|-weather|RainDance|[upkeep]
|turn|14
|
|move|p1a: Renee|Waterfall|p2a: Skarmory
|-damage|p2a: Skarmory|12\/333
|-damage|p1a: Renee|237\/353|[from] item: Rocky Helmet|[of] p2a: Skarmory
|move|p2a: Skarmory|Roost|p2a: Skarmory
|-heal|p2a: Skarmory|179\/333
|
|-weather|none
|turn|15
|c|âRegice that burn|get a flinch
|c|âMiss Noob|lol
|
|switch|p1a: Pinchuda|Ferrothorn, F|351\/351
|-damage|p1a: Pinchuda|330\/351|[from] Stealth Rock
|move|p2a: Skarmory|Roost|p2a: Skarmory
|-heal|p2a: Skarmory|333\/333
|
|-heal|p1a: Pinchuda|351\/351|[from] item: Leftovers
|turn|16
|
|switch|p2a: Gliscor|Gliscor, M|352\/352
|move|p1a: Pinchuda|Substitute|p1a: Pinchuda
|-start|p1a: Pinchuda|Substitute
|-damage|p1a: Pinchuda|264\/351
|
|-heal|p1a: Pinchuda|285\/351|[from] item: Leftovers
|-status|p2a: Gliscor|tox|[from] item: Toxic Orb
|turn|17
|
|move|p2a: Gliscor|Taunt|p1a: Pinchuda
|-start|p1a: Pinchuda|move: Taunt
|cant|p1a: Pinchuda|move: Taunt|Stealth Rock
|
|-heal|p1a: Pinchuda|306\/351|[from] item: Leftovers
|turn|18
|
|move|p2a: Gliscor|Knock Off|p1a: Pinchuda
|-crit|p1a: Pinchuda
|-activate|p1a: Pinchuda|Substitute|[damage]
|move|p1a: Pinchuda|Gyro Ball|p2a: Gliscor
|-damage|p2a: Gliscor|225\/352 tox
|
|-heal|p1a: Pinchuda|327\/351|[from] item: Leftovers
|-heal|p2a: Gliscor|269\/352 tox|[from] ability: Poison Heal
|turn|19
|
|move|p2a: Gliscor|Knock Off|p1a: Pinchuda
|-end|p1a: Pinchuda|Substitute
|move|p1a: Pinchuda|Gyro Ball|p2a: Gliscor
|-damage|p2a: Gliscor|121\/352 tox
|
|-heal|p1a: Pinchuda|348\/351|[from] item: Leftovers
|-heal|p2a: Gliscor|165\/352 tox|[from] ability: Poison Heal
|-end|p1a: Pinchuda|move: Taunt
|turn|20
|
|switch|p1a: Trolltoad|Politoed, F|214\/321
|-damage|p1a: Trolltoad|174\/321|[from] Stealth Rock
|-weather|RainDance
|move|p2a: Gliscor|Taunt|p1a: Trolltoad
|-start|p1a: Trolltoad|move: Taunt
|
|-weather|RainDance|[upkeep]
|-heal|p2a: Gliscor|209\/352 tox|[from] ability: Poison Heal
|turn|21
|
|switch|p2a: Latias|Latias-Mega, F|363\/363
|move|p1a: Trolltoad|Ice Beam|p2a: Latias
|-supereffective|p2a: Latias
|-damage|p2a: Latias|227\/363
|
|-weather|RainDance|[upkeep]
|turn|22
|
|move|p1a: Trolltoad|Ice Beam|p2a: Latias
|-supereffective|p2a: Latias
|-damage|p2a: Latias|101\/363
|move|p2a: Latias|Roost|p2a: Latias
|-heal|p2a: Latias|283\/363
|
|-weather|RainDance|[upkeep]
|turn|23
|
|move|p1a: Trolltoad|Ice Beam|p2a: Latias
|-supereffective|p2a: Latias
|-damage|p2a: Latias|145\/363
|move|p2a: Latias|Reflect Type|p1a: Trolltoad
|-start|p2a: Latias|typechange|[from] move: Reflect Type|[of] p1a: Trolltoad
|
|-weather|RainDance|[upkeep]
|-end|p1a: Trolltoad|move: Taunt
|turn|24
|
|switch|p1a: Assero|Skarmory, M, shiny|333\/333
|-damage|p1a: Assero|292\/333|[from] Stealth Rock
|move|p2a: Latias|Whirlpool|p1a: Assero
|-damage|p1a: Assero|220\/333
|-activate|p1a: Assero|move: Whirlpool|[of] p2a: Latias
|
|-weather|none
|-heal|p1a: Assero|240\/333|[from] item: Leftovers
|-damage|p1a: Assero|199\/333|[from] move: Whirlpool|[partiallytrapped]
|turn|25
|
|move|p2a: Latias|Reflect Type|p1a: Assero
|-start|p2a: Latias|typechange|[from] move: Reflect Type|[of] p1a: Assero
|move|p1a: Assero|Toxic|p2a: Latias
|-fail|p2a: Latias
|
|-heal|p1a: Assero|219\/333|[from] item: Leftovers
|-damage|p1a: Assero|178\/333|[from] move: Whirlpool|[partiallytrapped]
|turn|26
|
|move|p2a: Latias|Roost|p2a: Latias
|-heal|p2a: Latias|327\/363
|move|p1a: Assero|Roost|p1a: Assero
|-heal|p1a: Assero|333\/333
|
|-damage|p1a: Assero|292\/333|[from] move: Whirlpool|[partiallytrapped]
|turn|27
|
|switch|p2a: Gliscor|Gliscor, M|209\/352 tox
|move|p1a: Assero|Spikes|p2a: Gliscor
|-sidestart|p2: Regice that burn|Spikes
|
|-heal|p1a: Assero|312\/333|[from] item: Leftovers
|-heal|p2a: Gliscor|253\/352 tox|[from] ability: Poison Heal
|-end|p1a: Assero|Whirlpool|[partiallytrapped]
|turn|28
|
|switch|p1a: Renee|Swampert-Mega, F, shiny|237\/353
|-damage|p1a: Renee|215\/353|[from] Stealth Rock
|move|p2a: Gliscor|Knock Off|p1a: Renee
|-damage|p1a: Renee|172\/353
|
|-heal|p2a: Gliscor|297\/352 tox|[from] ability: Poison Heal
|turn|29
|
|switch|p2a: Skarmory|Skarmory, M|333\/333
|move|p1a: Renee|Waterfall|p2a: Skarmory
|-damage|p2a: Skarmory|242\/333
|-damage|p1a: Renee|114\/353|[from] item: Rocky Helmet|[of] p2a: Skarmory
|
|turn|30
|
|switch|p1a: Trolltoad|Politoed, F|174\/321
|-damage|p1a: Trolltoad|134\/321|[from] Stealth Rock
|-weather|RainDance
|switch|p2a: Victini|Victini|403\/403
|-damage|p2a: Victini|353\/403|[from] Spikes
|
|-weather|RainDance|[upkeep]
|-heal|p2a: Victini|378\/403|[from] item: Leftovers
|turn|31
|
|switch|p2a: Jirachi|Jirachi|180\/404 brn
|-damage|p2a: Jirachi|130\/404 brn|[from] Spikes
|move|p1a: Trolltoad|Scald|p2a: Jirachi
|-damage|p2a: Jirachi|0 fnt
|faint|p2a: Jirachi
|
|-weather|RainDance|[upkeep]
|
|switch|p2a: Latias|Latias-Mega, F|327\/363
|turn|32
|
|switch|p1a: Kanon|Kingdra, F|291\/291
|-damage|p1a: Kanon|255\/291|[from] Stealth Rock
|move|p2a: Latias|Whirlpool|p1a: Kanon
|-resisted|p1a: Kanon
|-damage|p1a: Kanon|242\/291
|-activate|p1a: Kanon|move: Whirlpool|[of] p2a: Latias
|
|-weather|RainDance|[upkeep]
|-damage|p1a: Kanon|206\/291|[from] move: Whirlpool|[partiallytrapped]
|turn|33
|
|move|p1a: Kanon|Hydro Pump|p2a: Latias
|-resisted|p2a: Latias
|-damage|p2a: Latias|202\/363
|-damage|p1a: Kanon|177\/291|[from] item: Life Orb
|move|p2a: Latias|Toxic|p1a: Kanon
|-status|p1a: Kanon|tox
|
|-weather|RainDance|[upkeep]
|-damage|p1a: Kanon|159\/291 tox|[from] psn
|-damage|p1a: Kanon|123\/291 tox|[from] move: Whirlpool|[partiallytrapped]
|turn|34
|
|move|p1a: Kanon|Draco Meteor|p2a: Latias|[miss]
|-miss|p1a: Kanon|p2a: Latias
|move|p2a: Latias|Roost|p2a: Latias
|-heal|p2a: Latias|363\/363
|
|-weather|none
|-damage|p1a: Kanon|87\/291 tox|[from] psn
|-damage|p1a: Kanon|51\/291 tox|[from] move: Whirlpool|[partiallytrapped]
|turn|35
|
|move|p2a: Latias|Roost|p2a: Latias
|-fail|p2a: Latias
|move|p1a: Kanon|Hydro Pump|p2a: Latias
|-resisted|p2a: Latias
|-damage|p2a: Latias|284\/363
|-damage|p1a: Kanon|22\/291 tox|[from] item: Life Orb
|
|-damage|p1a: Kanon|0 fnt|[from] psn
|faint|p1a: Kanon
|
|switch|p1a: Huevo de pascuas|Azumarill, F, shiny|403\/403
|-damage|p1a: Huevo de pascuas|353\/403|[from] Stealth Rock
|turn|36
|
|switch|p2a: Skarmory|Skarmory, M|242\/333
|move|p1a: Huevo de pascuas|Play Rough|p2a: Skarmory
|-resisted|p2a: Skarmory
|-damage|p2a: Skarmory|182\/333
|-damage|p1a: Huevo de pascuas|286\/403|[from] item: Rocky Helmet|[of] p2a: Skarmory
|
|turn|37
|
|move|p1a: Huevo de pascuas|Knock Off|p2a: Skarmory
|-damage|p2a: Skarmory|109\/333
|-damage|p1a: Huevo de pascuas|219\/403|[from] item: Rocky Helmet|[of] p2a: Skarmory
|-enditem|p2a: Skarmory|Rocky Helmet|[from] move: Knock Off|[of] p1a: Huevo de pascuas
|move|p2a: Skarmory|Whirlwind|p1a: Huevo de pascuas
|drag|p1a: Assero|Skarmory, M, shiny|312\/333
|-damage|p1a: Assero|271\/333|[from] Stealth Rock
|
|-heal|p1a: Assero|291\/333|[from] item: Leftovers
|turn|38
|
|move|p1a: Assero|Spikes|p2a: Skarmory
|-sidestart|p2: Regice that burn|Spikes
|move|p2a: Skarmory|Roost|p2a: Skarmory
|-heal|p2a: Skarmory|276\/333
|
|-heal|p1a: Assero|311\/333|[from] item: Leftovers
|turn|39
|
|move|p2a: Skarmory|Defog|p1a: Assero
|-unboost|p1a: Assero|evasion|1
|-sideend|p1: Miss Noob|Stealth Rock|[from] move: Defog|[of] p1a: Assero
|-sideend|p2: Regice that burn|Spikes|[from] move: Defog|[of] p2a: Skarmory
|move|p1a: Assero|Spikes|p2a: Skarmory
|-sidestart|p2: Regice that burn|Spikes
|
|-heal|p1a: Assero|331\/333|[from] item: Leftovers
|turn|40
|
|move|p2a: Skarmory|Defog|p1a: Assero
|-unboost|p1a: Assero|evasion|1
|-sideend|p2: Regice that burn|Spikes|[from] move: Defog|[of] p2a: Skarmory
|move|p1a: Assero|Spikes|p2a: Skarmory
|-sidestart|p2: Regice that burn|Spikes
|
|-heal|p1a: Assero|333\/333|[from] item: Leftovers
|turn|41
|
|switch|p1a: Trolltoad|Politoed, F|134\/321
|-weather|RainDance
|switch|p2a: Victini|Victini|378\/403
|-damage|p2a: Victini|328\/403|[from] Spikes
|
|-weather|RainDance|[upkeep]
|-heal|p2a: Victini|353\/403|[from] item: Leftovers
|turn|42
|
|switch|p2a: Latias|Latias-Mega, F|284\/363
|move|p1a: Trolltoad|Scald|p2a: Latias
|-resisted|p2a: Latias
|-damage|p2a: Latias|218\/363
|
|-weather|RainDance|[upkeep]
|turn|43
|
|switch|p1a: Pinchuda|Ferrothorn, F|348\/351
|move|p2a: Latias|Whirlpool|p1a: Pinchuda
|-resisted|p1a: Pinchuda
|-damage|p1a: Pinchuda|327\/351
|-activate|p1a: Pinchuda|move: Whirlpool|[of] p2a: Latias
|
|-weather|RainDance|[upkeep]
|-heal|p1a: Pinchuda|348\/351|[from] item: Leftovers
|-damage|p1a: Pinchuda|305\/351|[from] move: Whirlpool|[partiallytrapped]
|turn|44
|
|move|p2a: Latias|Reflect Type|p1a: Pinchuda
|-start|p2a: Latias|typechange|[from] move: Reflect Type|[of] p1a: Pinchuda
|move|p1a: Pinchuda|Substitute|p1a: Pinchuda
|-start|p1a: Pinchuda|Substitute
|-damage|p1a: Pinchuda|218\/351
|
|-weather|RainDance|[upkeep]
|-heal|p1a: Pinchuda|239\/351|[from] item: Leftovers
|turn|45
|
|move|p2a: Latias|Whirlpool|p1a: Pinchuda|[miss]
|-miss|p2a: Latias|p1a: Pinchuda
|move|p1a: Pinchuda|Stealth Rock|p2a: Latias
|-sidestart|p2: Regice that burn|move: Stealth Rock
|
|-weather|none
|-heal|p1a: Pinchuda|260\/351|[from] item: Leftovers
|turn|46
|
|move|p2a: Latias|Roost|p2a: Latias
|-heal|p2a: Latias|363\/363
|move|p1a: Pinchuda|Leech Seed|p2a: Latias
|-immune|p2a: Latias|[msg]
|
|-heal|p1a: Pinchuda|281\/351|[from] item: Leftovers
|turn|47
|
|move|p2a: Latias|Whirlpool|p1a: Pinchuda
|-resisted|p1a: Pinchuda
|-activate|p1a: Pinchuda|Substitute|[damage]
|move|p1a: Pinchuda|Stealth Rock|p2a: Latias
|-fail|p2a: Latias
|
|-heal|p1a: Pinchuda|302\/351|[from] item: Leftovers
|turn|48
|
|move|p2a: Latias|Whirlpool|p1a: Pinchuda|[miss]
|-miss|p2a: Latias|p1a: Pinchuda
|move|p1a: Pinchuda|Stealth Rock|p2a: Latias
|-fail|p2a: Latias
|
|-heal|p1a: Pinchuda|323\/351|[from] item: Leftovers
|turn|49
|
|move|p2a: Latias|Whirlpool|p1a: Pinchuda
|-resisted|p1a: Pinchuda
|-activate|p1a: Pinchuda|Substitute|[damage]
|move|p1a: Pinchuda|Leech Seed|p2a: Latias
|-immune|p2a: Latias|[msg]
|
|-heal|p1a: Pinchuda|344\/351|[from] item: Leftovers
|turn|50
|c|âMiss Noob|im stallyou
|
|move|p2a: Latias|Whirlpool|p1a: Pinchuda
|-resisted|p1a: Pinchuda
|-activate|p1a: Pinchuda|Substitute|[damage]
|move|p1a: Pinchuda|Stealth Rock|p2a: Latias
|-fail|p2a: Latias
|
|-heal|p1a: Pinchuda|351\/351|[from] item: Leftovers
|turn|51
|
|move|p2a: Latias|Whirlpool|p1a: Pinchuda
|-resisted|p1a: Pinchuda
|-activate|p1a: Pinchuda|Substitute|[damage]
|move|p1a: Pinchuda|Stealth Rock|p2a: Latias
|-fail|p2a: Latias
|
|turn|52
|
|move|p2a: Latias|Whirlpool|p1a: Pinchuda
|-resisted|p1a: Pinchuda
|-activate|p1a: Pinchuda|Substitute|[damage]
|move|p1a: Pinchuda|Substitute|p1a: Pinchuda
|-fail|p1a: Pinchuda|move: Substitute
|
|turn|53
|
|switch|p2a: Gliscor|Gliscor, M|297\/352 tox
|-damage|p2a: Gliscor|253\/352 tox|[from] Stealth Rock
|move|p1a: Pinchuda|Leech Seed|p2a: Gliscor|[miss]
|-miss|p1a: Pinchuda|p2a: Gliscor
|
|-heal|p2a: Gliscor|297\/352 tox|[from] ability: Poison Heal
|turn|54
|c|âMiss Noob|comon!!!
|
|move|p2a: Gliscor|Taunt|p1a: Pinchuda
|-start|p1a: Pinchuda|move: Taunt
|cant|p1a: Pinchuda|move: Taunt|Leech Seed
|
|-heal|p2a: Gliscor|341\/352 tox|[from] ability: Poison Heal
|turn|55
|
|switch|p1a: Assero|Skarmory, M, shiny|333\/333
|move|p2a: Gliscor|Sand Tomb|p1a: Assero
|-immune|p1a: Assero|[msg]
|
|-heal|p2a: Gliscor|352\/352 tox|[from] ability: Poison Heal
|turn|56
|
|switch|p1a: Renee|Swampert-Mega, F, shiny|114\/353
|move|p2a: Gliscor|Taunt|p1a: Renee
|-start|p1a: Renee|move: Taunt
|
|turn|57
|
|move|p2a: Gliscor|Sand Tomb|p1a: Renee
|-damage|p1a: Renee|80\/353
|-activate|p1a: Renee|move: Sand Tomb|[of] p2a: Gliscor
|move|p1a: Renee|Waterfall|p2a: Gliscor
|-supereffective|p2a: Gliscor
|-damage|p2a: Gliscor|86\/352 tox
|
|-heal|p2a: Gliscor|130\/352 tox|[from] ability: Poison Heal
|-damage|p1a: Renee|36\/353|[from] move: Sand Tomb|[partiallytrapped]
|turn|58
|
|move|p2a: Gliscor|Roost|p2a: Gliscor
|-heal|p2a: Gliscor|306\/352 tox
|move|p1a: Renee|Waterfall|p2a: Gliscor
|-supereffective|p2a: Gliscor
|-damage|p2a: Gliscor|6\/352 tox
|
|-heal|p2a: Gliscor|50\/352 tox|[from] ability: Poison Heal
|-damage|p1a: Renee|0 fnt|[from] move: Sand Tomb|[partiallytrapped]
|faint|p1a: Renee
|
|switch|p1a: Huevo de pascuas|Azumarill, F, shiny|219\/403
|turn|59
|
|switch|p2a: Skarmory|Skarmory, M|276\/333
|-damage|p2a: Skarmory|235\/333|[from] Stealth Rock
|move|p1a: Huevo de pascuas|Aqua Jet|p2a: Skarmory
|-damage|p2a: Skarmory|184\/333
|
|turn|60
|
|move|p2a: Skarmory|Defog|p1a: Huevo de pascuas
|-unboost|p1a: Huevo de pascuas|evasion|1
|-sideend|p2: Regice that burn|Spikes|[from] move: Defog|[of] p2a: Skarmory
|-sideend|p2: Regice that burn|Stealth Rock|[from] move: Defog|[of] p2a: Skarmory
|move|p1a: Huevo de pascuas|Waterfall|p2a: Skarmory
|-damage|p2a: Skarmory|93\/333
|
|turn|61
|
|switch|p1a: Trolltoad|Politoed, F|134\/321
|-weather|RainDance
|move|p2a: Skarmory|Roost|p2a: Skarmory
|-heal|p2a: Skarmory|260\/333
|
|-weather|RainDance|[upkeep]
|turn|62
|
|switch|p2a: Latias|Latias-Mega, F|363\/363
|move|p1a: Trolltoad|Scald|p2a: Latias
|-resisted|p2a: Latias
|-damage|p2a: Latias|299\/363
|-status|p2a: Latias|brn
|
|-weather|RainDance|[upkeep]
|-damage|p2a: Latias|254\/363 brn|[from] brn
|turn|63
|
|switch|p1a: Pinchuda|Ferrothorn, F|351\/351
|switch|p2a: Gliscor|Gliscor, M|50\/352 tox
|
|-weather|RainDance|[upkeep]
|-heal|p2a: Gliscor|94\/352 tox|[from] ability: Poison Heal
|turn|64
|
|move|p2a: Gliscor|Roost|p2a: Gliscor
|-heal|p2a: Gliscor|270\/352 tox
|move|p1a: Pinchuda|Gyro Ball|p2a: Gliscor
|-crit|p2a: Gliscor
|-damage|p2a: Gliscor|77\/352 tox
|
|-weather|RainDance|[upkeep]
|-heal|p2a: Gliscor|121\/352 tox|[from] ability: Poison Heal
|turn|65
|
|switch|p1a: Trolltoad|Politoed, F|134\/321
|move|p2a: Gliscor|Taunt|p1a: Trolltoad
|-start|p1a: Trolltoad|move: Taunt
|
|-weather|none
|-heal|p2a: Gliscor|165\/352 tox|[from] ability: Poison Heal
|turn|66
|
|switch|p2a: Clefable|Clefable, M|289\/393
|move|p1a: Trolltoad|Ice Beam|p2a: Clefable
|-damage|p2a: Clefable|187\/393
|-status|p2a: Clefable|frz
|
|-heal|p2a: Clefable|211\/393 frz|[from] item: Leftovers
|turn|67
|c|âMiss Noob|lol
|c|âMiss Noob|sorry
|
|switch|p1a: Huevo de pascuas|Azumarill, F, shiny|219\/403
|-curestatus|p2a: Clefable|frz
|move|p2a: Clefable|Heal Bell|p2a: Clefable
|-cureteam|p2a: Clefable|[from] move: HealBell
|
|-heal|p2a: Clefable|235\/393|[from] item: Leftovers
|turn|68
|c|âMiss Noob|lol
|
|switch|p2a: Skarmory|Skarmory, M|260\/333
|move|p1a: Huevo de pascuas|Waterfall|p2a: Skarmory
|-damage|p2a: Skarmory|163\/333
|
|turn|69
|
|switch|p2a: Latias|Latias-Mega, F|254\/363
|switch|p1a: Pinchuda|Ferrothorn, F|351\/351
|
|turn|70
|
|switch|p2a: Victini|Victini|353\/403
|move|p1a: Pinchuda|Stealth Rock|p2a: Victini
|-sidestart|p2: Regice that burn|move: Stealth Rock
|
|-heal|p2a: Victini|378\/403|[from] item: Leftovers
|turn|71
|
|move|p2a: Victini|Will-O-Wisp|p1a: Pinchuda
|-status|p1a: Pinchuda|brn
|move|p1a: Pinchuda|Leech Seed|p2a: Victini
|-start|p2a: Victini|move: Leech Seed
|
|-heal|p2a: Victini|403\/403|[from] item: Leftovers
|-damage|p2a: Victini|353\/403|[from] Leech Seed|[of] p1a: Pinchuda
|-damage|p1a: Pinchuda|308\/351 brn|[from] brn
|turn|72
|
|switch|p2a: Skarmory|Skarmory, M|163\/333
|-damage|p2a: Skarmory|122\/333|[from] Stealth Rock
|move|p1a: Pinchuda|Substitute|p1a: Pinchuda
|-start|p1a: Pinchuda|Substitute
|-damage|p1a: Pinchuda|221\/351 brn
|
|-heal|p1a: Pinchuda|242\/351 brn|[from] item: Leftovers
|-damage|p1a: Pinchuda|199\/351 brn|[from] brn
|turn|73
|
|move|p2a: Skarmory|Roost|p2a: Skarmory
|-heal|p2a: Skarmory|289\/333
|move|p1a: Pinchuda|Leech Seed|p2a: Skarmory
|-start|p2a: Skarmory|move: Leech Seed
|
|-heal|p1a: Pinchuda|220\/351 brn|[from] item: Leftovers
|-damage|p2a: Skarmory|248\/333|[from] Leech Seed|[of] p1a: Pinchuda
|-heal|p1a: Pinchuda|261\/351 brn|[silent]
|-damage|p1a: Pinchuda|218\/351 brn|[from] brn
|turn|74
|
|switch|p1a: Trolltoad|Politoed, F|134\/321
|-weather|RainDance
|move|p2a: Skarmory|Defog|p1a: Trolltoad
|-unboost|p1a: Trolltoad|evasion|1
|-sideend|p2: Regice that burn|Stealth Rock|[from] move: Defog|[of] p2a: Skarmory
|
|-weather|RainDance|[upkeep]
|-damage|p2a: Skarmory|207\/333|[from] Leech Seed|[of] p1a: Trolltoad
|-heal|p1a: Trolltoad|175\/321|[silent]
|turn|75
|
|switch|p2a: Latias|Latias-Mega, F|254\/363
|move|p1a: Trolltoad|Scald|p2a: Latias
|-resisted|p2a: Latias
|-damage|p2a: Latias|186\/363
|-status|p2a: Latias|brn
|
|-weather|RainDance|[upkeep]
|-damage|p2a: Latias|141\/363 brn|[from] brn
|turn|76
|
|switch|p1a: Assero|Skarmory, M, shiny|333\/333
|move|p2a: Latias|Roost|p2a: Latias
|-heal|p2a: Latias|323\/363 brn
|
|-weather|RainDance|[upkeep]
|-damage|p2a: Latias|278\/363 brn|[from] brn
|turn|77
|
|switch|p2a: Skarmory|Skarmory, M|207\/333
|move|p1a: Assero|Spikes|p2a: Skarmory
|-sidestart|p2: Regice that burn|Spikes
|
|-weather|RainDance|[upkeep]
|turn|78
|c|âMiss Noob|to long
|c|âMiss Noob|and boring
|c|âMiss Noob|gg
|c|âRegice that burn|lol
|
|move|p2a: Skarmory|Roost|p2a: Skarmory
|-heal|p2a: Skarmory|333\/333
|move|p1a: Assero|Spikes|p2a: Skarmory
|-sidestart|p2: Regice that burn|Spikes
|
|-weather|none
|turn|79
|c|âRegice that burn|it wouldve have over already if you didnt freeze me turn 2
|
|move|p2a: Skarmory|Defog|p1a: Assero
|-unboost|p1a: Assero|evasion|1
|-sideend|p2: Regice that burn|Spikes|[from] move: Defog|[of] p2a: Skarmory
|move|p1a: Assero|Whirlwind|p2a: Skarmory
|drag|p2a: Victini|Victini|353\/403
|
|-heal|p2a: Victini|378\/403|[from] item: Leftovers
|turn|80
|c|âMiss Noob|yea
|c|âMiss Noob|but only 1 count
|c|âMiss Noob|and your Clefable recoers
|c|âMiss Noob|and my miss on lech is important
|c|âMiss Noob|XD
|
|move|p2a: Victini|Will-O-Wisp|p1a: Assero
|-status|p1a: Assero|brn
|move|p1a: Assero|Toxic|p2a: Victini
|-status|p2a: Victini|tox
|
|-heal|p2a: Victini|403\/403 tox|[from] item: Leftovers
|-damage|p2a: Victini|378\/403 tox|[from] psn
|-damage|p1a: Assero|292\/333 brn|[from] brn
|turn|81
|c|âMiss Noob|gg
|c|âRegice that burn|gg
|c|âMiss Noob|save the batle
|c|âMiss Noob|intersting team
|c|âMiss Noob|please
|c|âRegice that burn|thx
|c|âRegice that burn|will do
|c|âMiss Noob|ok gg
|-message|Miss Noob forfeited.
|
|win|Regice that burn
|raw|Ladder updating...
|leave|Miss Noob
|player|p1
|raw|Miss Noob's rating: 1575 &rarr; <strong>1557<\/strong><br \/>(-18 for losing)
|raw|Regice that burn's rating: 1615 &rarr; <strong>1633<\/strong><br \/>(+18 for winning)