|join|Bouff
|join|Key
|player|p1|Bouff|176
|player|p2|Key|169
|gametype|singles
|gen|6
|tier|UU
|rated
|rule|Sleep Clause Mod: Limit one foe put to sleep
|rule|Species Clause: Limit one of each PokÃ©mon
|rule|OHKO Clause: OHKO moves are banned
|rule|Moody Clause: Moody is banned
|rule|Evasion Moves Clause: Evasion moves are banned
|rule|Endless Battle Clause: Forcing endless battles is banned
|rule|HP Percentage Mod: HP is shown in percentages
|clearpoke
|poke|p1|Gligar, M
|poke|p1|Umbreon, F
|poke|p1|Suicune
|poke|p1|Lopunny, M
|poke|p1|Klefki, M
|poke|p1|Salamence, F
|poke|p2|Bronzong
|poke|p2|Beedrill, F
|poke|p2|Suicune
|poke|p2|Volcarona, F
|poke|p2|Salamence, F
|poke|p2|Chesnaught, F
|rule|Swagger Clause: Swagger is banned
|rule|Baton Pass Clause: Limit one PokÃ©mon knowing Baton Pass
|teampreview
|
|start
|switch|p1a: jej|Gligar, M|333\/333
|switch|p2a: Beedrill|Beedrill, F|272\/272
|turn|1
|
|detailschange|p2a: Beedrill|Beedrill-Mega, F
|message|Beedrill has Mega Evolved into Mega Beedrill!
|move|p2a: Beedrill|U-turn|p1a: jej
|-crit|p1a: jej
|-resisted|p1a: jej
|-damage|p1a: jej|260\/333
|
|switch|p2a: Salamence|Salamence, F|393\/393
|-ability|p2a: Salamence|Intimidate|[of] p1a: jej
|-unboost|p1a: jej|atk|1
|move|p1a: jej|Stealth Rock|p2a: Salamence
|-sidestart|p2: Key|move: Stealth Rock
|
|turn|2
|
|move|p2a: Salamence|Defog|p1a: jej
|-unboost|p1a: jej|evasion|1
|-sideend|p2: Key|Stealth Rock|[from] move: Defog|[of] p2a: Salamence
|move|p1a: jej|U-turn|p2a: Salamence
|-resisted|p2a: Salamence
|-damage|p2a: Salamence|382\/393
|
|switch|p1a: boo boo|Klefki, M|318\/318
|
|-heal|p2a: Salamence|393\/393|[from] item: Leftovers
|turn|3
|
|switch|p2a: Bronzong|Bronzong|338\/338
|move|p1a: boo boo|Toxic|p2a: Bronzong
|-fail|p2a: Bronzong
|
|turn|4
|
|move|p1a: boo boo|Spikes|p2a: Bronzong
|-sidestart|p2: Key|Spikes
|move|p2a: Bronzong|Stealth Rock|p1a: boo boo
|-sidestart|p1: Bouff|move: Stealth Rock
|
|turn|5
|
|switch|p1a: big dogs|Suicune|404\/404
|-damage|p1a: big dogs|354\/404|[from] Stealth Rock
|-ability|p1a: big dogs|Pressure
|move|p2a: Bronzong|Gyro Ball|p1a: big dogs
|-resisted|p1a: big dogs
|-damage|p1a: big dogs|321\/404
|
|-heal|p1a: big dogs|346\/404|[from] item: Leftovers
|turn|6
|
|move|p1a: big dogs|Substitute|p1a: big dogs
|-start|p1a: big dogs|Substitute
|-damage|p1a: big dogs|245\/404
|move|p2a: Bronzong|Toxic|p1a: big dogs
|
|-heal|p1a: big dogs|270\/404|[from] item: Leftovers
|turn|7
|
|switch|p2a: Chesnaught|Chesnaught, F|380\/380
|-damage|p2a: Chesnaught|333\/380|[from] Spikes
|move|p1a: big dogs|Calm Mind|p1a: big dogs
|-boost|p1a: big dogs|spa|1
|-boost|p1a: big dogs|spd|1
|
|-heal|p1a: big dogs|295\/404|[from] item: Leftovers
|-heal|p2a: Chesnaught|356\/380|[from] item: Leftovers
|turn|8
|
|move|p1a: big dogs|Ice Beam|p2a: Chesnaught
|-supereffective|p2a: Chesnaught
|-damage|p2a: Chesnaught|72\/380
|move|p2a: Chesnaught|Hammer Arm|p1a: big dogs
|-end|p1a: big dogs|Substitute
|-unboost|p2a: Chesnaught|spe|1
|
|-heal|p1a: big dogs|320\/404|[from] item: Leftovers
|-heal|p2a: Chesnaught|95\/380|[from] item: Leftovers
|turn|9
|
|move|p1a: big dogs|Ice Beam|p2a: Chesnaught
|-supereffective|p2a: Chesnaught
|-damage|p2a: Chesnaught|0 fnt
|faint|p2a: Chesnaught
|
|-heal|p1a: big dogs|345\/404|[from] item: Leftovers
|
|switch|p2a: Beedrill|Beedrill-Mega, F|272\/272
|-damage|p2a: Beedrill|238\/272|[from] Spikes
|turn|10
|
|switch|p1a: jej|Gligar, M|260\/333
|-damage|p1a: jej|219\/333|[from] Stealth Rock
|move|p2a: Beedrill|Poison Jab|p1a: jej
|-resisted|p1a: jej
|-damage|p1a: jej|162\/333
|
|turn|11
|
|move|p2a: Beedrill|Poison Jab|p1a: jej
|-resisted|p1a: jej
|-damage|p1a: jej|111\/333
|move|p1a: jej|U-turn|p2a: Beedrill
|-resisted|p2a: Beedrill
|-damage|p2a: Beedrill|197\/272
|
|switch|p1a: guessmence|Salamence, F|394\/394
|-damage|p1a: guessmence|296\/394|[from] Stealth Rock
|-ability|p1a: guessmence|Intimidate|[of] p2a: Beedrill
|-unboost|p2a: Beedrill|atk|1
|
|-heal|p1a: guessmence|320\/394|[from] item: Leftovers
|turn|12
|
|move|p2a: Beedrill|U-turn|p1a: guessmence
|-resisted|p1a: guessmence
|-damage|p1a: guessmence|260\/394
|
|switch|p2a: Bronzong|Bronzong|338\/338
|move|p1a: guessmence|Dragon Tail|p2a: Bronzong|[miss]
|-miss|p1a: guessmence|p2a: Bronzong
|
|-heal|p1a: guessmence|284\/394|[from] item: Leftovers
|turn|13
|
|move|p1a: guessmence|Defog|p2a: Bronzong
|-unboost|p2a: Bronzong|evasion|1
|-sideend|p2: Key|Spikes|[from] move: Defog|[of] p2a: Bronzong
|-sideend|p1: Bouff|Stealth Rock|[from] move: Defog|[of] p1a: guessmence
|move|p2a: Bronzong|Toxic|p1a: guessmence
|-status|p1a: guessmence|tox
|
|-heal|p1a: guessmence|308\/394 tox|[from] item: Leftovers
|-damage|p1a: guessmence|284\/394 tox|[from] psn
|turn|14
|
|switch|p1a: big dogs|Suicune|345\/404
|-ability|p1a: big dogs|Pressure
|move|p2a: Bronzong|Toxic|p1a: big dogs
|-status|p1a: big dogs|tox
|
|-heal|p1a: big dogs|370\/404 tox|[from] item: Leftovers
|-damage|p1a: big dogs|345\/404 tox|[from] psn
|turn|15
|
|switch|p1a: jej|Gligar, M|111\/333
|move|p2a: Bronzong|Stealth Rock|p1a: jej
|-sidestart|p1: Bouff|move: Stealth Rock
|
|turn|16
|
|switch|p2a: Suicune|Suicune|404\/404
|-ability|p2a: Suicune|Pressure
|move|p1a: jej|Stealth Rock|p2a: Suicune
|-sidestart|p2: Key|move: Stealth Rock
|
|turn|17
|
|move|p1a: jej|U-turn|p2a: Suicune
|-damage|p2a: Suicune|374\/404
|
|switch|p1a: boo boo|Klefki, M|318\/318
|-damage|p1a: boo boo|299\/318|[from] Stealth Rock
|move|p2a: Suicune|Scald|p1a: boo boo
|-damage|p1a: boo boo|199\/318
|
|-heal|p2a: Suicune|399\/404|[from] item: Leftovers
|-heal|p1a: boo boo|218\/318|[from] item: Leftovers
|turn|18
|
|move|p1a: boo boo|Toxic|p2a: Suicune
|-status|p2a: Suicune|tox
|move|p2a: Suicune|Calm Mind|p2a: Suicune
|-boost|p2a: Suicune|spa|1
|-boost|p2a: Suicune|spd|1
|
|-heal|p2a: Suicune|404\/404 tox|[from] item: Leftovers
|-heal|p1a: boo boo|237\/318|[from] item: Leftovers
|-damage|p2a: Suicune|379\/404 tox|[from] psn
|turn|19
|
|move|p1a: boo boo|Spikes|p2a: Suicune
|-sidestart|p2: Key|Spikes
|move|p2a: Suicune|Calm Mind|p2a: Suicune
|-boost|p2a: Suicune|spa|1
|-boost|p2a: Suicune|spd|1
|
|-heal|p2a: Suicune|404\/404 tox|[from] item: Leftovers
|-heal|p1a: boo boo|256\/318|[from] item: Leftovers
|-damage|p2a: Suicune|354\/404 tox|[from] psn
|turn|20
|
|switch|p1a: guessmence|Salamence, F|284\/394 tox
|-damage|p1a: guessmence|186\/394 tox|[from] Stealth Rock
|-ability|p1a: guessmence|Intimidate|[of] p2a: Suicune
|-unboost|p2a: Suicune|atk|1
|move|p2a: Suicune|Rest|p2a: Suicune
|-status|p2a: Suicune|slp
|-heal|p2a: Suicune|404\/404 slp|[silent]
|-status|p2a: Suicune|slp|[from] move: Rest
|
|-heal|p1a: guessmence|210\/394 tox|[from] item: Leftovers
|-damage|p1a: guessmence|186\/394 tox|[from] psn
|turn|21
|
|move|p1a: guessmence|Roost|p1a: guessmence
|-heal|p1a: guessmence|383\/394 tox
|cant|p2a: Suicune|slp
|move|p2a: Suicune|Sleep Talk|p2a: Suicune
|move|p2a: Suicune|Calm Mind|p2a: Suicune|[from]Sleep Talk
|-boost|p2a: Suicune|spa|1
|-boost|p2a: Suicune|spd|1
|
|-heal|p1a: guessmence|394\/394 tox|[from] item: Leftovers
|-damage|p1a: guessmence|346\/394 tox|[from] psn
|turn|22
|
|cant|p2a: Suicune|slp
|move|p2a: Suicune|Sleep Talk|p2a: Suicune
|move|p2a: Suicune|Scald|p1a: guessmence|[from]Sleep Talk
|-resisted|p1a: guessmence
|-damage|p1a: guessmence|219\/394 tox
|move|p1a: guessmence|Dragon Tail|p2a: Suicune
|-damage|p2a: Suicune|343\/404 slp
|drag|p2a: Volcarona|Volcarona, F|312\/312
|-damage|p2a: Volcarona|156\/312|[from] Stealth Rock
|-damage|p2a: Volcarona|117\/312|[from] Spikes
|
|-heal|p1a: guessmence|243\/394 tox|[from] item: Leftovers
|-damage|p1a: guessmence|171\/394 tox|[from] psn
|turn|23
|
|move|p2a: Volcarona|Fiery Dance|p1a: guessmence
|-resisted|p1a: guessmence
|-damage|p1a: guessmence|55\/394 tox
|-boost|p2a: Volcarona|spa|1
|-damage|p2a: Volcarona|86\/312|[from] item: Life Orb
|move|p1a: guessmence|Dragon Tail|p2a: Volcarona
|-damage|p2a: Volcarona|0 fnt
|faint|p2a: Volcarona
|
|-heal|p1a: guessmence|79\/394 tox|[from] item: Leftovers
|-damage|p1a: guessmence|0 fnt|[from] psn
|faint|p1a: guessmence
|
|switch|p2a: Salamence|Salamence, F|393\/393
|switch|p1a: furry|Umbreon, F|394\/394
|-damage|p2a: Salamence|295\/393|[from] Stealth Rock
|-ability|p2a: Salamence|Intimidate|[of] p1a: furry
|-unboost|p1a: furry|atk|1
|-damage|p1a: furry|345\/394|[from] Stealth Rock
|turn|24
|
|move|p2a: Salamence|Defog|p1a: furry
|-unboost|p1a: furry|evasion|1
|-sideend|p1: Bouff|Stealth Rock|[from] move: Defog|[of] p1a: furry
|-sideend|p2: Key|Spikes|[from] move: Defog|[of] p2a: Salamence
|-sideend|p2: Key|Stealth Rock|[from] move: Defog|[of] p2a: Salamence
|move|p1a: furry|Heal Bell|p1a: furry
|-cureteam|p1a: furry|[from] move: HealBell
|
|-heal|p2a: Salamence|319\/393|[from] item: Leftovers
|-heal|p1a: furry|369\/394|[from] item: Leftovers
|turn|25
|
|move|p2a: Salamence|Toxic|p1a: furry
|-status|p1a: furry|tox
|-status|p2a: Salamence|tox
|move|p1a: furry|Wish|p1a: furry
|
|-heal|p2a: Salamence|343\/393 tox|[from] item: Leftovers
|-heal|p1a: furry|393\/394 tox|[from] item: Leftovers
|-damage|p2a: Salamence|319\/393 tox|[from] psn
|-damage|p1a: furry|369\/394 tox|[from] psn
|turn|26
|
|switch|p1a: jej|Gligar, M|111\/333
|move|p2a: Salamence|Toxic|p1a: jej
|-fail|p1a: jej
|
|-heal|p1a: jej|308\/333|[from] move: Wish|[wisher] furry
|-heal|p2a: Salamence|343\/393 tox|[from] item: Leftovers
|-damage|p2a: Salamence|295\/393 tox|[from] psn
|turn|27
|
|switch|p2a: Suicune|Suicune|343\/404 slp
|-ability|p2a: Suicune|Pressure
|move|p1a: jej|U-turn|p2a: Suicune
|-damage|p2a: Suicune|313\/404 slp
|
|switch|p1a: shitty wife|Lopunny, M|272\/272
|
|-heal|p2a: Suicune|338\/404 slp|[from] item: Leftovers
|turn|28
|c|âBouff|oops!!
|
|switch|p2a: Bronzong|Bronzong|338\/338
|detailschange|p1a: shitty wife|Lopunny-Mega, M
|message|Lopunny has Mega Evolved into Mega Lopunny!
|move|p1a: shitty wife|Return|p2a: Bronzong
|-resisted|p2a: Bronzong
|-damage|p2a: Bronzong|250\/338
|
|-heal|p2a: Bronzong|271\/338|[from] item: Leftovers
|turn|29
|
|move|p1a: shitty wife|High Jump Kick|p2a: Bronzong
|-damage|p2a: Bronzong|58\/338
|move|p2a: Bronzong|Stealth Rock|p1a: shitty wife
|-sidestart|p1: Bouff|move: Stealth Rock
|
|-heal|p2a: Bronzong|79\/338|[from] item: Leftovers
|turn|30
|
|move|p2a: Bronzong|Protect|p2a: Bronzong
|-singleturn|p2a: Bronzong|Protect
|move|p1a: shitty wife|High Jump Kick|p2a: Bronzong
|-activate|p2a: Bronzong|Protect
|-damage|p1a: shitty wife|136\/272|[from] highjumpkick
|
|-heal|p2a: Bronzong|100\/338|[from] item: Leftovers
|turn|31
|c|âBouff|ah
|
|move|p2a: Bronzong|Protect|p2a: Bronzong
|-fail|p2a: Bronzong
|move|p1a: shitty wife|High Jump Kick|p2a: Bronzong
|-damage|p2a: Bronzong|0 fnt
|faint|p2a: Bronzong
|
|
|switch|p2a: Beedrill|Beedrill-Mega, F|197\/272
|turn|32
|
|switch|p1a: jej|Gligar, M|308\/333
|-damage|p1a: jej|267\/333|[from] Stealth Rock
|move|p2a: Beedrill|U-turn|p1a: jej
|-resisted|p1a: jej
|-damage|p1a: jej|215\/333
|
|switch|p2a: Suicune|Suicune|338\/404 slp
|-ability|p2a: Suicune|Pressure
|
|-heal|p2a: Suicune|363\/404 slp|[from] item: Leftovers
|turn|33
|
|move|p1a: jej|U-turn|p2a: Suicune
|-damage|p2a: Suicune|336\/404 slp
|
|switch|p1a: big dogs|Suicune|345\/404
|-damage|p1a: big dogs|295\/404|[from] Stealth Rock
|-ability|p1a: big dogs|Pressure
|-curestatus|p2a: Suicune|slp
|move|p2a: Suicune|Calm Mind|p2a: Suicune
|-boost|p2a: Suicune|spa|1
|-boost|p2a: Suicune|spd|1
|
|-heal|p1a: big dogs|320\/404|[from] item: Leftovers
|-heal|p2a: Suicune|361\/404|[from] item: Leftovers
|turn|34
|
|move|p2a: Suicune|Scald|p1a: big dogs
|-resisted|p1a: big dogs
|-damage|p1a: big dogs|266\/404
|move|p1a: big dogs|Substitute|p1a: big dogs
|-start|p1a: big dogs|Substitute
|-damage|p1a: big dogs|165\/404
|
|-heal|p2a: Suicune|386\/404|[from] item: Leftovers
|-heal|p1a: big dogs|190\/404|[from] item: Leftovers
|turn|35
|
|move|p1a: big dogs|Calm Mind|p1a: big dogs
|-boost|p1a: big dogs|spa|1
|-boost|p1a: big dogs|spd|1
|move|p2a: Suicune|Calm Mind|p2a: Suicune
|-boost|p2a: Suicune|spa|1
|-boost|p2a: Suicune|spd|1
|
|-heal|p2a: Suicune|404\/404|[from] item: Leftovers
|-heal|p1a: big dogs|215\/404|[from] item: Leftovers
|turn|36
|
|move|p2a: Suicune|Calm Mind|p2a: Suicune
|-boost|p2a: Suicune|spa|1
|-boost|p2a: Suicune|spd|1
|move|p1a: big dogs|Calm Mind|p1a: big dogs
|-boost|p1a: big dogs|spa|1
|-boost|p1a: big dogs|spd|1
|
|-heal|p1a: big dogs|240\/404|[from] item: Leftovers
|turn|37
|
|move|p2a: Suicune|Calm Mind|p2a: Suicune
|-boost|p2a: Suicune|spa|1
|-boost|p2a: Suicune|spd|1
|move|p1a: big dogs|Calm Mind|p1a: big dogs
|-boost|p1a: big dogs|spa|1
|-boost|p1a: big dogs|spd|1
|
|-heal|p1a: big dogs|265\/404|[from] item: Leftovers
|turn|38
|
|move|p1a: big dogs|Calm Mind|p1a: big dogs
|-boost|p1a: big dogs|spa|1
|-boost|p1a: big dogs|spd|1
|move|p2a: Suicune|Calm Mind|p2a: Suicune
|-boost|p2a: Suicune|spa|1
|-boost|p2a: Suicune|spd|1
|
|-heal|p1a: big dogs|290\/404|[from] item: Leftovers
|turn|39
|
|move|p2a: Suicune|Calm Mind|p2a: Suicune
|-boost|p2a: Suicune|spa|1
|-boost|p2a: Suicune|spd|1
|move|p1a: big dogs|Calm Mind|p1a: big dogs
|-boost|p1a: big dogs|spa|1
|-boost|p1a: big dogs|spd|1
|
|-heal|p1a: big dogs|315\/404|[from] item: Leftovers
|turn|40
|
|move|p1a: big dogs|Calm Mind|p1a: big dogs
|-boost|p1a: big dogs|spa|1
|-boost|p1a: big dogs|spd|1
|move|p2a: Suicune|Scald|p1a: big dogs
|-resisted|p1a: big dogs
|-activate|p1a: big dogs|Substitute|[damage]
|
|-heal|p1a: big dogs|340\/404|[from] item: Leftovers
|turn|41
|
|move|p2a: Suicune|Scald|p1a: big dogs
|-resisted|p1a: big dogs
|-activate|p1a: big dogs|Substitute|[damage]
|move|p1a: big dogs|Calm Mind|p1a: big dogs
|-fail|p1a: big dogs
|
|-heal|p1a: big dogs|365\/404|[from] item: Leftovers
|turn|42
|
|move|p1a: big dogs|Substitute|p1a: big dogs
|-fail|p1a: big dogs|move: Substitute
|move|p2a: Suicune|Scald|p1a: big dogs
|-resisted|p1a: big dogs
|-end|p1a: big dogs|Substitute
|
|-heal|p1a: big dogs|390\/404|[from] item: Leftovers
|turn|43
|
|move|p2a: Suicune|Scald|p1a: big dogs
|-resisted|p1a: big dogs
|-damage|p1a: big dogs|351\/404
|move|p1a: big dogs|Substitute|p1a: big dogs
|-start|p1a: big dogs|Substitute
|-damage|p1a: big dogs|250\/404
|
|-heal|p1a: big dogs|275\/404|[from] item: Leftovers
|turn|44
|
|move|p1a: big dogs|Calm Mind|p1a: big dogs
|-fail|p1a: big dogs
|move|p2a: Suicune|Scald|p1a: big dogs
|-resisted|p1a: big dogs
|-activate|p1a: big dogs|Substitute|[damage]
|
|-heal|p1a: big dogs|300\/404|[from] item: Leftovers
|turn|45
|
|move|p1a: big dogs|Calm Mind|p1a: big dogs
|-fail|p1a: big dogs
|move|p2a: Suicune|Scald|p1a: big dogs
|-resisted|p1a: big dogs
|-activate|p1a: big dogs|Substitute|[damage]
|
|-heal|p1a: big dogs|325\/404|[from] item: Leftovers
|turn|46
|
|move|p2a: Suicune|Scald|p1a: big dogs
|-resisted|p1a: big dogs
|-end|p1a: big dogs|Substitute
|move|p1a: big dogs|Calm Mind|p1a: big dogs
|-fail|p1a: big dogs
|
|-heal|p1a: big dogs|350\/404|[from] item: Leftovers
|turn|47
|
|move|p2a: Suicune|Scald|p1a: big dogs
|-resisted|p1a: big dogs
|-damage|p1a: big dogs|311\/404
|-status|p1a: big dogs|brn
|move|p1a: big dogs|Substitute|p1a: big dogs
|-start|p1a: big dogs|Substitute
|-damage|p1a: big dogs|210\/404 brn
|
|-heal|p1a: big dogs|235\/404 brn|[from] item: Leftovers
|-damage|p1a: big dogs|185\/404 brn|[from] brn
|turn|48
|c|âBouff|fug
|
|move|p2a: Suicune|Calm Mind|p2a: Suicune
|-fail|p2a: Suicune
|move|p1a: big dogs|Calm Mind|p1a: big dogs
|-fail|p1a: big dogs
|
|-heal|p1a: big dogs|210\/404 brn|[from] item: Leftovers
|-damage|p1a: big dogs|160\/404 brn|[from] brn
|turn|49
|c|âBouff|g_GG
|c|âBouff|kinda had to hope not to get burned but w\/e
|c|âKey|yea
|c|âKey|was in your favor
|c|âBouff|are u running lochies spread btw
|c|âKey|had to get the right speed tie
|c|âKey|and burn
|join|Matthew Marshall
|c|âKey|uh
|c|âKey|no special spread
|c|âKey|just max max
|c|âBouff|cause i just took it off him lol
|leave|Matthew Marshall
|c|âBouff|im running like 148 but w\/e
|c|âBouff|gg
|-message|Bouff forfeited.
|
|win|Key
|raw|Ladder updating...
|leave|Bouff
|player|p1
|raw|Bouff's rating: 1443 &rarr; <strong>1422<\/strong><br \/>(-21 for losing)
|raw|Key's rating: 1431 &rarr; <strong>1452<\/strong><br \/>(+21 for winning)