|join|Key
|join|sweg in the beg
|player|p1|Key|169
|player|p2|sweg in the beg|265
|gametype|singles
|gen|6
|tier|UU
|rated
|rule|Sleep Clause Mod: Limit one foe put to sleep
|rule|Species Clause: Limit one of each PokÃ©mon
|rule|OHKO Clause: OHKO moves are banned
|rule|Moody Clause: Moody is banned
|rule|Evasion Moves Clause: Evasion moves are banned
|rule|Endless Battle Clause: Forcing endless battles is banned
|rule|HP Percentage Mod: HP is shown in percentages
|clearpoke
|poke|p1|Rhyperior, M
|poke|p1|Beedrill, M
|poke|p1|Suicune
|poke|p1|Volcarona, F
|poke|p1|Salamence, F
|poke|p1|Shaymin
|poke|p2|Zygarde
|poke|p2|Honchkrow, M
|poke|p2|Snorlax, M
|poke|p2|Omastar, M
|poke|p2|Aggron, F
|poke|p2|Trevenant, M
|rule|Swagger Clause: Swagger is banned
|rule|Baton Pass Clause: Limit one PokÃ©mon knowing Baton Pass
|teampreview
|join|THROWBACK
|
|start
|switch|p1a: Beedrill|Beedrill, M|272\/272
|switch|p2a: Omastar|Omastar, M|344\/344
|turn|1
|join|pokeaim
|
|detailschange|p1a: Beedrill|Beedrill-Mega, M
|message|Beedrill has Mega Evolved into Mega Beedrill!
|move|p1a: Beedrill|U-turn|p2a: Omastar
|-damage|p2a: Omastar|214\/344
|-boost|p2a: Omastar|spe|1|[from] ability: Weak Armor
|-unboost|p2a: Omastar|def|1|[from] ability: Weak Armor
|
|switch|p1a: Shaymin|Shaymin|341\/341
|move|p2a: Omastar|Stealth Rock|p1a: Shaymin
|-sidestart|p1: Key|move: Stealth Rock
|
|turn|2
|
|switch|p2a: Snorlax|Snorlax, M|524\/524
|move|p1a: Shaymin|Seed Flare|p2a: Snorlax
|-damage|p2a: Snorlax|349\/524
|-unboost|p2a: Snorlax|spd|2
|
|-heal|p2a: Snorlax|381\/524|[from] item: Leftovers
|turn|3
|
|switch|p2a: Honchkrow|Honchkrow, M|342\/342
|move|p1a: Shaymin|Seed Flare|p2a: Honchkrow|[miss]
|-miss|p1a: Shaymin|p2a: Honchkrow
|
|turn|4
|
|switch|p1a: Rhyperior|Rhyperior, M|434\/434
|-damage|p1a: Rhyperior|407\/434|[from] Stealth Rock
|switch|p2a: Omastar|Omastar, M|214\/344
|
|-heal|p1a: Rhyperior|434\/434|[from] item: Leftovers
|turn|5
|
|move|p2a: Omastar|Spikes|p1a: Rhyperior
|-sidestart|p1: Key|Spikes
|move|p1a: Rhyperior|Earthquake|p2a: Omastar
|-supereffective|p2a: Omastar
|-damage|p2a: Omastar|10\/344
|-boost|p2a: Omastar|spe|1|[from] ability: Weak Armor
|-unboost|p2a: Omastar|def|1|[from] ability: Weak Armor
|
|turn|6
|join|Lord Moet II
|
|move|p2a: Omastar|Scald|p1a: Rhyperior
|-supereffective|p1a: Rhyperior
|-damage|p1a: Rhyperior|125\/434
|move|p1a: Rhyperior|Earthquake|p2a: Omastar
|-supereffective|p2a: Omastar
|-damage|p2a: Omastar|0 fnt
|faint|p2a: Omastar
|
|-heal|p1a: Rhyperior|152\/434|[from] item: Leftovers
|
|switch|p2a: Trevenant|Trevenant, M|374\/374
|turn|7
|
|switch|p1a: Salamence|Salamence, F|393\/393
|-damage|p1a: Salamence|295\/393|[from] Stealth Rock
|-ability|p1a: Salamence|Intimidate|[of] p2a: Trevenant
|-unboost|p2a: Trevenant|atk|1
|move|p2a: Trevenant|Horn Leech|p1a: Salamence
|-resisted|p1a: Salamence
|-damage|p1a: Salamence|283\/393
|
|-heal|p1a: Salamence|307\/393|[from] item: Leftovers
|turn|8
|
|move|p1a: Salamence|Defog|p2a: Trevenant
|-unboost|p2a: Trevenant|evasion|1
|-sideend|p1: Key|Spikes|[from] move: Defog|[of] p1a: Salamence
|-sideend|p1: Key|Stealth Rock|[from] move: Defog|[of] p1a: Salamence
|move|p2a: Trevenant|Will-O-Wisp|p1a: Salamence|[miss]
|-miss|p2a: Trevenant|p1a: Salamence
|
|-heal|p1a: Salamence|331\/393|[from] item: Leftovers
|turn|9
|
|switch|p1a: Volcarona|Volcarona, F|310\/310
|move|p2a: Trevenant|Leech Seed|p1a: Volcarona
|-start|p1a: Volcarona|move: Leech Seed
|
|-damage|p1a: Volcarona|272\/310|[from] Leech Seed|[of] p2a: Trevenant
|turn|10
|
|switch|p2a: Snorlax|Snorlax, M|381\/524
|move|p1a: Volcarona|Fiery Dance|p2a: Snorlax
|-damage|p2a: Snorlax|330\/524
|
|-heal|p1a: Volcarona|291\/310|[from] item: Leftovers
|-heal|p2a: Snorlax|362\/524|[from] item: Leftovers
|-damage|p1a: Volcarona|253\/310|[from] Leech Seed|[of] p2a: Snorlax
|-heal|p2a: Snorlax|400\/524|[silent]
|turn|11
|
|switch|p1a: Beedrill|Beedrill-Mega, M|272\/272
|move|p2a: Snorlax|Body Slam|p1a: Beedrill
|-damage|p1a: Beedrill|32\/272
|
|-heal|p2a: Snorlax|432\/524|[from] item: Leftovers
|turn|12
|
|switch|p2a: Aggron|Aggron, F|344\/344
|move|p1a: Beedrill|U-turn|p2a: Aggron
|-resisted|p2a: Aggron
|-damage|p2a: Aggron|298\/344
|
|switch|p1a: Suicune|Suicune|404\/404
|-ability|p1a: Suicune|Pressure
|
|turn|13
|
|switch|p2a: Trevenant|Trevenant, M|374\/374
|move|p1a: Suicune|Calm Mind|p1a: Suicune
|-boost|p1a: Suicune|spa|1
|-boost|p1a: Suicune|spd|1
|
|turn|14
|
|move|p1a: Suicune|Scald|p2a: Trevenant
|-resisted|p2a: Trevenant
|-damage|p2a: Trevenant|300\/374
|move|p2a: Trevenant|Leech Seed|p1a: Suicune|[miss]
|-miss|p2a: Trevenant|p1a: Suicune
|
|-heal|p2a: Trevenant|323\/374|[from] item: Leftovers
|turn|15
|
|move|p1a: Suicune|Scald|p2a: Trevenant
|-resisted|p2a: Trevenant
|-damage|p2a: Trevenant|251\/374
|move|p2a: Trevenant|Leech Seed|p1a: Suicune
|-start|p1a: Suicune|move: Leech Seed
|
|-heal|p2a: Trevenant|274\/374|[from] item: Leftovers
|-damage|p1a: Suicune|354\/404|[from] Leech Seed|[of] p2a: Trevenant
|-heal|p2a: Trevenant|324\/374|[silent]
|turn|16
|
|switch|p1a: Volcarona|Volcarona, F|253\/310
|move|p2a: Trevenant|Horn Leech|p1a: Volcarona
|-resisted|p1a: Volcarona
|-damage|p1a: Volcarona|217\/310
|-heal|p2a: Trevenant|342\/374|[from] drain|[of] p1a: Volcarona
|
|-heal|p1a: Volcarona|236\/310|[from] item: Leftovers
|-heal|p2a: Trevenant|365\/374|[from] item: Leftovers
|turn|17
|join|blarghlfarghl
|
|switch|p1a: Beedrill|Beedrill-Mega, M|32\/272
|switch|p2a: Snorlax|Snorlax, M|432\/524
|
|-heal|p2a: Snorlax|464\/524|[from] item: Leftovers
|turn|18
|
|switch|p2a: Aggron|Aggron, F|298\/344
|move|p1a: Beedrill|U-turn|p2a: Aggron
|-resisted|p2a: Aggron
|-damage|p2a: Aggron|251\/344
|leave|blarghlfarghl
|
|switch|p1a: Suicune|Suicune|354\/404
|-ability|p1a: Suicune|Pressure
|
|-heal|p1a: Suicune|379\/404|[from] item: Leftovers
|turn|19
|
|switch|p2a: Trevenant|Trevenant, M|365\/374
|move|p1a: Suicune|Scald|p2a: Trevenant
|-resisted|p2a: Trevenant
|-damage|p2a: Trevenant|313\/374
|
|-heal|p1a: Suicune|404\/404|[from] item: Leftovers
|-heal|p2a: Trevenant|336\/374|[from] item: Leftovers
|turn|20
|
|move|p1a: Suicune|Scald|p2a: Trevenant
|-resisted|p2a: Trevenant
|-damage|p2a: Trevenant|287\/374
|move|p2a: Trevenant|Leech Seed|p1a: Suicune
|-start|p1a: Suicune|move: Leech Seed
|
|-heal|p2a: Trevenant|310\/374|[from] item: Leftovers
|-damage|p1a: Suicune|354\/404|[from] Leech Seed|[of] p2a: Trevenant
|-heal|p2a: Trevenant|360\/374|[silent]
|turn|21
|
|switch|p1a: Shaymin|Shaymin|341\/341
|move|p2a: Trevenant|Leech Seed|p1a: Shaymin
|-immune|p1a: Shaymin|[msg]
|
|-heal|p2a: Trevenant|374\/374|[from] item: Leftovers
|turn|22
|
|move|p1a: Shaymin|Seed Flare|p2a: Trevenant
|-resisted|p2a: Trevenant
|-damage|p2a: Trevenant|209\/374
|-unboost|p2a: Trevenant|spd|2
|move|p2a: Trevenant|Will-O-Wisp|p1a: Shaymin
|-status|p1a: Shaymin|brn
|
|-heal|p2a: Trevenant|232\/374|[from] item: Leftovers
|-damage|p1a: Shaymin|299\/341 brn|[from] brn
|turn|23
|
|switch|p2a: Snorlax|Snorlax, M|464\/524
|move|p1a: Shaymin|Seed Flare|p2a: Snorlax
|-crit|p2a: Snorlax
|-damage|p2a: Snorlax|191\/524
|
|-heal|p2a: Snorlax|223\/524|[from] item: Leftovers
|-damage|p1a: Shaymin|257\/341 brn|[from] brn
|turn|24
|
|move|p1a: Shaymin|Seed Flare|p2a: Snorlax
|-damage|p2a: Snorlax|42\/524
|-unboost|p2a: Snorlax|spd|2
|move|p2a: Snorlax|Rest|p2a: Snorlax
|-status|p2a: Snorlax|slp
|-heal|p2a: Snorlax|524\/524 slp|[silent]
|-status|p2a: Snorlax|slp|[from] move: Rest
|
|-damage|p1a: Shaymin|215\/341 brn|[from] brn
|turn|25
|
|switch|p2a: Honchkrow|Honchkrow, M|342\/342
|move|p1a: Shaymin|Seed Flare|p2a: Honchkrow
|-resisted|p2a: Honchkrow
|-damage|p2a: Honchkrow|129\/342
|-unboost|p2a: Honchkrow|spd|2
|
|-damage|p1a: Shaymin|173\/341 brn|[from] brn
|turn|26
|
|switch|p1a: Salamence|Salamence, F|331\/393
|-ability|p1a: Salamence|Intimidate|[of] p2a: Honchkrow
|-unboost|p2a: Honchkrow|atk|1
|move|p2a: Honchkrow|Sucker Punch|p1a: Salamence
|-fail|p1a: Salamence
|
|-heal|p1a: Salamence|355\/393|[from] item: Leftovers
|turn|27
|
|switch|p2a: Aggron|Aggron, F|251\/344
|move|p1a: Salamence|Dragon Claw|p2a: Aggron
|-resisted|p2a: Aggron
|-damage|p2a: Aggron|221\/344
|
|-heal|p1a: Salamence|379\/393|[from] item: Leftovers
|turn|28
|
|switch|p1a: Volcarona|Volcarona, F|236\/310
|detailschange|p2a: Aggron|Aggron-Mega, F
|message|Aggron has Mega Evolved into Mega Aggron!
|move|p2a: Aggron|Heavy Slam|p1a: Volcarona
|-resisted|p1a: Volcarona
|-damage|p1a: Volcarona|97\/310
|-status|p2a: Aggron|brn
|
|-heal|p1a: Volcarona|116\/310|[from] item: Leftovers
|-damage|p2a: Aggron|178\/344 brn|[from] brn
|turn|29
|
|switch|p2a: Zygarde|Zygarde|420\/420
|-ability|p2a: Zygarde|Aura Break
|move|p1a: Volcarona|Quiver Dance|p1a: Volcarona
|-boost|p1a: Volcarona|spa|1
|-boost|p1a: Volcarona|spd|1
|-boost|p1a: Volcarona|spe|1
|
|-heal|p1a: Volcarona|135\/310|[from] item: Leftovers
|turn|30
|
|move|p1a: Volcarona|Bug Buzz|p2a: Zygarde
|-damage|p2a: Zygarde|249\/420
|move|p2a: Zygarde|Dragon Tail|p1a: Volcarona
|-damage|p1a: Volcarona|27\/310
|-status|p2a: Zygarde|brn
|drag|p1a: Rhyperior|Rhyperior, M|152\/434
|
|-heal|p2a: Zygarde|275\/420 brn|[from] item: Leftovers
|-heal|p1a: Rhyperior|179\/434|[from] item: Leftovers
|-damage|p2a: Zygarde|223\/420 brn|[from] brn
|turn|31
|
|move|p2a: Zygarde|Rest|p2a: Zygarde
|-status|p2a: Zygarde|slp
|-heal|p2a: Zygarde|420\/420 slp|[silent]
|-status|p2a: Zygarde|slp|[from] move: Rest
|move|p1a: Rhyperior|Stealth Rock|p2a: Zygarde
|-sidestart|p2: sweg in the beg|move: Stealth Rock
|
|-heal|p1a: Rhyperior|206\/434|[from] item: Leftovers
|turn|32
|
|switch|p1a: Shaymin|Shaymin|173\/341
|cant|p2a: Zygarde|slp
|move|p2a: Zygarde|Sleep Talk|p2a: Zygarde
|move|p2a: Zygarde|Rest|p2a: Zygarde|[from]Sleep Talk
|-fail|p2a: Zygarde
|
|turn|33
|
|move|p1a: Shaymin|Seed Flare|p2a: Zygarde|[miss]
|-miss|p1a: Shaymin|p2a: Zygarde
|cant|p2a: Zygarde|slp
|move|p2a: Zygarde|Sleep Talk|p2a: Zygarde
|move|p2a: Zygarde|Dragon Tail|p1a: Shaymin|[from]Sleep Talk
|-damage|p1a: Shaymin|103\/341
|drag|p1a: Suicune|Suicune|354\/404
|-ability|p1a: Suicune|Pressure
|
|-heal|p1a: Suicune|379\/404|[from] item: Leftovers
|turn|34
|
|-curestatus|p2a: Zygarde|slp
|move|p2a: Zygarde|Coil|p2a: Zygarde
|-boost|p2a: Zygarde|atk|1
|-boost|p2a: Zygarde|def|1
|-boost|p2a: Zygarde|accuracy|1
|move|p1a: Suicune|Calm Mind|p1a: Suicune
|-boost|p1a: Suicune|spa|1
|-boost|p1a: Suicune|spd|1
|
|-heal|p1a: Suicune|404\/404|[from] item: Leftovers
|turn|35
|
|move|p1a: Suicune|Scald|p2a: Zygarde
|-damage|p2a: Zygarde|326\/420
|move|p2a: Zygarde|Dragon Tail|p1a: Suicune
|-damage|p1a: Suicune|334\/404
|drag|p1a: Beedrill|Beedrill-Mega, M|32\/272
|
|-heal|p2a: Zygarde|352\/420|[from] item: Leftovers
|turn|36
|
|switch|p1a: Shaymin|Shaymin|103\/341
|move|p2a: Zygarde|Dragon Tail|p1a: Shaymin
|-damage|p1a: Shaymin|1\/341
|drag|p1a: Salamence|Salamence, F|379\/393
|-ability|p1a: Salamence|Intimidate|[of] p2a: Zygarde
|-unboost|p2a: Zygarde|atk|1
|
|-heal|p1a: Salamence|393\/393|[from] item: Leftovers
|-heal|p2a: Zygarde|378\/420|[from] item: Leftovers
|turn|37
|
|move|p1a: Salamence|Dragon Claw|p2a: Zygarde
|-supereffective|p2a: Zygarde
|-damage|p2a: Zygarde|226\/420
|move|p2a: Zygarde|Dragon Tail|p1a: Salamence
|-supereffective|p1a: Salamence
|-damage|p1a: Salamence|277\/393
|drag|p1a: Rhyperior|Rhyperior, M|206\/434
|
|-heal|p2a: Zygarde|252\/420|[from] item: Leftovers
|-heal|p1a: Rhyperior|233\/434|[from] item: Leftovers
|turn|38
|
|move|p2a: Zygarde|Coil|p2a: Zygarde
|-boost|p2a: Zygarde|atk|1
|-boost|p2a: Zygarde|def|1
|-boost|p2a: Zygarde|accuracy|1
|move|p1a: Rhyperior|Roar|p2a: Zygarde
|drag|p2a: Aggron|Aggron-Mega, F|178\/344 brn
|-damage|p2a: Aggron|157\/344 brn|[from] Stealth Rock
|
|-heal|p1a: Rhyperior|260\/434|[from] item: Leftovers
|-damage|p2a: Aggron|114\/344 brn|[from] brn
|turn|39
|
|move|p2a: Aggron|Rest|p2a: Aggron
|-status|p2a: Aggron|slp
|-heal|p2a: Aggron|344\/344 slp|[silent]
|-status|p2a: Aggron|slp|[from] move: Rest
|move|p1a: Rhyperior|Earthquake|p2a: Aggron
|-supereffective|p2a: Aggron
|-damage|p2a: Aggron|254\/344 slp
|
|-heal|p1a: Rhyperior|287\/434|[from] item: Leftovers
|turn|40
|
|cant|p2a: Aggron|slp
|move|p2a: Aggron|Sleep Talk|p2a: Aggron
|move|p2a: Aggron|Roar|p1a: Rhyperior|[from]Sleep Talk
|drag|p1a: Volcarona|Volcarona, F|27\/310
|
|-heal|p1a: Volcarona|46\/310|[from] item: Leftovers
|turn|41
|
|switch|p1a: Beedrill|Beedrill-Mega, M|32\/272
|cant|p2a: Aggron|slp
|move|p2a: Aggron|Sleep Talk|p2a: Aggron
|move|p2a: Aggron|Heavy Slam|p1a: Beedrill|[from]Sleep Talk
|-damage|p1a: Beedrill|0 fnt
|faint|p1a: Beedrill
|
|
|switch|p1a: Volcarona|Volcarona, F|46\/310
|turn|42
|
|switch|p2a: Zygarde|Zygarde|252\/420
|-damage|p2a: Zygarde|226\/420|[from] Stealth Rock
|-ability|p2a: Zygarde|Aura Break
|move|p1a: Volcarona|Bug Buzz|p2a: Zygarde
|-damage|p2a: Zygarde|105\/420
|
|-heal|p1a: Volcarona|65\/310|[from] item: Leftovers
|-heal|p2a: Zygarde|131\/420|[from] item: Leftovers
|turn|43
|
|move|p1a: Volcarona|Bug Buzz|p2a: Zygarde
|-damage|p2a: Zygarde|0 fnt
|faint|p2a: Zygarde
|
|-heal|p1a: Volcarona|84\/310|[from] item: Leftovers
|
|switch|p2a: Honchkrow|Honchkrow, M|129\/342
|-damage|p2a: Honchkrow|44\/342|[from] Stealth Rock
|turn|44
|
|switch|p1a: Salamence|Salamence, F|277\/393
|-ability|p1a: Salamence|Intimidate|[of] p2a: Honchkrow
|-unboost|p2a: Honchkrow|atk|1
|move|p2a: Honchkrow|Roost|p2a: Honchkrow
|-heal|p2a: Honchkrow|215\/342
|
|-heal|p1a: Salamence|301\/393|[from] item: Leftovers
|turn|45
|
|switch|p2a: Aggron|Aggron-Mega, F|254\/344 slp
|-damage|p2a: Aggron|233\/344 slp|[from] Stealth Rock
|move|p1a: Salamence|Dragon Claw|p2a: Aggron
|-resisted|p2a: Aggron
|-damage|p2a: Aggron|210\/344 slp
|
|-heal|p1a: Salamence|325\/393|[from] item: Leftovers
|turn|46
|
|switch|p1a: Suicune|Suicune|334\/404
|-ability|p1a: Suicune|Pressure
|-curestatus|p2a: Aggron|slp
|move|p2a: Aggron|Sleep Talk|p2a: Aggron
|-fail|p2a: Aggron
|
|-heal|p1a: Suicune|359\/404|[from] item: Leftovers
|turn|47
|
|switch|p2a: Trevenant|Trevenant, M|232\/374
|-damage|p2a: Trevenant|186\/374|[from] Stealth Rock
|move|p1a: Suicune|Scald|p2a: Trevenant
|-resisted|p2a: Trevenant
|-damage|p2a: Trevenant|131\/374
|
|-heal|p1a: Suicune|384\/404|[from] item: Leftovers
|-heal|p2a: Trevenant|154\/374|[from] item: Leftovers
|turn|48
|
|switch|p1a: Volcarona|Volcarona, F|84\/310
|move|p2a: Trevenant|Rest|p2a: Trevenant
|-status|p2a: Trevenant|slp
|-heal|p2a: Trevenant|374\/374 slp|[silent]
|-status|p2a: Trevenant|slp|[from] move: Rest
|
|-heal|p1a: Volcarona|103\/310|[from] item: Leftovers
|turn|49
|
|switch|p2a: Snorlax|Snorlax, M|524\/524 slp
|-damage|p2a: Snorlax|459\/524 slp|[from] Stealth Rock
|move|p1a: Volcarona|Fiery Dance|p2a: Snorlax
|-damage|p2a: Snorlax|408\/524 slp
|-boost|p1a: Volcarona|spa|1
|
|-heal|p1a: Volcarona|122\/310|[from] item: Leftovers
|-heal|p2a: Snorlax|440\/524 slp|[from] item: Leftovers
|turn|50
|
|move|p1a: Volcarona|Bug Buzz|p2a: Snorlax
|-damage|p2a: Snorlax|284\/524 slp
|cant|p2a: Snorlax|slp
|move|p2a: Snorlax|Sleep Talk|p2a: Snorlax
|move|p2a: Snorlax|Body Slam|p1a: Volcarona|[from]Sleep Talk
|-damage|p1a: Volcarona|0 fnt
|faint|p1a: Volcarona
|
|-heal|p2a: Snorlax|316\/524 slp|[from] item: Leftovers
|
|switch|p1a: Suicune|Suicune|384\/404
|-ability|p1a: Suicune|Pressure
|turn|51
|
|switch|p2a: Trevenant|Trevenant, M|374\/374
|-damage|p2a: Trevenant|328\/374|[from] Stealth Rock
|move|p1a: Suicune|Calm Mind|p1a: Suicune
|-boost|p1a: Suicune|spa|1
|-boost|p1a: Suicune|spd|1
|
|-heal|p1a: Suicune|404\/404|[from] item: Leftovers
|-heal|p2a: Trevenant|351\/374|[from] item: Leftovers
|turn|52
|
|move|p1a: Suicune|Calm Mind|p1a: Suicune
|-boost|p1a: Suicune|spa|1
|-boost|p1a: Suicune|spd|1
|move|p2a: Trevenant|Leech Seed|p1a: Suicune
|-start|p1a: Suicune|move: Leech Seed
|
|-heal|p2a: Trevenant|374\/374|[from] item: Leftovers
|-damage|p1a: Suicune|354\/404|[from] Leech Seed|[of] p2a: Trevenant
|turn|53
|
|move|p1a: Suicune|Scald|p2a: Trevenant
|-resisted|p2a: Trevenant
|-damage|p2a: Trevenant|264\/374
|move|p2a: Trevenant|Will-O-Wisp|p1a: Suicune
|-status|p1a: Suicune|brn
|
|-heal|p1a: Suicune|379\/404 brn|[from] item: Leftovers
|-heal|p2a: Trevenant|287\/374|[from] item: Leftovers
|-damage|p1a: Suicune|329\/404 brn|[from] Leech Seed|[of] p2a: Trevenant
|-heal|p2a: Trevenant|337\/374|[silent]
|-damage|p1a: Suicune|279\/404 brn|[from] brn
|turn|54
|
|move|p1a: Suicune|Scald|p2a: Trevenant
|-resisted|p2a: Trevenant
|-damage|p2a: Trevenant|241\/374
|-status|p2a: Trevenant|brn
|move|p2a: Trevenant|Horn Leech|p1a: Suicune
|-supereffective|p1a: Suicune
|-damage|p1a: Suicune|217\/404 brn
|-heal|p2a: Trevenant|272\/374 brn|[from] drain|[of] p1a: Suicune
|
|-heal|p1a: Suicune|242\/404 brn|[from] item: Leftovers
|-heal|p2a: Trevenant|295\/374 brn|[from] item: Leftovers
|-damage|p1a: Suicune|192\/404 brn|[from] Leech Seed|[of] p2a: Trevenant
|-heal|p2a: Trevenant|345\/374 brn|[silent]
|-damage|p1a: Suicune|142\/404 brn|[from] brn
|-damage|p2a: Trevenant|299\/374 brn|[from] brn
|turn|55
|
|move|p1a: Suicune|Rest|p1a: Suicune
|-status|p1a: Suicune|slp
|-heal|p1a: Suicune|404\/404 slp|[silent]
|-status|p1a: Suicune|slp|[from] move: Rest
|move|p2a: Trevenant|Horn Leech|p1a: Suicune
|-supereffective|p1a: Suicune
|-damage|p1a: Suicune|338\/404 slp
|-heal|p2a: Trevenant|332\/374 brn|[from] drain|[of] p1a: Suicune
|
|-heal|p1a: Suicune|363\/404 slp|[from] item: Leftovers
|-heal|p2a: Trevenant|355\/374 brn|[from] item: Leftovers
|-damage|p1a: Suicune|313\/404 slp|[from] Leech Seed|[of] p2a: Trevenant
|-heal|p2a: Trevenant|374\/374 brn|[silent]
|-damage|p2a: Trevenant|328\/374 brn|[from] brn
|turn|56
|
|switch|p1a: Salamence|Salamence, F|325\/393
|-ability|p1a: Salamence|Intimidate|[of] p2a: Trevenant
|-unboost|p2a: Trevenant|atk|1
|move|p2a: Trevenant|Rest|p2a: Trevenant
|-status|p2a: Trevenant|slp
|-heal|p2a: Trevenant|374\/374 slp|[silent]
|-status|p2a: Trevenant|slp|[from] move: Rest
|
|-heal|p1a: Salamence|349\/393|[from] item: Leftovers
|turn|57
|
|switch|p1a: Rhyperior|Rhyperior, M|287\/434
|switch|p2a: Aggron|Aggron-Mega, F|210\/344
|-damage|p2a: Aggron|189\/344|[from] Stealth Rock
|
|-heal|p1a: Rhyperior|314\/434|[from] item: Leftovers
|turn|58
|
|move|p2a: Aggron|Heavy Slam|p1a: Rhyperior
|-supereffective|p1a: Rhyperior
|-damage|p1a: Rhyperior|242\/434
|move|p1a: Rhyperior|Earthquake|p2a: Aggron
|-supereffective|p2a: Aggron
|-damage|p2a: Aggron|98\/344
|
|-heal|p1a: Rhyperior|269\/434|[from] item: Leftovers
|turn|59
|
|move|p2a: Aggron|Heavy Slam|p1a: Rhyperior
|-supereffective|p1a: Rhyperior
|-damage|p1a: Rhyperior|193\/434
|move|p1a: Rhyperior|Earthquake|p2a: Aggron
|-supereffective|p2a: Aggron
|-damage|p2a: Aggron|7\/344
|
|-heal|p1a: Rhyperior|220\/434|[from] item: Leftovers
|turn|60
|
|move|p2a: Aggron|Rest|p2a: Aggron
|-status|p2a: Aggron|slp
|-heal|p2a: Aggron|344\/344 slp|[silent]
|-status|p2a: Aggron|slp|[from] move: Rest
|move|p1a: Rhyperior|Earthquake|p2a: Aggron
|-supereffective|p2a: Aggron
|-damage|p2a: Aggron|250\/344 slp
|
|-heal|p1a: Rhyperior|247\/434|[from] item: Leftovers
|turn|61
|
|cant|p2a: Aggron|slp
|move|p2a: Aggron|Sleep Talk|p2a: Aggron
|move|p2a: Aggron|Heavy Slam|p1a: Rhyperior|[from]Sleep Talk
|-supereffective|p1a: Rhyperior
|-damage|p1a: Rhyperior|175\/434
|move|p1a: Rhyperior|Earthquake|p2a: Aggron
|-supereffective|p2a: Aggron
|-damage|p2a: Aggron|159\/344 slp
|
|-heal|p1a: Rhyperior|202\/434|[from] item: Leftovers
|turn|62
|
|cant|p2a: Aggron|slp
|move|p2a: Aggron|Sleep Talk|p2a: Aggron
|move|p2a: Aggron|Roar|p1a: Rhyperior|[from]Sleep Talk
|drag|p1a: Shaymin|Shaymin|1\/341
|
|turn|63
|
|move|p1a: Shaymin|Earth Power|p2a: Aggron
|-supereffective|p2a: Aggron
|-damage|p2a: Aggron|0 fnt
|faint|p2a: Aggron
|
|
|switch|p2a: Honchkrow|Honchkrow, M|215\/342
|-damage|p2a: Honchkrow|130\/342|[from] Stealth Rock
|turn|64
|
|switch|p1a: Salamence|Salamence, F|349\/393
|-ability|p1a: Salamence|Intimidate|[of] p2a: Honchkrow
|-unboost|p2a: Honchkrow|atk|1
|move|p2a: Honchkrow|Brave Bird|p1a: Salamence
|-damage|p1a: Salamence|189\/393
|-damage|p2a: Honchkrow|77\/342|[from] recoil|[of] p1a: Salamence
|-damage|p2a: Honchkrow|43\/342|[from] item: Life Orb
|
|-heal|p1a: Salamence|213\/393|[from] item: Leftovers
|turn|65
|
|move|p2a: Honchkrow|Brave Bird|p1a: Salamence
|-damage|p1a: Salamence|34\/393
|-damage|p2a: Honchkrow|0 fnt|[from] recoil|[of] p1a: Salamence
|faint|p2a: Honchkrow
|move|p1a: Salamence|Dragon Claw|p2: Honchkrow|[notarget]
|-notarget
|
|-heal|p1a: Salamence|58\/393|[from] item: Leftovers
|
|switch|p2a: Snorlax|Snorlax, M|316\/524 slp
|-damage|p2a: Snorlax|251\/524 slp|[from] Stealth Rock
|turn|66
|
|move|p1a: Salamence|Roost|p1a: Salamence
|-heal|p1a: Salamence|255\/393
|cant|p2a: Snorlax|slp
|move|p2a: Snorlax|Sleep Talk|p2a: Snorlax
|move|p2a: Snorlax|Whirlwind|p1a: Salamence|[from]Sleep Talk
|drag|p1a: Suicune|Suicune|313\/404 slp
|-ability|p1a: Suicune|Pressure
|
|-heal|p1a: Suicune|338\/404 slp|[from] item: Leftovers
|-heal|p2a: Snorlax|283\/524 slp|[from] item: Leftovers
|turn|67
|
|cant|p1a: Suicune|slp
|move|p1a: Suicune|Sleep Talk|p1a: Suicune
|move|p1a: Suicune|Scald|p2a: Snorlax|[from]Sleep Talk
|-damage|p2a: Snorlax|225\/524 slp
|-curestatus|p2a: Snorlax|slp
|move|p2a: Snorlax|Sleep Talk|p2a: Snorlax
|-fail|p2a: Snorlax
|
|-heal|p1a: Suicune|363\/404 slp|[from] item: Leftovers
|-heal|p2a: Snorlax|257\/524|[from] item: Leftovers
|turn|68
|
|switch|p1a: Rhyperior|Rhyperior, M|202\/434
|move|p2a: Snorlax|Rest|p2a: Snorlax
|-status|p2a: Snorlax|slp
|-heal|p2a: Snorlax|524\/524 slp|[silent]
|-status|p2a: Snorlax|slp|[from] move: Rest
|
|-heal|p1a: Rhyperior|229\/434|[from] item: Leftovers
|turn|69
|
|switch|p2a: Trevenant|Trevenant, M|374\/374
|-damage|p2a: Trevenant|328\/374|[from] Stealth Rock
|move|p1a: Rhyperior|Earthquake|p2a: Trevenant
|-resisted|p2a: Trevenant
|-damage|p2a: Trevenant|262\/374
|
|-heal|p2a: Trevenant|285\/374|[from] item: Leftovers
|-heal|p1a: Rhyperior|256\/434|[from] item: Leftovers
|turn|70
|
|switch|p1a: Salamence|Salamence, F|255\/393
|-ability|p1a: Salamence|Intimidate|[of] p2a: Trevenant
|-unboost|p2a: Trevenant|atk|1
|move|p2a: Trevenant|Will-O-Wisp|p1a: Salamence|[miss]
|-miss|p2a: Trevenant|p1a: Salamence
|
|-heal|p1a: Salamence|279\/393|[from] item: Leftovers
|-heal|p2a: Trevenant|308\/374|[from] item: Leftovers
|turn|71
|
|move|p1a: Salamence|Dragon Claw|p2a: Trevenant
|-damage|p2a: Trevenant|199\/374
|move|p2a: Trevenant|Will-O-Wisp|p1a: Salamence
|-status|p1a: Salamence|brn
|
|-heal|p1a: Salamence|303\/393 brn|[from] item: Leftovers
|-heal|p2a: Trevenant|222\/374|[from] item: Leftovers
|-damage|p1a: Salamence|254\/393 brn|[from] brn
|turn|72
|
|move|p1a: Salamence|Dragon Claw|p2a: Trevenant
|-damage|p2a: Trevenant|171\/374
|move|p2a: Trevenant|Leech Seed|p1a: Salamence
|-start|p1a: Salamence|move: Leech Seed
|
|-heal|p1a: Salamence|278\/393 brn|[from] item: Leftovers
|-heal|p2a: Trevenant|194\/374|[from] item: Leftovers
|-damage|p1a: Salamence|229\/393 brn|[from] Leech Seed|[of] p2a: Trevenant
|-heal|p2a: Trevenant|243\/374|[silent]
|-damage|p1a: Salamence|180\/393 brn|[from] brn
|turn|73
|
|move|p1a: Salamence|Roost|p1a: Salamence
|-heal|p1a: Salamence|377\/393 brn
|move|p2a: Trevenant|Horn Leech|p1a: Salamence
|-resisted|p1a: Salamence
|-damage|p1a: Salamence|349\/393 brn
|-heal|p2a: Trevenant|257\/374|[from] drain|[of] p1a: Salamence
|
|-heal|p1a: Salamence|373\/393 brn|[from] item: Leftovers
|-heal|p2a: Trevenant|280\/374|[from] item: Leftovers
|-damage|p1a: Salamence|324\/393 brn|[from] Leech Seed|[of] p2a: Trevenant
|-heal|p2a: Trevenant|329\/374|[silent]
|-damage|p1a: Salamence|275\/393 brn|[from] brn
|turn|74
|
|switch|p1a: Suicune|Suicune|363\/404 slp
|-ability|p1a: Suicune|Pressure
|move|p2a: Trevenant|Horn Leech|p1a: Suicune
|-supereffective|p1a: Suicune
|-damage|p1a: Suicune|283\/404 slp
|-heal|p2a: Trevenant|369\/374|[from] drain|[of] p1a: Suicune
|
|-heal|p1a: Suicune|308\/404 slp|[from] item: Leftovers
|-heal|p2a: Trevenant|374\/374|[from] item: Leftovers
|turn|75
|
|switch|p1a: Salamence|Salamence, F|275\/393 brn
|-ability|p1a: Salamence|Intimidate|[of] p2a: Trevenant
|-unboost|p2a: Trevenant|atk|1
|move|p2a: Trevenant|Leech Seed|p1a: Salamence
|-start|p1a: Salamence|move: Leech Seed
|
|-heal|p1a: Salamence|299\/393 brn|[from] item: Leftovers
|-damage|p1a: Salamence|250\/393 brn|[from] Leech Seed|[of] p2a: Trevenant
|-damage|p1a: Salamence|201\/393 brn|[from] brn
|turn|76
|
|switch|p2a: Snorlax|Snorlax, M|524\/524 slp
|-damage|p2a: Snorlax|459\/524 slp|[from] Stealth Rock
|move|p1a: Salamence|Roost|p1a: Salamence
|-heal|p1a: Salamence|393\/393 brn
|
|-heal|p2a: Snorlax|491\/524 slp|[from] item: Leftovers
|-damage|p1a: Salamence|344\/393 brn|[from] Leech Seed|[of] p2a: Snorlax
|-heal|p2a: Snorlax|524\/524 slp|[silent]
|-damage|p1a: Salamence|295\/393 brn|[from] brn
|turn|77
|
|switch|p1a: Rhyperior|Rhyperior, M|256\/434
|cant|p2a: Snorlax|slp
|move|p2a: Snorlax|Sleep Talk|p2a: Snorlax
|move|p2a: Snorlax|Whirlwind|p1a: Rhyperior|[from]Sleep Talk
|drag|p1a: Salamence|Salamence, F|295\/393 brn
|-ability|p1a: Salamence|Intimidate|[of] p2a: Snorlax
|-unboost|p2a: Snorlax|atk|1
|
|-heal|p1a: Salamence|319\/393 brn|[from] item: Leftovers
|-damage|p1a: Salamence|270\/393 brn|[from] brn
|turn|78
|
|switch|p1a: Rhyperior|Rhyperior, M|256\/434
|switch|p2a: Trevenant|Trevenant, M|374\/374
|-damage|p2a: Trevenant|328\/374|[from] Stealth Rock
|
|-heal|p2a: Trevenant|351\/374|[from] item: Leftovers
|-heal|p1a: Rhyperior|283\/434|[from] item: Leftovers
|turn|79
|
|switch|p1a: Salamence|Salamence, F|270\/393 brn
|-ability|p1a: Salamence|Intimidate|[of] p2a: Trevenant
|-unboost|p2a: Trevenant|atk|1
|move|p2a: Trevenant|Horn Leech|p1a: Salamence
|-resisted|p1a: Salamence
|-damage|p1a: Salamence|257\/393 brn
|-heal|p2a: Trevenant|358\/374|[from] drain|[of] p1a: Salamence
|
|-heal|p1a: Salamence|281\/393 brn|[from] item: Leftovers
|-heal|p2a: Trevenant|374\/374|[from] item: Leftovers
|-damage|p1a: Salamence|232\/393 brn|[from] brn
|turn|80
|
|switch|p2a: Snorlax|Snorlax, M|524\/524 slp
|-damage|p2a: Snorlax|459\/524 slp|[from] Stealth Rock
|move|p1a: Salamence|Roost|p1a: Salamence
|-heal|p1a: Salamence|393\/393 brn
|
|-heal|p2a: Snorlax|491\/524 slp|[from] item: Leftovers
|-damage|p1a: Salamence|344\/393 brn|[from] brn
|turn|81
|
|switch|p1a: Rhyperior|Rhyperior, M|283\/434
|switch|p2a: Trevenant|Trevenant, M|374\/374
|-damage|p2a: Trevenant|328\/374|[from] Stealth Rock
|
|-heal|p2a: Trevenant|351\/374|[from] item: Leftovers
|-heal|p1a: Rhyperior|310\/434|[from] item: Leftovers
|turn|82
|
|switch|p1a: Salamence|Salamence, F|344\/393 brn
|-ability|p1a: Salamence|Intimidate|[of] p2a: Trevenant
|-unboost|p2a: Trevenant|atk|1
|move|p2a: Trevenant|Leech Seed|p1a: Salamence
|-start|p1a: Salamence|move: Leech Seed
|
|-heal|p1a: Salamence|368\/393 brn|[from] item: Leftovers
|-heal|p2a: Trevenant|374\/374|[from] item: Leftovers
|-damage|p1a: Salamence|319\/393 brn|[from] Leech Seed|[of] p2a: Trevenant
|-damage|p1a: Salamence|270\/393 brn|[from] brn
|turn|83
|
|switch|p2a: Snorlax|Snorlax, M|491\/524 slp
|-damage|p2a: Snorlax|426\/524 slp|[from] Stealth Rock
|move|p1a: Salamence|Roost|p1a: Salamence
|-heal|p1a: Salamence|393\/393 brn
|
|-heal|p2a: Snorlax|458\/524 slp|[from] item: Leftovers
|-damage|p1a: Salamence|344\/393 brn|[from] Leech Seed|[of] p2a: Snorlax
|-heal|p2a: Snorlax|507\/524 slp|[silent]
|-damage|p1a: Salamence|295\/393 brn|[from] brn
|turn|84
|
|switch|p1a: Rhyperior|Rhyperior, M|310\/434
|switch|p2a: Trevenant|Trevenant, M|374\/374
|-damage|p2a: Trevenant|328\/374|[from] Stealth Rock
|
|-heal|p2a: Trevenant|351\/374|[from] item: Leftovers
|-heal|p1a: Rhyperior|337\/434|[from] item: Leftovers
|turn|85
|
|switch|p1a: Salamence|Salamence, F|295\/393 brn
|-ability|p1a: Salamence|Intimidate|[of] p2a: Trevenant
|-unboost|p2a: Trevenant|atk|1
|move|p2a: Trevenant|Will-O-Wisp|p1a: Salamence|[miss]
|-miss|p2a: Trevenant|p1a: Salamence
|
|-heal|p1a: Salamence|319\/393 brn|[from] item: Leftovers
|-heal|p2a: Trevenant|374\/374|[from] item: Leftovers
|-damage|p1a: Salamence|270\/393 brn|[from] brn
|turn|86
|
|switch|p2a: Snorlax|Snorlax, M|507\/524 slp
|-damage|p2a: Snorlax|442\/524 slp|[from] Stealth Rock
|move|p1a: Salamence|Roost|p1a: Salamence
|-heal|p1a: Salamence|393\/393 brn
|
|-heal|p2a: Snorlax|474\/524 slp|[from] item: Leftovers
|-damage|p1a: Salamence|344\/393 brn|[from] brn
|turn|87
|
|switch|p1a: Rhyperior|Rhyperior, M|337\/434
|cant|p2a: Snorlax|slp
|move|p2a: Snorlax|Sleep Talk|p2a: Snorlax
|move|p2a: Snorlax|Whirlwind|p1a: Rhyperior|[from]Sleep Talk
|drag|p1a: Suicune|Suicune|308\/404 slp
|-ability|p1a: Suicune|Pressure
|
|-heal|p1a: Suicune|333\/404 slp|[from] item: Leftovers
|-heal|p2a: Snorlax|506\/524 slp|[from] item: Leftovers
|turn|88
|join|XxDarkLord999xX
|
|switch|p1a: Rhyperior|Rhyperior, M|337\/434
|switch|p2a: Trevenant|Trevenant, M|374\/374
|-damage|p2a: Trevenant|328\/374|[from] Stealth Rock
|
|-heal|p2a: Trevenant|351\/374|[from] item: Leftovers
|-heal|p1a: Rhyperior|364\/434|[from] item: Leftovers
|turn|89
|
|switch|p2a: Snorlax|Snorlax, M|506\/524 slp
|-damage|p2a: Snorlax|441\/524 slp|[from] Stealth Rock
|switch|p1a: Salamence|Salamence, F|344\/393 brn
|-ability|p1a: Salamence|Intimidate|[of] p2a: Snorlax
|-unboost|p2a: Snorlax|atk|1
|
|-heal|p1a: Salamence|368\/393 brn|[from] item: Leftovers
|-heal|p2a: Snorlax|473\/524 slp|[from] item: Leftovers
|-damage|p1a: Salamence|319\/393 brn|[from] brn
|turn|90
|
|switch|p1a: Rhyperior|Rhyperior, M|364\/434
|switch|p2a: Trevenant|Trevenant, M|351\/374
|-damage|p2a: Trevenant|305\/374|[from] Stealth Rock
|
|-heal|p2a: Trevenant|328\/374|[from] item: Leftovers
|-heal|p1a: Rhyperior|391\/434|[from] item: Leftovers
|turn|91
|
|switch|p1a: Salamence|Salamence, F|319\/393 brn
|-ability|p1a: Salamence|Intimidate|[of] p2a: Trevenant
|-unboost|p2a: Trevenant|atk|1
|move|p2a: Trevenant|Horn Leech|p1a: Salamence
|-resisted|p1a: Salamence
|-damage|p1a: Salamence|305\/393 brn
|-heal|p2a: Trevenant|335\/374|[from] drain|[of] p1a: Salamence
|
|-heal|p1a: Salamence|329\/393 brn|[from] item: Leftovers
|-heal|p2a: Trevenant|358\/374|[from] item: Leftovers
|-damage|p1a: Salamence|280\/393 brn|[from] brn
|turn|92
|c| THROWBACK|why are u doing this
|
|switch|p1a: Rhyperior|Rhyperior, M|391\/434
|switch|p2a: Snorlax|Snorlax, M|473\/524 slp
|-damage|p2a: Snorlax|408\/524 slp|[from] Stealth Rock
|
|-heal|p1a: Rhyperior|418\/434|[from] item: Leftovers
|-heal|p2a: Snorlax|440\/524 slp|[from] item: Leftovers
|turn|93
|
|switch|p2a: Trevenant|Trevenant, M|358\/374
|-damage|p2a: Trevenant|312\/374|[from] Stealth Rock
|move|p1a: Rhyperior|Roar|p2a: Trevenant
|drag|p2a: Snorlax|Snorlax, M|440\/524 slp
|-damage|p2a: Snorlax|375\/524 slp|[from] Stealth Rock
|
|-heal|p1a: Rhyperior|434\/434|[from] item: Leftovers
|-heal|p2a: Snorlax|407\/524 slp|[from] item: Leftovers
|turn|94
|
|switch|p2a: Trevenant|Trevenant, M|312\/374
|-damage|p2a: Trevenant|266\/374|[from] Stealth Rock
|move|p1a: Rhyperior|Earthquake|p2a: Trevenant
|-resisted|p2a: Trevenant
|-damage|p2a: Trevenant|200\/374
|
|-heal|p2a: Trevenant|223\/374|[from] item: Leftovers
|turn|95
|
|switch|p1a: Shaymin|Shaymin|1\/341
|move|p2a: Trevenant|Horn Leech|p1a: Shaymin
|-resisted|p1a: Shaymin
|-damage|p1a: Shaymin|0 fnt
|-heal|p2a: Trevenant|224\/374|[from] drain|[of] p1a: Shaymin
|faint|p1a: Shaymin
|
|-heal|p2a: Trevenant|247\/374|[from] item: Leftovers
|
|switch|p1a: Salamence|Salamence, F|280\/393 brn
|-ability|p1a: Salamence|Intimidate|[of] p2a: Trevenant
|-unboost|p2a: Trevenant|atk|1
|turn|96
|
|switch|p1a: Rhyperior|Rhyperior, M|434\/434
|switch|p2a: Snorlax|Snorlax, M|407\/524 slp
|-damage|p2a: Snorlax|342\/524 slp|[from] Stealth Rock
|
|-heal|p2a: Snorlax|374\/524 slp|[from] item: Leftovers
|turn|97
|
|-curestatus|p2a: Snorlax|slp
|move|p2a: Snorlax|Sleep Talk|p2a: Snorlax
|-fail|p2a: Snorlax
|move|p1a: Rhyperior|Roar|p2a: Snorlax
|drag|p2a: Trevenant|Trevenant, M|247\/374
|-damage|p2a: Trevenant|201\/374|[from] Stealth Rock
|
|-heal|p2a: Trevenant|224\/374|[from] item: Leftovers
|turn|98
|
|switch|p1a: Salamence|Salamence, F|280\/393 brn
|-ability|p1a: Salamence|Intimidate|[of] p2a: Trevenant
|-unboost|p2a: Trevenant|atk|1
|move|p2a: Trevenant|Rest|p2a: Trevenant
|-status|p2a: Trevenant|slp
|-heal|p2a: Trevenant|374\/374 slp|[silent]
|-status|p2a: Trevenant|slp|[from] move: Rest
|
|-heal|p1a: Salamence|304\/393 brn|[from] item: Leftovers
|-damage|p1a: Salamence|255\/393 brn|[from] brn
|turn|99
|
|switch|p1a: Rhyperior|Rhyperior, M|434\/434
|switch|p2a: Snorlax|Snorlax, M|374\/524
|-damage|p2a: Snorlax|309\/524|[from] Stealth Rock
|
|-heal|p2a: Snorlax|341\/524|[from] item: Leftovers
|turn|100
|
|switch|p2a: Trevenant|Trevenant, M|374\/374
|-damage|p2a: Trevenant|328\/374|[from] Stealth Rock
|move|p1a: Rhyperior|Earthquake|p2a: Trevenant
|-resisted|p2a: Trevenant
|-damage|p2a: Trevenant|266\/374
|
|-heal|p2a: Trevenant|289\/374|[from] item: Leftovers
|turn|101
|
|switch|p1a: Salamence|Salamence, F|255\/393 brn
|-ability|p1a: Salamence|Intimidate|[of] p2a: Trevenant
|-unboost|p2a: Trevenant|atk|1
|move|p2a: Trevenant|Will-O-Wisp|p1a: Salamence
|-fail|p1a: Salamence|brn
|
|-heal|p1a: Salamence|279\/393 brn|[from] item: Leftovers
|-heal|p2a: Trevenant|312\/374|[from] item: Leftovers
|-damage|p1a: Salamence|230\/393 brn|[from] brn
|turn|102
|
|switch|p2a: Snorlax|Snorlax, M|341\/524
|-damage|p2a: Snorlax|276\/524|[from] Stealth Rock
|move|p1a: Salamence|Roost|p1a: Salamence
|-heal|p1a: Salamence|393\/393 brn
|
|-heal|p2a: Snorlax|308\/524|[from] item: Leftovers
|-damage|p1a: Salamence|344\/393 brn|[from] brn
|turn|103
|
|switch|p1a: Rhyperior|Rhyperior, M|434\/434
|move|p2a: Snorlax|Rest|p2a: Snorlax
|-status|p2a: Snorlax|slp
|-heal|p2a: Snorlax|524\/524 slp|[silent]
|-status|p2a: Snorlax|slp|[from] move: Rest
|
|turn|104
|
|switch|p2a: Trevenant|Trevenant, M|312\/374
|-damage|p2a: Trevenant|266\/374|[from] Stealth Rock
|move|p1a: Rhyperior|Roar|p2a: Trevenant
|drag|p2a: Snorlax|Snorlax, M|524\/524 slp
|-damage|p2a: Snorlax|459\/524 slp|[from] Stealth Rock
|
|-heal|p2a: Snorlax|491\/524 slp|[from] item: Leftovers
|turn|105
|
|switch|p2a: Trevenant|Trevenant, M|266\/374
|-damage|p2a: Trevenant|220\/374|[from] Stealth Rock
|move|p1a: Rhyperior|Roar|p2a: Trevenant
|drag|p2a: Snorlax|Snorlax, M|491\/524 slp
|-damage|p2a: Snorlax|426\/524 slp|[from] Stealth Rock
|
|-heal|p2a: Snorlax|458\/524 slp|[from] item: Leftovers
|turn|106
|
|switch|p2a: Trevenant|Trevenant, M|220\/374
|-damage|p2a: Trevenant|174\/374|[from] Stealth Rock
|move|p1a: Rhyperior|Roar|p2a: Trevenant
|drag|p2a: Snorlax|Snorlax, M|458\/524 slp
|-damage|p2a: Snorlax|393\/524 slp|[from] Stealth Rock
|
|-heal|p2a: Snorlax|425\/524 slp|[from] item: Leftovers
|turn|107
|
|switch|p2a: Trevenant|Trevenant, M|174\/374
|-damage|p2a: Trevenant|128\/374|[from] Stealth Rock
|move|p1a: Rhyperior|Earthquake|p2a: Trevenant
|-resisted|p2a: Trevenant
|-damage|p2a: Trevenant|63\/374
|
|-heal|p2a: Trevenant|86\/374|[from] item: Leftovers
|turn|108
|
|move|p2a: Trevenant|Rest|p2a: Trevenant
|-status|p2a: Trevenant|slp
|-heal|p2a: Trevenant|374\/374 slp|[silent]
|-status|p2a: Trevenant|slp|[from] move: Rest
|move|p1a: Rhyperior|Rock Blast|p2a: Trevenant
|-damage|p2a: Trevenant|335\/374 slp
|-damage|p2a: Trevenant|298\/374 slp
|-damage|p2a: Trevenant|265\/374 slp
|-hitcount|p2a: Trevenant|3
|
|-heal|p2a: Trevenant|288\/374 slp|[from] item: Leftovers
|turn|109
|
|cant|p2a: Trevenant|slp
|move|p1a: Rhyperior|Rock Blast|p2a: Trevenant|[miss]
|-miss|p1a: Rhyperior|p2a: Trevenant
|
|-heal|p2a: Trevenant|311\/374 slp|[from] item: Leftovers
|turn|110
|
|cant|p2a: Trevenant|slp
|move|p1a: Rhyperior|Rock Blast|p2a: Trevenant
|-damage|p2a: Trevenant|278\/374 slp
|-damage|p2a: Trevenant|242\/374 slp
|-damage|p2a: Trevenant|208\/374 slp
|-hitcount|p2a: Trevenant|3
|
|-heal|p2a: Trevenant|231\/374 slp|[from] item: Leftovers
|turn|111
|
|switch|p1a: Salamence|Salamence, F|344\/393 brn
|-ability|p1a: Salamence|Intimidate|[of] p2a: Trevenant
|-unboost|p2a: Trevenant|atk|1
|-curestatus|p2a: Trevenant|slp
|move|p2a: Trevenant|Horn Leech|p1a: Salamence
|-resisted|p1a: Salamence
|-damage|p1a: Salamence|330\/393 brn
|-heal|p2a: Trevenant|238\/374|[from] drain|[of] p1a: Salamence
|
|-heal|p1a: Salamence|354\/393 brn|[from] item: Leftovers
|-heal|p2a: Trevenant|261\/374|[from] item: Leftovers
|-damage|p1a: Salamence|305\/393 brn|[from] brn
|turn|112
|
|switch|p1a: Rhyperior|Rhyperior, M|434\/434
|move|p2a: Trevenant|Rest|p2a: Trevenant
|-status|p2a: Trevenant|slp
|-heal|p2a: Trevenant|374\/374 slp|[silent]
|-status|p2a: Trevenant|slp|[from] move: Rest
|
|turn|113
|
|cant|p2a: Trevenant|slp
|move|p1a: Rhyperior|Rock Blast|p2a: Trevenant
|-damage|p2a: Trevenant|337\/374 slp
|-damage|p2a: Trevenant|301\/374 slp
|-hitcount|p2a: Trevenant|2
|
|-heal|p2a: Trevenant|324\/374 slp|[from] item: Leftovers
|turn|114
|
|cant|p2a: Trevenant|slp
|move|p1a: Rhyperior|Roar|p2a: Trevenant
|drag|p2a: Snorlax|Snorlax, M|425\/524 slp
|-damage|p2a: Snorlax|360\/524 slp|[from] Stealth Rock
|
|-heal|p2a: Snorlax|392\/524 slp|[from] item: Leftovers
|turn|115
|
|switch|p2a: Trevenant|Trevenant, M|324\/374
|-damage|p2a: Trevenant|278\/374|[from] Stealth Rock
|move|p1a: Rhyperior|Earthquake|p2a: Trevenant
|-resisted|p2a: Trevenant
|-damage|p2a: Trevenant|207\/374
|
|-heal|p2a: Trevenant|230\/374|[from] item: Leftovers
|turn|116
|
|switch|p1a: Salamence|Salamence, F|305\/393 brn
|-ability|p1a: Salamence|Intimidate|[of] p2a: Trevenant
|-unboost|p2a: Trevenant|atk|1
|move|p2a: Trevenant|Rest|p2a: Trevenant
|-status|p2a: Trevenant|slp
|-heal|p2a: Trevenant|374\/374 slp|[silent]
|-status|p2a: Trevenant|slp|[from] move: Rest
|
|-heal|p1a: Salamence|329\/393 brn|[from] item: Leftovers
|-damage|p1a: Salamence|280\/393 brn|[from] brn
|turn|117
|
|switch|p1a: Rhyperior|Rhyperior, M|434\/434
|switch|p2a: Snorlax|Snorlax, M|392\/524 slp
|-damage|p2a: Snorlax|327\/524 slp|[from] Stealth Rock
|
|-heal|p2a: Snorlax|359\/524 slp|[from] item: Leftovers
|turn|118
|
|switch|p2a: Trevenant|Trevenant, M|374\/374
|-damage|p2a: Trevenant|328\/374|[from] Stealth Rock
|move|p1a: Rhyperior|Roar|p2a: Trevenant
|drag|p2a: Snorlax|Snorlax, M|359\/524 slp
|-damage|p2a: Snorlax|294\/524 slp|[from] Stealth Rock
|
|-heal|p2a: Snorlax|326\/524 slp|[from] item: Leftovers
|turn|119
|
|cant|p2a: Snorlax|slp
|move|p2a: Snorlax|Sleep Talk|p2a: Snorlax
|move|p2a: Snorlax|Rest|p2a: Snorlax|[from]Sleep Talk
|-fail|p2a: Snorlax
|move|p1a: Rhyperior|Roar|p2a: Snorlax
|drag|p2a: Trevenant|Trevenant, M|328\/374
|-damage|p2a: Trevenant|282\/374|[from] Stealth Rock
|
|-heal|p2a: Trevenant|305\/374|[from] item: Leftovers
|turn|120
|
|switch|p2a: Snorlax|Snorlax, M|326\/524 slp
|-damage|p2a: Snorlax|261\/524 slp|[from] Stealth Rock
|switch|p1a: Salamence|Salamence, F|280\/393 brn
|-ability|p1a: Salamence|Intimidate|[of] p2a: Snorlax
|-unboost|p2a: Snorlax|atk|1
|
|-heal|p1a: Salamence|304\/393 brn|[from] item: Leftovers
|-heal|p2a: Snorlax|293\/524 slp|[from] item: Leftovers
|-damage|p1a: Salamence|255\/393 brn|[from] brn
|turn|121
|
|switch|p1a: Rhyperior|Rhyperior, M|434\/434
|cant|p2a: Snorlax|slp
|
|-heal|p2a: Snorlax|325\/524 slp|[from] item: Leftovers
|turn|122
|
|-curestatus|p2a: Snorlax|slp
|move|p2a: Snorlax|Rest|p2a: Snorlax
|-status|p2a: Snorlax|slp
|-heal|p2a: Snorlax|524\/524 slp|[silent]
|-status|p2a: Snorlax|slp|[from] move: Rest
|move|p1a: Rhyperior|Roar|p2a: Snorlax
|drag|p2a: Trevenant|Trevenant, M|305\/374
|-damage|p2a: Trevenant|259\/374|[from] Stealth Rock
|
|-heal|p2a: Trevenant|282\/374|[from] item: Leftovers
|turn|123
|
|switch|p1a: Salamence|Salamence, F|255\/393 brn
|-ability|p1a: Salamence|Intimidate|[of] p2a: Trevenant
|-unboost|p2a: Trevenant|atk|1
|move|p2a: Trevenant|Horn Leech|p1a: Salamence
|-resisted|p1a: Salamence
|-damage|p1a: Salamence|243\/393 brn
|-heal|p2a: Trevenant|288\/374|[from] drain|[of] p1a: Salamence
|
|-heal|p1a: Salamence|267\/393 brn|[from] item: Leftovers
|-heal|p2a: Trevenant|311\/374|[from] item: Leftovers
|-damage|p1a: Salamence|218\/393 brn|[from] brn
|turn|124
|
|switch|p2a: Snorlax|Snorlax, M|524\/524 slp
|-damage|p2a: Snorlax|459\/524 slp|[from] Stealth Rock
|move|p1a: Salamence|Roost|p1a: Salamence
|-heal|p1a: Salamence|393\/393 brn
|
|-heal|p2a: Snorlax|491\/524 slp|[from] item: Leftovers
|-damage|p1a: Salamence|344\/393 brn|[from] brn
|turn|125
|
|switch|p1a: Suicune|Suicune|333\/404 slp
|-ability|p1a: Suicune|Pressure
|switch|p2a: Trevenant|Trevenant, M|311\/374
|-damage|p2a: Trevenant|265\/374|[from] Stealth Rock
|
|-heal|p1a: Suicune|358\/404 slp|[from] item: Leftovers
|-heal|p2a: Trevenant|288\/374|[from] item: Leftovers
|turn|126
|
|switch|p1a: Salamence|Salamence, F|344\/393 brn
|-ability|p1a: Salamence|Intimidate|[of] p2a: Trevenant
|-unboost|p2a: Trevenant|atk|1
|switch|p2a: Snorlax|Snorlax, M|491\/524 slp
|-damage|p2a: Snorlax|426\/524 slp|[from] Stealth Rock
|
|-heal|p1a: Salamence|368\/393 brn|[from] item: Leftovers
|-heal|p2a: Snorlax|458\/524 slp|[from] item: Leftovers
|-damage|p1a: Salamence|319\/393 brn|[from] brn
|turn|127
|
|switch|p1a: Rhyperior|Rhyperior, M|434\/434
|switch|p2a: Trevenant|Trevenant, M|288\/374
|-damage|p2a: Trevenant|242\/374|[from] Stealth Rock
|
|-heal|p2a: Trevenant|265\/374|[from] item: Leftovers
|turn|128
|
|switch|p2a: Snorlax|Snorlax, M|458\/524 slp
|-damage|p2a: Snorlax|393\/524 slp|[from] Stealth Rock
|switch|p1a: Salamence|Salamence, F|319\/393 brn
|-ability|p1a: Salamence|Intimidate|[of] p2a: Snorlax
|-unboost|p2a: Snorlax|atk|1
|
|-heal|p1a: Salamence|343\/393 brn|[from] item: Leftovers
|-heal|p2a: Snorlax|425\/524 slp|[from] item: Leftovers
|-damage|p1a: Salamence|294\/393 brn|[from] brn
|turn|129
|
|switch|p1a: Rhyperior|Rhyperior, M|434\/434
|switch|p2a: Trevenant|Trevenant, M|265\/374
|-damage|p2a: Trevenant|219\/374|[from] Stealth Rock
|
|-heal|p2a: Trevenant|242\/374|[from] item: Leftovers
|turn|130
|
|switch|p1a: Salamence|Salamence, F|294\/393 brn
|-ability|p1a: Salamence|Intimidate|[of] p2a: Trevenant
|-unboost|p2a: Trevenant|atk|1
|move|p2a: Trevenant|Horn Leech|p1a: Salamence
|-resisted|p1a: Salamence
|-damage|p1a: Salamence|281\/393 brn
|-heal|p2a: Trevenant|249\/374|[from] drain|[of] p1a: Salamence
|
|-heal|p1a: Salamence|305\/393 brn|[from] item: Leftovers
|-heal|p2a: Trevenant|272\/374|[from] item: Leftovers
|-damage|p1a: Salamence|256\/393 brn|[from] brn
|turn|131
|
|switch|p1a: Rhyperior|Rhyperior, M|434\/434
|move|p2a: Trevenant|Will-O-Wisp|p1a: Rhyperior
|-status|p1a: Rhyperior|brn
|
|-heal|p2a: Trevenant|295\/374|[from] item: Leftovers
|-damage|p1a: Rhyperior|380\/434 brn|[from] brn
|turn|132
|
|switch|p1a: Salamence|Salamence, F|256\/393 brn
|-ability|p1a: Salamence|Intimidate|[of] p2a: Trevenant
|-unboost|p2a: Trevenant|atk|1
|move|p2a: Trevenant|Leech Seed|p1a: Salamence
|-start|p1a: Salamence|move: Leech Seed
|
|-heal|p1a: Salamence|280\/393 brn|[from] item: Leftovers
|-heal|p2a: Trevenant|318\/374|[from] item: Leftovers
|-damage|p1a: Salamence|231\/393 brn|[from] Leech Seed|[of] p2a: Trevenant
|-heal|p2a: Trevenant|367\/374|[silent]
|-damage|p1a: Salamence|182\/393 brn|[from] brn
|turn|133
|
|switch|p2a: Snorlax|Snorlax, M|425\/524 slp
|-damage|p2a: Snorlax|360\/524 slp|[from] Stealth Rock
|move|p1a: Salamence|Roost|p1a: Salamence
|-heal|p1a: Salamence|379\/393 brn
|
|-heal|p1a: Salamence|393\/393 brn|[from] item: Leftovers
|-heal|p2a: Snorlax|392\/524 slp|[from] item: Leftovers
|-damage|p1a: Salamence|344\/393 brn|[from] Leech Seed|[of] p2a: Snorlax
|-heal|p2a: Snorlax|441\/524 slp|[silent]
|-damage|p1a: Salamence|295\/393 brn|[from] brn
|turn|134
|
|switch|p1a: Rhyperior|Rhyperior, M|380\/434 brn
|cant|p2a: Snorlax|slp
|
|-heal|p1a: Rhyperior|407\/434 brn|[from] item: Leftovers
|-heal|p2a: Snorlax|473\/524 slp|[from] item: Leftovers
|-damage|p1a: Rhyperior|353\/434 brn|[from] brn
|turn|135
|
|cant|p2a: Snorlax|slp
|move|p1a: Rhyperior|Roar|p2a: Snorlax
|drag|p2a: Trevenant|Trevenant, M|367\/374
|-damage|p2a: Trevenant|321\/374|[from] Stealth Rock
|
|-heal|p2a: Trevenant|344\/374|[from] item: Leftovers
|-heal|p1a: Rhyperior|380\/434 brn|[from] item: Leftovers
|-damage|p1a: Rhyperior|326\/434 brn|[from] brn
|turn|136
|
|switch|p2a: Snorlax|Snorlax, M|473\/524 slp
|-damage|p2a: Snorlax|408\/524 slp|[from] Stealth Rock
|switch|p1a: Salamence|Salamence, F|295\/393 brn
|-ability|p1a: Salamence|Intimidate|[of] p2a: Snorlax
|-unboost|p2a: Snorlax|atk|1
|
|-heal|p1a: Salamence|319\/393 brn|[from] item: Leftovers
|-heal|p2a: Snorlax|440\/524 slp|[from] item: Leftovers
|-damage|p1a: Salamence|270\/393 brn|[from] brn
|turn|137
|
|switch|p1a: Suicune|Suicune|358\/404 slp
|-ability|p1a: Suicune|Pressure
|-curestatus|p2a: Snorlax|slp
|move|p2a: Snorlax|Body Slam|p1a: Suicune
|-damage|p1a: Suicune|315\/404 slp
|
|-heal|p1a: Suicune|340\/404 slp|[from] item: Leftovers
|-heal|p2a: Snorlax|472\/524|[from] item: Leftovers
|turn|138
|
|cant|p1a: Suicune|slp
|move|p1a: Suicune|Sleep Talk|p1a: Suicune
|move|p1a: Suicune|Scald|p2a: Snorlax|[from]Sleep Talk
|-damage|p2a: Snorlax|414\/524
|move|p2a: Snorlax|Whirlwind|p1a: Suicune
|drag|p1a: Rhyperior|Rhyperior, M|326\/434 brn
|
|-heal|p1a: Rhyperior|353\/434 brn|[from] item: Leftovers
|-heal|p2a: Snorlax|446\/524|[from] item: Leftovers
|-damage|p1a: Rhyperior|299\/434 brn|[from] brn
|turn|139
|
|switch|p2a: Trevenant|Trevenant, M|344\/374
|-damage|p2a: Trevenant|298\/374|[from] Stealth Rock
|move|p1a: Rhyperior|Roar|p2a: Trevenant
|drag|p2a: Snorlax|Snorlax, M|446\/524
|-damage|p2a: Snorlax|381\/524|[from] Stealth Rock
|
|-heal|p1a: Rhyperior|326\/434 brn|[from] item: Leftovers
|-heal|p2a: Snorlax|413\/524|[from] item: Leftovers
|-damage|p1a: Rhyperior|272\/434 brn|[from] brn
|turn|140
|
|switch|p1a: Suicune|Suicune|340\/404 slp
|-ability|p1a: Suicune|Pressure
|switch|p2a: Trevenant|Trevenant, M|298\/374
|-damage|p2a: Trevenant|252\/374|[from] Stealth Rock
|
|-heal|p1a: Suicune|365\/404 slp|[from] item: Leftovers
|-heal|p2a: Trevenant|275\/374|[from] item: Leftovers
|turn|141
|
|switch|p2a: Snorlax|Snorlax, M|413\/524
|-damage|p2a: Snorlax|348\/524|[from] Stealth Rock
|-curestatus|p1a: Suicune|slp
|move|p1a: Suicune|Sleep Talk|p1a: Suicune
|-fail|p1a: Suicune
|
|-heal|p1a: Suicune|390\/404|[from] item: Leftovers
|-heal|p2a: Snorlax|380\/524|[from] item: Leftovers
|turn|142
|
|switch|p2a: Trevenant|Trevenant, M|275\/374
|-damage|p2a: Trevenant|229\/374|[from] Stealth Rock
|move|p1a: Suicune|Calm Mind|p1a: Suicune
|-boost|p1a: Suicune|spa|1
|-boost|p1a: Suicune|spd|1
|
|-heal|p1a: Suicune|404\/404|[from] item: Leftovers
|-heal|p2a: Trevenant|252\/374|[from] item: Leftovers
|turn|143
|
|move|p1a: Suicune|Scald|p2a: Trevenant
|-resisted|p2a: Trevenant
|-damage|p2a: Trevenant|174\/374
|-status|p2a: Trevenant|brn
|move|p2a: Trevenant|Leech Seed|p1a: Suicune
|-start|p1a: Suicune|move: Leech Seed
|
|-heal|p2a: Trevenant|197\/374 brn|[from] item: Leftovers
|-damage|p1a: Suicune|354\/404|[from] Leech Seed|[of] p2a: Trevenant
|-heal|p2a: Trevenant|247\/374 brn|[silent]
|-damage|p2a: Trevenant|201\/374 brn|[from] brn
|turn|144
|
|switch|p1a: Salamence|Salamence, F|270\/393 brn
|-ability|p1a: Salamence|Intimidate|[of] p2a: Trevenant
|-unboost|p2a: Trevenant|atk|1
|move|p2a: Trevenant|Rest|p2a: Trevenant
|-status|p2a: Trevenant|slp
|-heal|p2a: Trevenant|374\/374 slp|[silent]
|-status|p2a: Trevenant|slp|[from] move: Rest
|
|-heal|p1a: Salamence|294\/393 brn|[from] item: Leftovers
|-damage|p1a: Salamence|245\/393 brn|[from] brn
|turn|145
|
|move|p1a: Salamence|Roost|p1a: Salamence
|-heal|p1a: Salamence|393\/393 brn
|cant|p2a: Trevenant|slp
|
|-damage|p1a: Salamence|344\/393 brn|[from] brn
|turn|146
|
|switch|p1a: Suicune|Suicune|354\/404
|-ability|p1a: Suicune|Pressure
|cant|p2a: Trevenant|slp
|
|-heal|p1a: Suicune|379\/404|[from] item: Leftovers
|turn|147
|
|switch|p2a: Snorlax|Snorlax, M|380\/524
|-damage|p2a: Snorlax|315\/524|[from] Stealth Rock
|move|p1a: Suicune|Scald|p2a: Snorlax
|-damage|p2a: Snorlax|261\/524
|
|-heal|p1a: Suicune|404\/404|[from] item: Leftovers
|-heal|p2a: Snorlax|293\/524|[from] item: Leftovers
|turn|148
|
|move|p1a: Suicune|Calm Mind|p1a: Suicune
|-boost|p1a: Suicune|spa|1
|-boost|p1a: Suicune|spd|1
|move|p2a: Snorlax|Body Slam|p1a: Suicune
|-damage|p1a: Suicune|328\/404
|-status|p1a: Suicune|par
|
|-heal|p2a: Snorlax|325\/524|[from] item: Leftovers
|-heal|p1a: Suicune|353\/404 par|[from] item: Leftovers
|turn|149
|
|switch|p2a: Trevenant|Trevenant, M|374\/374
|-damage|p2a: Trevenant|328\/374|[from] Stealth Rock
|move|p1a: Suicune|Scald|p2a: Trevenant
|-resisted|p2a: Trevenant
|-damage|p2a: Trevenant|254\/374
|
|-heal|p2a: Trevenant|277\/374|[from] item: Leftovers
|-heal|p1a: Suicune|378\/404 par|[from] item: Leftovers
|turn|150
|
|switch|p2a: Snorlax|Snorlax, M|325\/524
|-damage|p2a: Snorlax|260\/524|[from] Stealth Rock
|move|p1a: Suicune|Scald|p2a: Snorlax
|-damage|p2a: Snorlax|167\/524
|
|-heal|p2a: Snorlax|199\/524|[from] item: Leftovers
|-heal|p1a: Suicune|403\/404 par|[from] item: Leftovers
|turn|151
|
|move|p2a: Snorlax|Rest|p2a: Snorlax
|-status|p2a: Snorlax|slp
|-heal|p2a: Snorlax|524\/524 slp|[silent]
|-status|p2a: Snorlax|slp|[from] move: Rest
|move|p1a: Suicune|Scald|p2a: Snorlax
|-damage|p2a: Snorlax|443\/524 slp
|
|-heal|p2a: Snorlax|475\/524 slp|[from] item: Leftovers
|-heal|p1a: Suicune|404\/404 par|[from] item: Leftovers
|turn|152
|
|switch|p2a: Trevenant|Trevenant, M|277\/374
|-damage|p2a: Trevenant|231\/374|[from] Stealth Rock
|move|p1a: Suicune|Calm Mind|p1a: Suicune
|-boost|p1a: Suicune|spa|1
|-boost|p1a: Suicune|spd|1
|
|-heal|p2a: Trevenant|254\/374|[from] item: Leftovers
|turn|153
|
|move|p2a: Trevenant|Horn Leech|p1a: Suicune
|-supereffective|p1a: Suicune
|-damage|p1a: Suicune|276\/404 par
|-heal|p2a: Trevenant|318\/374|[from] drain|[of] p1a: Suicune
|move|p1a: Suicune|Calm Mind|p1a: Suicune
|-boost|p1a: Suicune|spa|1
|-boost|p1a: Suicune|spd|1
|
|-heal|p2a: Trevenant|341\/374|[from] item: Leftovers
|-heal|p1a: Suicune|301\/404 par|[from] item: Leftovers
|turn|154
|
|move|p2a: Trevenant|Will-O-Wisp|p1a: Suicune
|-fail|p1a: Suicune
|move|p1a: Suicune|Scald|p2a: Trevenant
|-resisted|p2a: Trevenant
|-damage|p2a: Trevenant|215\/374
|-status|p2a: Trevenant|brn
|
|-heal|p2a: Trevenant|238\/374 brn|[from] item: Leftovers
|-heal|p1a: Suicune|326\/404 par|[from] item: Leftovers
|-damage|p2a: Trevenant|192\/374 brn|[from] brn
|turn|155
|
|move|p2a: Trevenant|Rest|p2a: Trevenant
|-status|p2a: Trevenant|slp
|-heal|p2a: Trevenant|374\/374 slp|[silent]
|-status|p2a: Trevenant|slp|[from] move: Rest
|move|p1a: Suicune|Calm Mind|p1a: Suicune
|-boost|p1a: Suicune|spa|1
|-boost|p1a: Suicune|spd|1
|
|-heal|p1a: Suicune|351\/404 par|[from] item: Leftovers
|turn|156
|
|switch|p2a: Snorlax|Snorlax, M|475\/524 slp
|-damage|p2a: Snorlax|410\/524 slp|[from] Stealth Rock
|move|p1a: Suicune|Calm Mind|p1a: Suicune
|-boost|p1a: Suicune|spa|1
|-boost|p1a: Suicune|spd|1
|
|-heal|p2a: Snorlax|442\/524 slp|[from] item: Leftovers
|-heal|p1a: Suicune|376\/404 par|[from] item: Leftovers
|turn|157
|
|move|p1a: Suicune|Scald|p2a: Snorlax
|-crit|p2a: Snorlax
|-damage|p2a: Snorlax|139\/524 slp
|cant|p2a: Snorlax|slp
|
|-heal|p2a: Snorlax|171\/524 slp|[from] item: Leftovers
|-heal|p1a: Suicune|401\/404 par|[from] item: Leftovers
|turn|158
|
|move|p1a: Suicune|Scald|p2a: Snorlax
|-damage|p2a: Snorlax|0 fnt
|faint|p2a: Snorlax
|
|-heal|p1a: Suicune|404\/404 par|[from] item: Leftovers
|-message|sweg in the beg forfeited.
|
|win|Key
|raw|Ladder updating...
|leave|sweg in the beg
|player|p2
|raw|Key's rating: 1323 &rarr; <strong>1349<\/strong><br \/>(+26 for winning)
|raw|sweg in the beg's rating: 1429 &rarr; <strong>1403<\/strong><br \/>(-26 for losing)
|leave|THROWBACK
|leave|Key
|player|p1
|leave|Lord Moet II
|join|Lord Moet II
|leave|Lord Moet II
|join|Key