|join|King UU
|join|Key
|player|p1|King UU|22
|player|p2|Key|170
|gametype|singles
|gen|6
|tier|UU
|rated
|rule|Sleep Clause Mod: Limit one foe put to sleep
|rule|Species Clause: Limit one of each PokÃ©mon
|rule|OHKO Clause: OHKO moves are banned
|rule|Moody Clause: Moody is banned
|rule|Evasion Moves Clause: Evasion moves are banned
|rule|Endless Battle Clause: Forcing endless battles is banned
|rule|HP Percentage Mod: HP is shown in percentages
|clearpoke
|poke|p1|Lopunny, M
|poke|p1|Jirachi
|poke|p1|Vaporeon, F
|poke|p1|Hydreigon, F
|poke|p1|Infernape, M
|poke|p1|Krookodile, F
|poke|p2|Bronzong
|poke|p2|Beedrill, M
|poke|p2|Suicune
|poke|p2|Volcarona, F
|poke|p2|Salamence, F
|poke|p2|Chesnaught, F
|rule|Swagger Clause: Swagger is banned
|rule|Baton Pass Clause: Limit one PokÃ©mon knowing Baton Pass
|teampreview
|
|start
|switch|p1a: Infernape|Infernape, M|356\/356
|switch|p2a: Beedrill|Beedrill, M|272\/272
|turn|1
|
|detailschange|p2a: Beedrill|Beedrill-Mega, M
|message|Beedrill has Mega Evolved into Mega Beedrill!
|move|p2a: Beedrill|Protect|p2a: Beedrill
|-singleturn|p2a: Beedrill|Protect
|move|p1a: Infernape|Fire Blast|p2a: Beedrill
|-activate|p2a: Beedrill|Protect
|
|turn|2
|
|move|p2a: Beedrill|U-turn|p1a: Infernape
|-resisted|p1a: Infernape
|-damage|p1a: Infernape|276\/356
|
|switch|p2a: Salamence|Salamence, F|393\/393
|-ability|p2a: Salamence|Intimidate|[of] p1a: Infernape
|-unboost|p1a: Infernape|atk|1
|move|p1a: Infernape|Stealth Rock|p2a: Salamence
|-sidestart|p2: Key|move: Stealth Rock
|
|turn|3
|
|move|p1a: Infernape|Taunt|p2a: Salamence
|-start|p2a: Salamence|move: Taunt
|cant|p2a: Salamence|move: Taunt|Defog
|
|turn|4
|
|switch|p1a: Hydreigon|Hydreigon, F|325\/325
|move|p2a: Salamence|Dragon Claw|p1a: Hydreigon
|-supereffective|p1a: Hydreigon
|-damage|p1a: Hydreigon|77\/325
|
|turn|5
|
|switch|p2a: Bronzong|Bronzong|338\/338
|-damage|p2a: Bronzong|317\/338|[from] Stealth Rock
|move|p1a: Hydreigon|Draco Meteor|p2a: Bronzong
|-resisted|p2a: Bronzong
|-damage|p2a: Bronzong|225\/338
|-unboost|p1a: Hydreigon|spa|2
|-damage|p1a: Hydreigon|45\/325|[from] item: Life Orb
|
|-heal|p2a: Bronzong|246\/338|[from] item: Leftovers
|turn|6
|
|move|p1a: Hydreigon|Dark Pulse|p2a: Bronzong
|-supereffective|p2a: Bronzong
|-damage|p2a: Bronzong|126\/338
|-damage|p1a: Hydreigon|13\/325|[from] item: Life Orb
|move|p2a: Bronzong|Stealth Rock|p1a: Hydreigon
|-sidestart|p1: King UU|move: Stealth Rock
|
|-heal|p2a: Bronzong|147\/338|[from] item: Leftovers
|turn|7
|
|move|p2a: Bronzong|Protect|p2a: Bronzong
|-singleturn|p2a: Bronzong|Protect
|move|p1a: Hydreigon|Roost|p1a: Hydreigon
|-heal|p1a: Hydreigon|176\/325
|
|-heal|p2a: Bronzong|168\/338|[from] item: Leftovers
|turn|8
|
|move|p1a: Hydreigon|Dark Pulse|p2a: Bronzong
|-supereffective|p2a: Bronzong
|-damage|p2a: Bronzong|51\/338
|-damage|p1a: Hydreigon|144\/325|[from] item: Life Orb
|move|p2a: Bronzong|Toxic|p1a: Hydreigon
|-status|p1a: Hydreigon|tox
|
|-heal|p2a: Bronzong|72\/338|[from] item: Leftovers
|-damage|p1a: Hydreigon|124\/325 tox|[from] psn
|turn|9
|
|move|p1a: Hydreigon|Roost|p1a: Hydreigon
|-heal|p1a: Hydreigon|287\/325 tox
|move|p2a: Bronzong|Gyro Ball|p1a: Hydreigon
|-damage|p1a: Hydreigon|134\/325 tox
|
|-heal|p2a: Bronzong|93\/338|[from] item: Leftovers
|-damage|p1a: Hydreigon|94\/325 tox|[from] psn
|turn|10
|
|move|p1a: Hydreigon|Roost|p1a: Hydreigon
|-heal|p1a: Hydreigon|257\/325 tox
|move|p2a: Bronzong|Gyro Ball|p1a: Hydreigon
|-damage|p1a: Hydreigon|119\/325 tox
|
|-heal|p2a: Bronzong|114\/338|[from] item: Leftovers
|-damage|p1a: Hydreigon|59\/325 tox|[from] psn
|turn|11
|
|move|p2a: Bronzong|Protect|p2a: Bronzong
|-singleturn|p2a: Bronzong|Protect
|move|p1a: Hydreigon|Dark Pulse|p2a: Bronzong
|-activate|p2a: Bronzong|Protect
|
|-heal|p2a: Bronzong|135\/338|[from] item: Leftovers
|-damage|p1a: Hydreigon|0 fnt|[from] psn
|faint|p1a: Hydreigon
|
|switch|p1a: Infernape|Infernape, M|276\/356
|-damage|p1a: Infernape|232\/356|[from] Stealth Rock
|turn|12
|
|move|p1a: Infernape|Fire Blast|p2a: Bronzong
|-supereffective|p2a: Bronzong
|-damage|p2a: Bronzong|0 fnt
|faint|p2a: Bronzong
|
|
|switch|p2a: Suicune|Suicune|404\/404
|-damage|p2a: Suicune|354\/404|[from] Stealth Rock
|-ability|p2a: Suicune|Pressure
|turn|13
|
|switch|p2a: Salamence|Salamence, F|393\/393
|-damage|p2a: Salamence|295\/393|[from] Stealth Rock
|-ability|p2a: Salamence|Intimidate|[of] p1a: Infernape
|-unboost|p1a: Infernape|atk|1
|move|p1a: Infernape|Endeavor|p2a: Salamence
|-damage|p2a: Salamence|232\/393
|
|-heal|p2a: Salamence|256\/393|[from] item: Leftovers
|turn|14
|
|move|p1a: Infernape|Fire Blast|p2a: Salamence
|-resisted|p2a: Salamence
|-damage|p2a: Salamence|172\/393
|move|p2a: Salamence|Dragon Claw|p1a: Infernape
|-damage|p1a: Infernape|49\/356
|
|-heal|p2a: Salamence|196\/393|[from] item: Leftovers
|turn|15
|
|move|p1a: Infernape|Endeavor|p2a: Salamence
|-damage|p2a: Salamence|49\/393
|move|p2a: Salamence|Dragon Claw|p1a: Infernape
|-damage|p1a: Infernape|0 fnt
|faint|p1a: Infernape
|
|-heal|p2a: Salamence|73\/393|[from] item: Leftovers
|
|switch|p1a: Lopunny|Lopunny, M|271\/271
|-damage|p1a: Lopunny|238\/271|[from] Stealth Rock
|turn|16
|
|detailschange|p1a: Lopunny|Lopunny-Mega, M
|message|Lopunny has Mega Evolved into Mega Lopunny!
|move|p1a: Lopunny|High Jump Kick|p2a: Salamence
|-resisted|p2a: Salamence
|-damage|p2a: Salamence|0 fnt
|faint|p2a: Salamence
|
|
|switch|p2a: Chesnaught|Chesnaught, F|380\/380
|-damage|p2a: Chesnaught|357\/380|[from] Stealth Rock
|turn|17
|
|move|p1a: Lopunny|Power-Up Punch|p2a: Chesnaught
|-damage|p2a: Chesnaught|312\/380
|-boost|p1a: Lopunny|atk|1
|move|p2a: Chesnaught|Leech Seed|p1a: Lopunny
|-start|p1a: Lopunny|move: Leech Seed
|
|-heal|p2a: Chesnaught|335\/380|[from] item: Leftovers
|-damage|p1a: Lopunny|205\/271|[from] Leech Seed|[of] p2a: Chesnaught
|-heal|p2a: Chesnaught|368\/380|[silent]
|turn|18
|
|move|p1a: Lopunny|Power-Up Punch|p2a: Chesnaught
|-damage|p2a: Chesnaught|304\/380
|-boost|p1a: Lopunny|atk|1
|move|p2a: Chesnaught|Spikes|p1a: Lopunny
|-sidestart|p1: King UU|Spikes
|
|-heal|p2a: Chesnaught|327\/380|[from] item: Leftovers
|-damage|p1a: Lopunny|172\/271|[from] Leech Seed|[of] p2a: Chesnaught
|-heal|p2a: Chesnaught|360\/380|[silent]
|turn|19
|
|move|p2a: Chesnaught|Spiky Shield|p2a: Chesnaught
|-singleturn|p2a: Chesnaught|move: Protect
|move|p1a: Lopunny|High Jump Kick|p2a: Chesnaught
|-activate|p2a: Chesnaught|move: Protect
|-damage|p1a: Lopunny|139\/271|[from] Spiky Shield|[of] p2a: Chesnaught
|-damage|p1a: Lopunny|4\/271|[from] highjumpkick
|
|-heal|p2a: Chesnaught|380\/380|[from] item: Leftovers
|-damage|p1a: Lopunny|0 fnt|[from] Leech Seed|[of] p2a: Chesnaught
|faint|p1a: Lopunny
|
|switch|p1a: Krookodile|Krookodile, F|383\/383
|-damage|p1a: Krookodile|360\/383|[from] Stealth Rock
|-damage|p1a: Krookodile|313\/383|[from] Spikes
|-ability|p1a: Krookodile|Intimidate|[of] p2a: Chesnaught
|-unboost|p2a: Chesnaught|atk|1
|turn|20
|
|move|p1a: Krookodile|Taunt|p2a: Chesnaught
|-start|p2a: Chesnaught|move: Taunt
|cant|p2a: Chesnaught|move: Taunt|Leech Seed
|
|-heal|p1a: Krookodile|336\/383|[from] item: Leftovers
|turn|21
|
|move|p1a: Krookodile|Bulk Up|p1a: Krookodile
|-boost|p1a: Krookodile|atk|1
|-boost|p1a: Krookodile|def|1
|move|p2a: Chesnaught|Hammer Arm|p1a: Krookodile
|-supereffective|p1a: Krookodile
|-damage|p1a: Krookodile|210\/383
|-unboost|p2a: Chesnaught|spe|1
|
|-heal|p1a: Krookodile|233\/383|[from] item: Leftovers
|turn|22
|
|move|p1a: Krookodile|Bulk Up|p1a: Krookodile
|-boost|p1a: Krookodile|atk|1
|-boost|p1a: Krookodile|def|1
|move|p2a: Chesnaught|Hammer Arm|p1a: Krookodile
|-supereffective|p1a: Krookodile
|-damage|p1a: Krookodile|129\/383
|-unboost|p2a: Chesnaught|spe|1
|
|-heal|p1a: Krookodile|152\/383|[from] item: Leftovers
|-end|p2a: Chesnaught|move: Taunt
|turn|23
|
|move|p1a: Krookodile|Taunt|p2a: Chesnaught
|-start|p2a: Chesnaught|move: Taunt
|move|p2a: Chesnaught|Hammer Arm|p1a: Krookodile
|-supereffective|p1a: Krookodile
|-damage|p1a: Krookodile|60\/383
|-unboost|p2a: Chesnaught|spe|1
|
|-heal|p1a: Krookodile|83\/383|[from] item: Leftovers
|turn|24
|
|move|p1a: Krookodile|Bulk Up|p1a: Krookodile
|-boost|p1a: Krookodile|atk|1
|-boost|p1a: Krookodile|def|1
|move|p2a: Chesnaught|Hammer Arm|p1a: Krookodile|[miss]
|-miss|p2a: Chesnaught|p1a: Krookodile
|
|-heal|p1a: Krookodile|106\/383|[from] item: Leftovers
|turn|25
|
|move|p1a: Krookodile|Knock Off|p2a: Chesnaught
|-resisted|p2a: Chesnaught
|-damage|p2a: Chesnaught|257\/380
|-enditem|p2a: Chesnaught|Leftovers|[from] move: Knock Off|[of] p1a: Krookodile
|move|p2a: Chesnaught|Hammer Arm|p1a: Krookodile
|-supereffective|p1a: Krookodile
|-damage|p1a: Krookodile|20\/383
|-unboost|p2a: Chesnaught|spe|1
|
|-heal|p1a: Krookodile|43\/383|[from] item: Leftovers
|-end|p2a: Chesnaught|move: Taunt
|turn|26
|
|move|p1a: Krookodile|Earthquake|p2a: Chesnaught
|-resisted|p2a: Chesnaught
|-damage|p2a: Chesnaught|119\/380
|move|p2a: Chesnaught|Hammer Arm|p1a: Krookodile
|-supereffective|p1a: Krookodile
|-damage|p1a: Krookodile|0 fnt
|-unboost|p2a: Chesnaught|spe|1
|faint|p1a: Krookodile
|
|
|switch|p1a: Jirachi|Jirachi|341\/341
|-damage|p1a: Jirachi|299\/341|[from] Spikes
|-damage|p1a: Jirachi|278\/341|[from] Stealth Rock
|turn|27
|
|move|p2a: Chesnaught|Spiky Shield|p2a: Chesnaught
|-singleturn|p2a: Chesnaught|move: Protect
|move|p1a: Jirachi|Zen Headbutt|p2a: Chesnaught
|-activate|p2a: Chesnaught|move: Protect
|-damage|p1a: Jirachi|236\/341|[from] Spiky Shield|[of] p2a: Chesnaught
|
|turn|28
|
|switch|p2a: Volcarona|Volcarona, F|312\/312
|-damage|p2a: Volcarona|156\/312|[from] Stealth Rock
|move|p1a: Jirachi|Zen Headbutt|p2a: Volcarona
|-damage|p2a: Volcarona|0 fnt
|faint|p2a: Volcarona
|
|
|switch|p2a: Suicune|Suicune|354\/404
|-damage|p2a: Suicune|304\/404|[from] Stealth Rock
|-ability|p2a: Suicune|Pressure
|turn|29
|
|switch|p1a: Vaporeon|Vaporeon, F|464\/464
|-damage|p1a: Vaporeon|406\/464|[from] Stealth Rock
|-damage|p1a: Vaporeon|348\/464|[from] Spikes
|move|p2a: Suicune|Calm Mind|p2a: Suicune
|-boost|p2a: Suicune|spa|1
|-boost|p2a: Suicune|spd|1
|
|-heal|p2a: Suicune|329\/404|[from] item: Leftovers
|-heal|p1a: Vaporeon|377\/464|[from] item: Leftovers
|turn|30
|
|switch|p2a: Chesnaught|Chesnaught, F|119\/380
|-damage|p2a: Chesnaught|96\/380|[from] Stealth Rock
|move|p1a: Vaporeon|Baton Pass|p1a: Vaporeon
|
|switch|p1a: Jirachi|Jirachi|236\/341
|-damage|p1a: Jirachi|194\/341|[from] Spikes
|-damage|p1a: Jirachi|173\/341|[from] Stealth Rock
|
|turn|31
|
|move|p2a: Chesnaught|Spiky Shield|p2a: Chesnaught
|-singleturn|p2a: Chesnaught|move: Protect
|move|p1a: Jirachi|Zen Headbutt|p2a: Chesnaught
|-activate|p2a: Chesnaught|move: Protect
|-damage|p1a: Jirachi|131\/341|[from] Spiky Shield|[of] p2a: Chesnaught
|
|turn|32
|
|switch|p2a: Suicune|Suicune|329\/404
|-damage|p2a: Suicune|279\/404|[from] Stealth Rock
|-ability|p2a: Suicune|Pressure
|move|p1a: Jirachi|Zen Headbutt|p2a: Suicune
|-damage|p2a: Suicune|200\/404
|
|-heal|p2a: Suicune|225\/404|[from] item: Leftovers
|turn|33
|
|move|p1a: Jirachi|Zen Headbutt|p2a: Suicune
|-damage|p2a: Suicune|144\/404
|cant|p2a: Suicune|flinch
|
|-heal|p2a: Suicune|169\/404|[from] item: Leftovers
|turn|34
|
|move|p1a: Jirachi|Zen Headbutt|p2a: Suicune
|-damage|p2a: Suicune|93\/404
|move|p2a: Suicune|Rest|p2a: Suicune
|-status|p2a: Suicune|slp
|-heal|p2a: Suicune|404\/404 slp|[silent]
|-status|p2a: Suicune|slp|[from] move: Rest
|
|turn|35
|
|switch|p1a: Vaporeon|Vaporeon, F|377\/464
|-damage|p1a: Vaporeon|319\/464|[from] Stealth Rock
|-damage|p1a: Vaporeon|261\/464|[from] Spikes
|cant|p2a: Suicune|slp
|move|p2a: Suicune|Sleep Talk|p2a: Suicune
|move|p2a: Suicune|Scald|p1a: Vaporeon|[from]Sleep Talk
|-heal|p1a: Vaporeon|377\/464|[from] ability: Water Absorb|[of] p2a: Suicune
|
|-heal|p1a: Vaporeon|406\/464|[from] item: Leftovers
|turn|36
|
|switch|p2a: Chesnaught|Chesnaught, F|96\/380
|-damage|p2a: Chesnaught|73\/380|[from] Stealth Rock
|move|p1a: Vaporeon|Wish|p1a: Vaporeon
|
|-heal|p1a: Vaporeon|435\/464|[from] item: Leftovers
|turn|37
|
|move|p2a: Chesnaught|Hammer Arm|p1a: Vaporeon|[miss]
|-miss|p2a: Chesnaught|p1a: Vaporeon
|move|p1a: Vaporeon|Baton Pass|p1a: Vaporeon
|
|switch|p1a: Jirachi|Jirachi|131\/341
|-damage|p1a: Jirachi|110\/341|[from] Stealth Rock
|-damage|p1a: Jirachi|68\/341|[from] Spikes
|
|-heal|p1a: Jirachi|300\/341|[from] move: Wish|[wisher] Vaporeon
|turn|38
|
|move|p2a: Chesnaught|Spiky Shield|p2a: Chesnaught
|-singleturn|p2a: Chesnaught|move: Protect
|move|p1a: Jirachi|Zen Headbutt|p2a: Chesnaught
|-activate|p2a: Chesnaught|move: Protect
|-damage|p1a: Jirachi|258\/341|[from] Spiky Shield|[of] p2a: Chesnaught
|
|turn|39
|
|switch|p2a: Suicune|Suicune|404\/404 slp
|-damage|p2a: Suicune|354\/404 slp|[from] Stealth Rock
|-ability|p2a: Suicune|Pressure
|move|p1a: Jirachi|Zen Headbutt|p2a: Suicune
|-damage|p2a: Suicune|279\/404 slp
|
|-heal|p2a: Suicune|304\/404 slp|[from] item: Leftovers
|turn|40
|
|switch|p1a: Vaporeon|Vaporeon, F|435\/464
|-damage|p1a: Vaporeon|377\/464|[from] Spikes
|-damage|p1a: Vaporeon|319\/464|[from] Stealth Rock
|switch|p2a: Beedrill|Beedrill-Mega, M|272\/272
|-damage|p2a: Beedrill|204\/272|[from] Stealth Rock
|
|-heal|p1a: Vaporeon|348\/464|[from] item: Leftovers
|turn|41
|
|move|p1a: Vaporeon|Protect|p1a: Vaporeon
|-singleturn|p1a: Vaporeon|Protect
|move|p2a: Beedrill|Poison Jab|p1a: Vaporeon
|-activate|p1a: Vaporeon|Protect
|
|-heal|p1a: Vaporeon|377\/464|[from] item: Leftovers
|turn|42
|
|move|p2a: Beedrill|Poison Jab|p1a: Vaporeon
|-damage|p1a: Vaporeon|133\/464
|-status|p1a: Vaporeon|psn
|move|p1a: Vaporeon|Scald|p2a: Beedrill
|-crit|p2a: Beedrill
|-damage|p2a: Beedrill|5\/272
|
|-heal|p1a: Vaporeon|162\/464 psn|[from] item: Leftovers
|-damage|p1a: Vaporeon|104\/464 psn|[from] psn
|turn|43
|
|move|p2a: Beedrill|Drill Run|p1a: Vaporeon
|-damage|p1a: Vaporeon|0 fnt
|faint|p1a: Vaporeon
|
|
|switch|p1a: Jirachi|Jirachi|258\/341
|-damage|p1a: Jirachi|216\/341|[from] Spikes
|-damage|p1a: Jirachi|195\/341|[from] Stealth Rock
|turn|44
|
|move|p1a: Jirachi|Zen Headbutt|p2a: Beedrill
|-supereffective|p2a: Beedrill
|-damage|p2a: Beedrill|0 fnt
|faint|p2a: Beedrill
|
|
|switch|p2a: Chesnaught|Chesnaught, F|73\/380
|-damage|p2a: Chesnaught|50\/380|[from] Stealth Rock
|turn|45
|
|move|p2a: Chesnaught|Spiky Shield|p2a: Chesnaught
|-singleturn|p2a: Chesnaught|move: Protect
|move|p1a: Jirachi|Zen Headbutt|p2a: Chesnaught
|-activate|p2a: Chesnaught|move: Protect
|-damage|p1a: Jirachi|153\/341|[from] Spiky Shield|[of] p2a: Chesnaught
|
|turn|46
|
|move|p2a: Chesnaught|Spiky Shield|p2a: Chesnaught
|-singleturn|p2a: Chesnaught|move: Protect
|move|p1a: Jirachi|Zen Headbutt|p2a: Chesnaught
|-activate|p2a: Chesnaught|move: Protect
|-damage|p1a: Jirachi|111\/341|[from] Spiky Shield|[of] p2a: Chesnaught
|
|turn|47
|
|move|p2a: Chesnaught|Spiky Shield|p2a: Chesnaught
|-fail|p2a: Chesnaught
|move|p1a: Jirachi|Zen Headbutt|p2a: Chesnaught
|-supereffective|p2a: Chesnaught
|-damage|p2a: Chesnaught|0 fnt
|faint|p2a: Chesnaught
|
|
|switch|p2a: Suicune|Suicune|304\/404 slp
|-damage|p2a: Suicune|254\/404 slp|[from] Stealth Rock
|-ability|p2a: Suicune|Pressure
|turn|48
|
|move|p1a: Jirachi|Zen Headbutt|p2a: Suicune
|-damage|p2a: Suicune|182\/404 slp
|cant|p2a: Suicune|slp
|move|p2a: Suicune|Sleep Talk|p2a: Suicune
|move|p2a: Suicune|Calm Mind|p2a: Suicune|[from]Sleep Talk
|-boost|p2a: Suicune|spa|1
|-boost|p2a: Suicune|spd|1
|
|-heal|p2a: Suicune|207\/404 slp|[from] item: Leftovers
|turn|49
|
|move|p1a: Jirachi|Zen Headbutt|p2a: Suicune
|-damage|p2a: Suicune|135\/404 slp
|-curestatus|p2a: Suicune|slp
|move|p2a: Suicune|Sleep Talk|p2a: Suicune
|-fail|p2a: Suicune
|
|-heal|p2a: Suicune|160\/404|[from] item: Leftovers
|turn|50
|
|move|p1a: Jirachi|Zen Headbutt|p2a: Suicune
|-damage|p2a: Suicune|78\/404
|move|p2a: Suicune|Scald|p1a: Jirachi
|-damage|p1a: Jirachi|0 fnt
|faint|p1a: Jirachi
|
|win|Key
|raw|Ladder updating...
|raw|King UU's rating: 1481 &rarr; <strong>1453<\/strong><br \/>(-28 for losing)
|raw|Key's rating: 1333 &rarr; <strong>1361<\/strong><br \/>(+28 for winning)
|c|âKey|gg
|c|âKing UU|gg
|leave|King UU
|player|p1