|join|Key
|join|Aflomon
|player|p1|Key|101
|player|p2|Aflomon|110
|gametype|singles
|gen|6
|tier|UU
|rated
|rule|Sleep Clause Mod: Limit one foe put to sleep
|rule|Species Clause: Limit one of each PokÃ©mon
|rule|OHKO Clause: OHKO moves are banned
|rule|Moody Clause: Moody is banned
|rule|Evasion Moves Clause: Evasion moves are banned
|rule|Endless Battle Clause: Forcing endless battles is banned
|rule|HP Percentage Mod: HP is shown in percentages
|clearpoke
|poke|p1|Rhyperior, M
|poke|p1|Beedrill, M
|poke|p1|Suicune
|poke|p1|Volcarona, F
|poke|p1|Salamence, F
|poke|p1|Shaymin
|poke|p2|Haxorus, F
|poke|p2|Mienshao, M
|poke|p2|Chandelure, M
|poke|p2|Florges, F
|poke|p2|Suicune
|poke|p2|Metagross
|rule|Swagger Clause: Swagger is banned
|rule|Baton Pass Clause: Limit one PokÃ©mon knowing Baton Pass
|teampreview
|
|start
|switch|p1a: Beedrill|Beedrill, M|272\/272
|switch|p2a: Metagross|Metagross|364\/364
|turn|1
|
|detailschange|p1a: Beedrill|Beedrill-Mega, M
|message|Beedrill has Mega Evolved into Mega Beedrill!
|move|p1a: Beedrill|Protect|p1a: Beedrill
|-singleturn|p1a: Beedrill|Protect
|move|p2a: Metagross|Stealth Rock|p1a: Beedrill
|-sidestart|p1: Key|move: Stealth Rock
|
|turn|2
|
|switch|p2a: Chandelure|Chandelure, M|261\/261
|move|p1a: Beedrill|U-turn|p2a: Chandelure
|-resisted|p2a: Chandelure
|-damage|p2a: Chandelure|205\/261
|
|switch|p1a: Salamence|Salamence, F|393\/393
|-damage|p1a: Salamence|295\/393|[from] Stealth Rock
|-ability|p1a: Salamence|Intimidate|[of] p2a: Chandelure
|-unboost|p2a: Chandelure|atk|1
|
|-heal|p1a: Salamence|319\/393|[from] item: Leftovers
|turn|3
|
|switch|p2a: Florges|Florges, F|360\/360
|move|p1a: Salamence|Defog|p2a: Florges
|-unboost|p2a: Florges|evasion|1
|-sideend|p1: Key|Stealth Rock|[from] move: Defog|[of] p1a: Salamence
|
|-heal|p1a: Salamence|343\/393|[from] item: Leftovers
|turn|4
|
|switch|p1a: Beedrill|Beedrill-Mega, M|272\/272
|move|p2a: Florges|Toxic|p1a: Beedrill
|-fail|p1a: Beedrill
|
|turn|5
|join|innovamania
|
|switch|p2a: Metagross|Metagross|364\/364
|move|p1a: Beedrill|U-turn|p2a: Metagross
|-damage|p2a: Metagross|212\/364
|
|switch|p1a: Volcarona|Volcarona, F|310\/310
|
|-heal|p2a: Metagross|234\/364|[from] item: Leftovers
|turn|6
|
|switch|p2a: Suicune|Suicune|404\/404
|-ability|p2a: Suicune|Pressure
|move|p1a: Volcarona|Quiver Dance|p1a: Volcarona
|-boost|p1a: Volcarona|spa|1
|-boost|p1a: Volcarona|spd|1
|-boost|p1a: Volcarona|spe|1
|
|turn|7
|
|move|p1a: Volcarona|Quiver Dance|p1a: Volcarona
|-boost|p1a: Volcarona|spa|1
|-boost|p1a: Volcarona|spd|1
|-boost|p1a: Volcarona|spe|1
|move|p2a: Suicune|Calm Mind|p2a: Suicune
|-boost|p2a: Suicune|spa|1
|-boost|p2a: Suicune|spd|1
|
|turn|8
|
|move|p1a: Volcarona|Giga Drain|p2a: Suicune
|-supereffective|p2a: Suicune
|-damage|p2a: Suicune|180\/404
|move|p2a: Suicune|Calm Mind|p2a: Suicune
|-boost|p2a: Suicune|spa|1
|-boost|p2a: Suicune|spd|1
|
|-heal|p2a: Suicune|205\/404|[from] item: Leftovers
|turn|9
|
|move|p1a: Volcarona|Quiver Dance|p1a: Volcarona
|-boost|p1a: Volcarona|spa|1
|-boost|p1a: Volcarona|spd|1
|-boost|p1a: Volcarona|spe|1
|move|p2a: Suicune|Rest|p2a: Suicune
|-status|p2a: Suicune|slp
|-heal|p2a: Suicune|404\/404 slp|[silent]
|-status|p2a: Suicune|slp|[from] move: Rest
|
|turn|10
|
|move|p1a: Volcarona|Quiver Dance|p1a: Volcarona
|-boost|p1a: Volcarona|spa|1
|-boost|p1a: Volcarona|spd|1
|-boost|p1a: Volcarona|spe|1
|cant|p2a: Suicune|slp
|move|p2a: Suicune|Sleep Talk|p2a: Suicune
|move|p2a: Suicune|Rest|p2a: Suicune|[from]Sleep Talk
|-fail|p2a: Suicune
|
|turn|11
|
|move|p1a: Volcarona|Giga Drain|p2a: Suicune
|-supereffective|p2a: Suicune
|-damage|p2a: Suicune|146\/404 slp
|cant|p2a: Suicune|slp
|move|p2a: Suicune|Sleep Talk|p2a: Suicune
|move|p2a: Suicune|Scald|p1a: Volcarona|[from]Sleep Talk
|-supereffective|p1a: Volcarona
|-damage|p1a: Volcarona|200\/310
|
|-heal|p1a: Volcarona|219\/310|[from] item: Leftovers
|-heal|p2a: Suicune|171\/404 slp|[from] item: Leftovers
|turn|12
|
|move|p1a: Volcarona|Giga Drain|p2a: Suicune
|-supereffective|p2a: Suicune
|-damage|p2a: Suicune|0 fnt
|-heal|p1a: Volcarona|305\/310|[from] drain|[of] p2a: Suicune
|faint|p2a: Suicune
|
|-heal|p1a: Volcarona|310\/310|[from] item: Leftovers
|
|switch|p2a: Mienshao|Mienshao, M|272\/272
|turn|13
|
|move|p1a: Volcarona|Fiery Dance|p2a: Mienshao
|-damage|p2a: Mienshao|0 fnt
|-boost|p1a: Volcarona|spa|1
|faint|p2a: Mienshao
|
|
|switch|p2a: Chandelure|Chandelure, M|205\/261
|turn|14
|
|move|p1a: Volcarona|Giga Drain|p2a: Chandelure
|-resisted|p2a: Chandelure
|-damage|p2a: Chandelure|23\/261
|move|p2a: Chandelure|Trick|p1a: Volcarona
|-activate|p2a: Chandelure|move: Trick|[of] p1a: Volcarona
|-item|p1a: Volcarona|Choice Scarf|[from] move: Trick
|-item|p2a: Chandelure|Leftovers|[from] move: Trick
|
|-heal|p2a: Chandelure|39\/261|[from] item: Leftovers
|turn|15
|
|switch|p2a: Florges|Florges, F|360\/360
|move|p1a: Volcarona|Bug Buzz|p2a: Florges
|-resisted|p2a: Florges
|-damage|p2a: Florges|219\/360
|
|-heal|p2a: Florges|241\/360|[from] item: Leftovers
|turn|16
|
|move|p1a: Volcarona|Bug Buzz|p2a: Florges
|-resisted|p2a: Florges
|-damage|p2a: Florges|87\/360
|move|p2a: Florges|Toxic|p1a: Volcarona
|-status|p1a: Volcarona|tox
|
|-heal|p2a: Florges|109\/360|[from] item: Leftovers
|-damage|p1a: Volcarona|291\/310 tox|[from] psn
|turn|17
|
|move|p1a: Volcarona|Bug Buzz|p2a: Florges
|-resisted|p2a: Florges
|-damage|p2a: Florges|0 fnt
|faint|p2a: Florges
|
|-damage|p1a: Volcarona|253\/310 tox|[from] psn
|
|switch|p2a: Haxorus|Haxorus, F|294\/294
|-ability|p2a: Haxorus|Mold Breaker
|turn|18
|c|âAflomon|what did i do
|
|move|p1a: Volcarona|Bug Buzz|p2a: Haxorus
|-damage|p2a: Haxorus|0 fnt
|faint|p2a: Haxorus
|
|-damage|p1a: Volcarona|196\/310 tox|[from] psn
|c|âKey|looool
|-message|Aflomon forfeited.
|
|win|Key
|raw|Ladder updating...
|leave|Aflomon
|player|p2
|raw|Key's rating: 1203 &rarr; <strong>1227<\/strong><br \/>(+24 for winning)
|raw|Aflomon's rating: 1183 &rarr; <strong>1159<\/strong><br \/>(-24 for losing)