|join|KanapÂ£sh
|join|Key
|player|p1|KanapÂ£sh|58
|player|p2|Key|1
|gametype|singles
|gen|6
|tier|UU
|rated
|rule|Sleep Clause Mod: Limit one foe put to sleep
|rule|Species Clause: Limit one of each PokÃ©mon
|rule|OHKO Clause: OHKO moves are banned
|rule|Moody Clause: Moody is banned
|rule|Evasion Moves Clause: Evasion moves are banned
|rule|Endless Battle Clause: Forcing endless battles is banned
|rule|HP Percentage Mod: HP is shown in percentages
|clearpoke
|poke|p1|Meloetta, shiny
|poke|p1|Blastoise, M
|poke|p1|Hydreigon, M, shiny
|poke|p1|Machamp, F
|poke|p1|Jirachi, shiny
|poke|p1|Crobat, M
|poke|p2|Entei, shiny
|poke|p2|Toxicroak, M
|poke|p2|Hydreigon, M
|poke|p2|Florges, F
|poke|p2|Rhyperior, F
|poke|p2|Blastoise, F
|rule|Swagger Clause: Swagger is banned
|rule|Baton Pass Clause: Limit one PokÃ©mon knowing Baton Pass
|teampreview
|
|start
|switch|p1a: KV-1S|Blastoise, M|333\/333
|switch|p2a: Entei|Entei, shiny|372\/372
|-ability|p2a: Entei|Pressure
|turn|1
|
|switch|p2a: Toxicroak|Toxicroak, M|307\/307
|switch|p1a: Accuracy pls|Machamp, F|324\/324
|
|turn|2
|
|move|p2a: Toxicroak|Gunk Shot|p1a: Accuracy pls
|-damage|p1a: Accuracy pls|4\/324
|-damage|p2a: Toxicroak|277\/307|[from] item: Life Orb
|move|p1a: Accuracy pls|Close Combat|p2a: Toxicroak
|-resisted|p2a: Toxicroak
|-damage|p2a: Toxicroak|32\/307
|-unboost|p1a: Accuracy pls|def|1
|-unboost|p1a: Accuracy pls|spd|1
|
|turn|3
|
|switch|p1a: Come on Shaymin|Crobat, M|323\/323
|move|p2a: Toxicroak|Sucker Punch|p1a: Come on Shaymin
|-fail|p1a: Come on Shaymin
|
|turn|4
|
|switch|p1a: Accuracy pls|Machamp, F|4\/324
|switch|p2a: Rhyperior|Rhyperior, F|434\/434
|
|turn|5
|
|move|p2a: Rhyperior|Protect|p2a: Rhyperior
|-singleturn|p2a: Rhyperior|Protect
|move|p1a: Accuracy pls|Close Combat|p2a: Rhyperior
|-activate|p2a: Rhyperior|Protect
|
|turn|6
|
|switch|p2a: Florges|Florges, F|360\/360
|move|p1a: Accuracy pls|Close Combat|p2a: Florges
|-resisted|p2a: Florges
|-damage|p2a: Florges|211\/360
|-unboost|p1a: Accuracy pls|def|1
|-unboost|p1a: Accuracy pls|spd|1
|
|-heal|p2a: Florges|233\/360|[from] item: Leftovers
|turn|7
|
|switch|p1a: Arena Star â|Jirachi, shiny|341\/341
|move|p2a: Florges|Moonblast|p1a: Arena Star â
|-resisted|p1a: Arena Star â
|-damage|p1a: Arena Star â|278\/341
|-unboost|p1a: Arena Star â|spa|1
|
|-heal|p1a: Arena Star â|299\/341|[from] item: Leftovers
|-heal|p2a: Florges|255\/360|[from] item: Leftovers
|turn|8
|
|switch|p2a: Entei|Entei, shiny|372\/372
|-ability|p2a: Entei|Pressure
|move|p1a: Arena Star â|Stealth Rock|p2a: Entei
|-sidestart|p2: Key|move: Stealth Rock
|
|-heal|p1a: Arena Star â|320\/341|[from] item: Leftovers
|turn|9
|
|move|p1a: Arena Star â|U-turn|p2a: Entei
|-resisted|p2a: Entei
|-damage|p2a: Entei|329\/372
|
|switch|p1a: KV-1S|Blastoise, M|333\/333
|move|p2a: Entei|Sacred Fire|p1a: KV-1S
|-resisted|p1a: KV-1S
|-damage|p1a: KV-1S|194\/333
|-status|p1a: KV-1S|brn
|
|-damage|p1a: KV-1S|153\/333 brn|[from] brn
|turn|10
|
|switch|p2a: Florges|Florges, F|255\/360
|-damage|p2a: Florges|210\/360|[from] Stealth Rock
|detailschange|p1a: KV-1S|Blastoise-Mega, M
|message|Blastoise has Mega Evolved into Mega Blastoise!
|move|p1a: KV-1S|Hydro Pump|p2a: Florges
|-damage|p2a: Florges|68\/360
|
|-heal|p2a: Florges|90\/360|[from] item: Leftovers
|-damage|p1a: KV-1S|112\/333 brn|[from] brn
|turn|11
|
|switch|p1a: Arena Star â|Jirachi, shiny|320\/341
|move|p2a: Florges|Protect|p2a: Florges
|-fail|p2a: Florges
|
|-heal|p1a: Arena Star â|341\/341|[from] item: Leftovers
|-heal|p2a: Florges|112\/360|[from] item: Leftovers
|turn|12
|
|move|p2a: Florges|Protect|p2a: Florges
|-singleturn|p2a: Florges|Protect
|move|p1a: Arena Star â|U-turn|p2a: Florges
|-activate|p2a: Florges|Protect
|
|-heal|p2a: Florges|134\/360|[from] item: Leftovers
|turn|13
|
|switch|p2a: Blastoise|Blastoise, F|362\/362
|-damage|p2a: Blastoise|317\/362|[from] Stealth Rock
|move|p1a: Arena Star â|U-turn|p2a: Blastoise
|-damage|p2a: Blastoise|245\/362
|
|switch|p1a: Accuracy pls|Machamp, F|4\/324
|
|turn|14
|
|detailschange|p2a: Blastoise|Blastoise-Mega, F
|message|Blastoise has Mega Evolved into Mega Blastoise!
|move|p1a: Accuracy pls|Close Combat|p2a: Blastoise
|-damage|p2a: Blastoise|0 fnt
|-unboost|p1a: Accuracy pls|def|1
|-unboost|p1a: Accuracy pls|spd|1
|faint|p2a: Blastoise
|
|
|switch|p2a: Entei|Entei, shiny|329\/372
|-damage|p2a: Entei|236\/372|[from] Stealth Rock
|-ability|p2a: Entei|Pressure
|turn|15
|
|switch|p1a: Sazandora|Hydreigon, M, shiny|325\/325
|move|p2a: Entei|Sacred Fire|p1a: Sazandora
|-resisted|p1a: Sazandora
|-damage|p1a: Sazandora|172\/325
|
|turn|16
|
|move|p1a: Sazandora|Draco Meteor|p2a: Entei
|-damage|p2a: Entei|0 fnt
|-unboost|p1a: Sazandora|spa|2
|faint|p2a: Entei
|
|
|switch|p2a: Florges|Florges, F|134\/360
|-damage|p2a: Florges|89\/360|[from] Stealth Rock
|turn|17
|
|switch|p1a: Remember ~|Meloetta, shiny|401\/401
|move|p2a: Florges|Wish|p2a: Florges
|
|-heal|p2a: Florges|111\/360|[from] item: Leftovers
|turn|18
|
|move|p1a: Remember ~|Psyshock|p2a: Florges
|-damage|p2a: Florges|0 fnt
|faint|p2a: Florges
|
|-message|Key forfeited.
|
|win|KanapÂ£sh
|raw|Ladder updating...
|leave|Key
|player|p2
|raw|KanapÂ£sh's rating: 1429 &rarr; <strong>1452<\/strong><br \/>(+23 for winning)
|raw|Key's rating: 1483 &rarr; <strong>1460<\/strong><br \/>(-23 for losing)