|join|Key
|join|Pokemon Sins
|player|p1|Key|242
|player|p2|Pokemon Sins|15
|gametype|singles
|gen|6
|tier|UU
|rated
|rule|Sleep Clause Mod: Limit one foe put to sleep
|rule|Species Clause: Limit one of each PokÃ©mon
|rule|OHKO Clause: OHKO moves are banned
|rule|Moody Clause: Moody is banned
|rule|Evasion Moves Clause: Evasion moves are banned
|rule|Endless Battle Clause: Forcing endless battles is banned
|rule|HP Percentage Mod: HP is shown in percentages
|clearpoke
|poke|p1|Sharpedo, M
|poke|p1|Chandelure, M
|poke|p1|Zygarde
|poke|p1|Forretress, F
|poke|p1|Chesnaught, M
|poke|p1|Snorlax, M
|poke|p2|Donphan, M
|poke|p2|Vaporeon, M
|poke|p2|Aggron, F
|poke|p2|Crobat, M
|poke|p2|Lucario, M
|poke|p2|Hydreigon, F
|rule|Swagger Clause: Swagger is banned
|rule|Baton Pass Clause: Limit one PokÃ©mon knowing Baton Pass
|teampreview
|join|Eyan
|
|start
|switch|p1a: Chesnaught|Chesnaught, M|380\/380
|switch|p2a: Hydreigon|Hydreigon, F|325\/325
|turn|1
|
|move|p1a: Chesnaught|Spiky Shield|p1a: Chesnaught
|-singleturn|p1a: Chesnaught|move: Protect
|move|p2a: Hydreigon|Taunt|p1a: Chesnaught
|-activate|p1a: Chesnaught|move: Protect
|
|turn|2
|
|move|p2a: Hydreigon|Draco Meteor|p1a: Chesnaught
|-damage|p1a: Chesnaught|36\/380
|-unboost|p2a: Hydreigon|spa|2
|-damage|p2a: Hydreigon|293\/325|[from] item: Life Orb
|move|p1a: Chesnaught|Drain Punch|p2a: Hydreigon
|-supereffective|p2a: Hydreigon
|-damage|p2a: Hydreigon|81\/325
|-heal|p1a: Chesnaught|142\/380|[from] drain|[of] p2a: Hydreigon
|
|-heal|p1a: Chesnaught|165\/380|[from] item: Leftovers
|turn|3
|
|switch|p2a: Crobat|Crobat, M|323\/323
|move|p1a: Chesnaught|Drain Punch|p2a: Crobat
|-resisted|p2a: Crobat
|-damage|p2a: Crobat|293\/323
|-heal|p1a: Chesnaught|180\/380|[from] drain|[of] p2a: Crobat
|
|-heal|p1a: Chesnaught|203\/380|[from] item: Leftovers
|turn|4
|
|move|p1a: Chesnaught|Spiky Shield|p1a: Chesnaught
|-singleturn|p1a: Chesnaught|move: Protect
|move|p2a: Crobat|Brave Bird|p1a: Chesnaught
|-activate|p1a: Chesnaught|move: Protect
|-damage|p2a: Crobat|253\/323|[from] Spiky Shield|[of] p1a: Chesnaught
|
|-heal|p1a: Chesnaught|226\/380|[from] item: Leftovers
|turn|5
|join|anas908
|
|switch|p2a: Hydreigon|Hydreigon, F|81\/325
|switch|p1a: Forretress|Forretress, F|354\/354
|
|turn|6
|leave|anas908
|
|move|p2a: Hydreigon|Roost|p2a: Hydreigon
|-heal|p2a: Hydreigon|244\/325
|move|p1a: Forretress|Gyro Ball|p2a: Hydreigon
|-damage|p2a: Hydreigon|117\/325
|
|turn|7
|
|move|p2a: Hydreigon|Taunt|p1a: Forretress
|-start|p1a: Forretress|move: Taunt
|cant|p1a: Forretress|move: Taunt|Stealth Rock
|
|turn|8
|
|move|p2a: Hydreigon|Roost|p2a: Hydreigon
|-heal|p2a: Hydreigon|280\/325
|move|p1a: Forretress|Volt Switch|p2a: Hydreigon
|-resisted|p2a: Hydreigon
|-damage|p2a: Hydreigon|262\/325
|
|switch|p1a: Snorlax|Snorlax, M|501\/501
|
|turn|9
|
|switch|p1a: Chesnaught|Chesnaught, M|226\/380
|move|p2a: Hydreigon|Taunt|p1a: Chesnaught
|-start|p1a: Chesnaught|move: Taunt
|
|-heal|p1a: Chesnaught|249\/380|[from] item: Leftovers
|turn|10
|
|switch|p1a: Snorlax|Snorlax, M|501\/501
|move|p2a: Hydreigon|Draco Meteor|p1a: Snorlax
|-damage|p1a: Snorlax|283\/501
|-unboost|p2a: Hydreigon|spa|2
|-damage|p2a: Hydreigon|230\/325|[from] item: Life Orb
|
|-heal|p1a: Snorlax|314\/501|[from] item: Leftovers
|turn|11
|
|switch|p1a: Chesnaught|Chesnaught, M|249\/380
|move|p2a: Hydreigon|Taunt|p1a: Chesnaught
|-start|p1a: Chesnaught|move: Taunt
|
|-heal|p1a: Chesnaught|272\/380|[from] item: Leftovers
|turn|12
|
|switch|p2a: Crobat|Crobat, M|253\/323
|move|p1a: Chesnaught|Drain Punch|p2a: Crobat
|-resisted|p2a: Crobat
|-damage|p2a: Crobat|226\/323
|-heal|p1a: Chesnaught|286\/380|[from] drain|[of] p2a: Crobat
|
|-heal|p1a: Chesnaught|309\/380|[from] item: Leftovers
|turn|13
|
|switch|p1a: Forretress|Forretress, F|354\/354
|move|p2a: Crobat|Brave Bird|p1a: Forretress
|-damage|p1a: Forretress|257\/354
|-damage|p2a: Crobat|194\/323|[from] recoil|[of] p1a: Forretress
|
|-heal|p1a: Forretress|279\/354|[from] item: Leftovers
|turn|14
|
|switch|p2a: Lucario|Lucario, M|281\/281
|move|p1a: Forretress|Volt Switch|p2a: Lucario
|-damage|p2a: Lucario|234\/281
|
|switch|p1a: Chandelure|Chandelure, M|261\/261
|
|turn|15
|
|switch|p2a: Hydreigon|Hydreigon, F|230\/325
|move|p1a: Chandelure|Fire Blast|p2a: Hydreigon|[miss]
|-miss|p1a: Chandelure|p2a: Hydreigon
|
|turn|16
|
|switch|p1a: Snorlax|Snorlax, M|314\/501
|move|p2a: Hydreigon|Taunt|p1a: Snorlax
|-start|p1a: Snorlax|move: Taunt
|
|-heal|p1a: Snorlax|345\/501|[from] item: Leftovers
|turn|17
|
|switch|p2a: Donphan|Donphan, M|328\/328
|move|p1a: Snorlax|Body Slam|p2a: Donphan
|-damage|p2a: Donphan|237\/328
|
|-heal|p1a: Snorlax|376\/501|[from] item: Leftovers
|turn|18
|
|switch|p1a: Forretress|Forretress, F|279\/354
|move|p2a: Donphan|Gunk Shot|p1a: Forretress
|-immune|p1a: Forretress|[msg]
|
|-heal|p1a: Forretress|301\/354|[from] item: Leftovers
|turn|19
|
|switch|p2a: Vaporeon|Vaporeon, M|451\/451
|move|p1a: Forretress|Stealth Rock|p2a: Vaporeon
|-sidestart|p2: Pokemon Sins|move: Stealth Rock
|
|-heal|p1a: Forretress|323\/354|[from] item: Leftovers
|turn|20
|
|move|p2a: Vaporeon|Baton Pass|p2a: Vaporeon
|
|switch|p2a: Donphan|Donphan, M|237\/328
|-damage|p2a: Donphan|217\/328|[from] Stealth Rock
|move|p1a: Forretress|Volt Switch|p2a: Donphan
|-immune|p2a: Donphan|[msg]
|
|-heal|p1a: Forretress|345\/354|[from] item: Leftovers
|turn|21
|
|move|p2a: Donphan|Knock Off|p1a: Forretress
|-damage|p1a: Forretress|240\/354
|-enditem|p1a: Forretress|Leftovers|[from] move: Knock Off|[of] p2a: Donphan
|move|p1a: Forretress|Gyro Ball|p2a: Donphan
|-damage|p2a: Donphan|159\/328
|
|turn|22
|
|switch|p1a: Chandelure|Chandelure, M|261\/261
|move|p2a: Donphan|Knock Off|p1a: Chandelure
|-supereffective|p1a: Chandelure
|-damage|p1a: Chandelure|0 fnt
|-enditem|p1a: Chandelure|Choice Scarf|[from] move: Knock Off|[of] p2a: Donphan
|faint|p1a: Chandelure
|
|
|switch|p1a: Sharpedo|Sharpedo, M|281\/281
|turn|23
|
|switch|p2a: Vaporeon|Vaporeon, M|451\/451
|-damage|p2a: Vaporeon|395\/451|[from] Stealth Rock
|move|p1a: Sharpedo|Crunch|p2a: Vaporeon
|-damage|p2a: Vaporeon|236\/451
|
|-heal|p2a: Vaporeon|264\/451|[from] item: Leftovers
|-boost|p1a: Sharpedo|spe|1|[from] ability: Speed Boost
|turn|24
|
|switch|p2a: Donphan|Donphan, M|159\/328
|-damage|p2a: Donphan|139\/328|[from] Stealth Rock
|move|p1a: Sharpedo|Crunch|p2a: Donphan
|-damage|p2a: Donphan|19\/328
|
|-boost|p1a: Sharpedo|spe|1|[from] ability: Speed Boost
|turn|25
|
|move|p1a: Sharpedo|Waterfall|p2a: Donphan
|-crit|p2a: Donphan
|-supereffective|p2a: Donphan
|-damage|p2a: Donphan|0 fnt
|faint|p2a: Donphan
|
|-boost|p1a: Sharpedo|spe|1|[from] ability: Speed Boost
|
|switch|p2a: Aggron|Aggron, F|344\/344
|-damage|p2a: Aggron|323\/344|[from] Stealth Rock
|turn|26
|
|detailschange|p2a: Aggron|Aggron-Mega, F
|-mega|p2a: Aggron|Aggron|Aggronite
|move|p1a: Sharpedo|Crunch|p2a: Aggron
|-damage|p2a: Aggron|268\/344
|move|p2a: Aggron|Roar|p1a: Sharpedo
|drag|p1a: Chesnaught|Chesnaught, M|309\/380
|
|-heal|p1a: Chesnaught|332\/380|[from] item: Leftovers
|turn|27
|
|move|p1a: Chesnaught|Leech Seed|p2a: Aggron
|-start|p2a: Aggron|move: Leech Seed
|move|p2a: Aggron|Toxic|p1a: Chesnaught
|-status|p1a: Chesnaught|tox
|
|-heal|p1a: Chesnaught|355\/380 tox|[from] item: Leftovers
|-damage|p2a: Aggron|225\/344|[from] Leech Seed|[of] p1a: Chesnaught
|-heal|p1a: Chesnaught|380\/380 tox|[silent]
|-damage|p1a: Chesnaught|357\/380 tox|[from] psn
|turn|28
|
|move|p1a: Chesnaught|Spikes|p2a: Aggron
|-sidestart|p2: Pokemon Sins|Spikes
|move|p2a: Aggron|Stealth Rock|p1a: Chesnaught
|-sidestart|p1: Key|move: Stealth Rock
|
|-heal|p1a: Chesnaught|380\/380 tox|[from] item: Leftovers
|-damage|p2a: Aggron|182\/344|[from] Leech Seed|[of] p1a: Chesnaught
|-damage|p1a: Chesnaught|334\/380 tox|[from] psn
|turn|29
|
|switch|p2a: Crobat|Crobat, M|194\/323
|-damage|p2a: Crobat|114\/323|[from] Stealth Rock
|move|p1a: Chesnaught|Leech Seed|p2a: Crobat
|-start|p2a: Crobat|move: Leech Seed
|
|-heal|p1a: Chesnaught|357\/380 tox|[from] item: Leftovers
|-damage|p2a: Crobat|74\/323|[from] Leech Seed|[of] p1a: Chesnaught
|-heal|p1a: Chesnaught|380\/380 tox|[silent]
|-damage|p1a: Chesnaught|311\/380 tox|[from] psn
|turn|30
|
|switch|p1a: Sharpedo|Sharpedo, M|281\/281
|-damage|p1a: Sharpedo|246\/281|[from] Stealth Rock
|move|p2a: Crobat|Defog|p1a: Sharpedo
|-unboost|p1a: Sharpedo|evasion|1
|-sideend|p1: Key|Stealth Rock|[from] move: Defog|[of] p1a: Sharpedo
|-sideend|p2: Pokemon Sins|Spikes|[from] move: Defog|[of] p2a: Crobat
|-sideend|p2: Pokemon Sins|Stealth Rock|[from] move: Defog|[of] p2a: Crobat
|
|-damage|p2a: Crobat|34\/323|[from] Leech Seed|[of] p1a: Sharpedo
|-heal|p1a: Sharpedo|281\/281|[silent]
|turn|31
|
|switch|p2a: Lucario|Lucario, M|234\/281
|move|p1a: Sharpedo|Crunch|p2a: Lucario
|-resisted|p2a: Lucario
|-damage|p2a: Lucario|140\/281
|-boost|p2a: Lucario|atk|1|[from] ability: Justified
|
|-boost|p1a: Sharpedo|spe|1|[from] ability: Speed Boost
|turn|32
|
|move|p2a: Lucario|Extreme Speed|p1a: Sharpedo
|-damage|p1a: Sharpedo|0 fnt
|-damage|p2a: Lucario|112\/281|[from] item: Life Orb
|faint|p1a: Sharpedo
|
|
|switch|p1a: Zygarde|Zygarde|405\/405
|-ability|p1a: Zygarde|Aura Break
|turn|33
|
|move|p2a: Lucario|Ice Punch|p1a: Zygarde
|-supereffective|p1a: Zygarde
|-damage|p1a: Zygarde|0 fnt
|-damage|p2a: Lucario|84\/281|[from] item: Life Orb
|faint|p1a: Zygarde
|
|-message|Key forfeited.
|
|win|Pokemon Sins
|raw|Ladder updating...
|leave|Key
|player|p1
|raw|Key's rating: 1540 &rarr; <strong>1511<\/strong><br \/>(-29 for losing)
|raw|Pokemon Sins's rating: 1353 &rarr; <strong>1383<\/strong><br \/>(+30 for winning)
|c|âPokemon Sins|gg no re
|leave|Eyan