|join|Kitty Cratt
|join|Key
|player|p1|Kitty Cratt|26
|player|p2|Key|101
|gametype|singles
|gen|6
|tier|UU
|rated
|rule|Sleep Clause Mod: Limit one foe put to sleep
|rule|Species Clause: Limit one of each PokÃ©mon
|rule|OHKO Clause: OHKO moves are banned
|rule|Moody Clause: Moody is banned
|rule|Evasion Moves Clause: Evasion moves are banned
|rule|Endless Battle Clause: Forcing endless battles is banned
|rule|HP Percentage Mod: HP is shown in percentages
|clearpoke
|poke|p1|Diancie
|poke|p1|Bronzong
|poke|p1|Raikou
|poke|p1|Hitmontop, M
|poke|p1|Jirachi
|poke|p1|Hydreigon, F
|poke|p2|Rhyperior, M
|poke|p2|Beedrill, M
|poke|p2|Suicune
|poke|p2|Volcarona, F
|poke|p2|Salamence, F
|poke|p2|Shaymin
|rule|Swagger Clause: Swagger is banned
|rule|Baton Pass Clause: Limit one PokÃ©mon knowing Baton Pass
|teampreview
|
|start
|switch|p1a: Bronzong|Bronzong|338\/338
|switch|p2a: Beedrill|Beedrill, M|272\/272
|turn|1
|
|detailschange|p2a: Beedrill|Beedrill-Mega, M
|message|Beedrill has Mega Evolved into Mega Beedrill!
|move|p2a: Beedrill|U-turn|p1a: Bronzong
|-damage|p1a: Bronzong|154\/338
|
|switch|p2a: Salamence|Salamence, F|393\/393
|-ability|p2a: Salamence|Intimidate|[of] p1a: Bronzong
|-unboost|p1a: Bronzong|atk|1
|move|p1a: Bronzong|Reflect|p1a: Bronzong
|-sidestart|p1: Kitty Cratt|Reflect
|
|turn|2
|
|move|p2a: Salamence|Defog|p1a: Bronzong
|-unboost|p1a: Bronzong|evasion|1
|-sideend|p1: Kitty Cratt|Reflect
|-sideend|p1: Kitty Cratt|Reflect|[from] move: Defog|[of] p1a: Bronzong
|move|p1a: Bronzong|Light Screen|p1a: Bronzong
|-sidestart|p1: Kitty Cratt|move: Light Screen
|
|turn|3
|
|move|p2a: Salamence|Defog|p1a: Bronzong
|-unboost|p1a: Bronzong|evasion|1
|-sideend|p1: Kitty Cratt|move: Light Screen
|-sideend|p1: Kitty Cratt|Light Screen|[from] move: Defog|[of] p1a: Bronzong
|move|p1a: Bronzong|Reflect|p1a: Bronzong
|-sidestart|p1: Kitty Cratt|Reflect
|
|turn|4
|
|switch|p1a: Diancie|Diancie|241\/241
|move|p2a: Salamence|Defog|p1a: Diancie
|-fail|p1a: Diancie|unboost|[from] ability: Clear Body|[of] p1a: Diancie
|-sideend|p1: Kitty Cratt|Reflect
|-sideend|p1: Kitty Cratt|Reflect|[from] move: Defog|[of] p1a: Diancie
|
|turn|5
|
|switch|p2a: Rhyperior|Rhyperior, M|434\/434
|detailschange|p1a: Diancie|Diancie-Mega
|message|Diancie has Mega Evolved into Mega Diancie!
|move|p1a: Diancie|Moonblast|p2a: Rhyperior
|-damage|p2a: Rhyperior|221\/434
|
|-heal|p2a: Rhyperior|248\/434|[from] item: Leftovers
|turn|6
|
|move|p1a: Diancie|Earth Power|p2a: Rhyperior
|-supereffective|p2a: Rhyperior
|-damage|p2a: Rhyperior|41\/434
|move|p2a: Rhyperior|Earthquake|p1a: Diancie
|-supereffective|p1a: Diancie
|-damage|p1a: Diancie|0 fnt
|faint|p1a: Diancie
|
|-heal|p2a: Rhyperior|68\/434|[from] item: Leftovers
|
|switch|p1a: Jirachi|Jirachi|397\/397
|turn|7
|
|switch|p2a: Volcarona|Volcarona, F|310\/310
|move|p1a: Jirachi|Iron Head|p2a: Volcarona
|-resisted|p2a: Volcarona
|-damage|p2a: Volcarona|211\/310
|-status|p1a: Jirachi|brn
|
|-heal|p2a: Volcarona|230\/310|[from] item: Leftovers
|-damage|p1a: Jirachi|348\/397 brn|[from] brn
|turn|8
|c|âKitty Cratt|GG
|c|âKitty Cratt|I forgot moves on some of my mons
|c|âKitty Cratt|:\/
|c|âKey|:[
|c|âKitty Cratt|and EVs
|c|âKitty Cratt|so my fault lmao
|
|switch|p1a: Hitmontop|Hitmontop, M|304\/304
|-ability|p1a: Hitmontop|Intimidate|[of] p2a: Volcarona
|-unboost|p2a: Volcarona|atk|1
|move|p2a: Volcarona|Fiery Dance|p1a: Hitmontop
|-damage|p1a: Hitmontop|208\/304
|-boost|p2a: Volcarona|spa|1
|
|-heal|p2a: Volcarona|249\/310|[from] item: Leftovers
|turn|9
|
|move|p2a: Volcarona|Fiery Dance|p1a: Hitmontop
|-damage|p1a: Hitmontop|75\/304
|-boost|p2a: Volcarona|spa|1
|move|p1a: Hitmontop|High Jump Kick|p2a: Volcarona
|-resisted|p2a: Volcarona
|-damage|p2a: Volcarona|92\/310
|-status|p1a: Hitmontop|brn
|
|-heal|p2a: Volcarona|111\/310|[from] item: Leftovers
|-damage|p1a: Hitmontop|37\/304 brn|[from] brn
|turn|10
|
|move|p1a: Hitmontop|Bullet Punch|p2a: Volcarona
|-resisted|p2a: Volcarona
|-damage|p2a: Volcarona|95\/310
|move|p2a: Volcarona|Fiery Dance|p1a: Hitmontop
|-damage|p1a: Hitmontop|0 fnt
|faint|p1a: Hitmontop
|
|-heal|p2a: Volcarona|114\/310|[from] item: Leftovers
|
|switch|p1a: Hydreigon|Hydreigon, F|348\/348
|turn|11
|
|move|p2a: Volcarona|Bug Buzz|p1a: Hydreigon
|-supereffective|p1a: Hydreigon
|-damage|p1a: Hydreigon|0 fnt
|faint|p1a: Hydreigon
|
|-heal|p2a: Volcarona|133\/310|[from] item: Leftovers
|
|switch|p1a: Jirachi|Jirachi|348\/397 brn
|turn|12
|-message|Kitty Cratt forfeited.
|
|win|Key
|raw|Ladder updating...
|c|âKitty Cratt|:\/
|leave|Kitty Cratt
|player|p1
|raw|Kitty Cratt's rating: 1232 &rarr; <strong>1206<\/strong><br \/>(-26 for losing)
|raw|Key's rating: 1227 &rarr; <strong>1252<\/strong><br \/>(+25 for winning)