|join|Test-o-rama
|join|Key
|player|p1|Test-o-rama|203
|player|p2|Key|169
|gametype|singles
|gen|6
|tier|UU
|rated
|rule|Sleep Clause Mod: Limit one foe put to sleep
|rule|Species Clause: Limit one of each PokÃ©mon
|rule|OHKO Clause: OHKO moves are banned
|rule|Moody Clause: Moody is banned
|rule|Evasion Moves Clause: Evasion moves are banned
|rule|Endless Battle Clause: Forcing endless battles is banned
|rule|HP Percentage Mod: HP is shown in percentages
|clearpoke
|poke|p1|Alomomola, F
|poke|p1|Sableye, F
|poke|p1|Gligar, F
|poke|p1|Florges, F
|poke|p1|Snorlax, F
|poke|p1|Bronzong
|poke|p2|Rhyperior, M
|poke|p2|Beedrill, M
|poke|p2|Suicune
|poke|p2|Volcarona, F
|poke|p2|Salamence, F
|poke|p2|Shaymin
|rule|Swagger Clause: Swagger is banned
|rule|Baton Pass Clause: Limit one PokÃ©mon knowing Baton Pass
|teampreview
|
|start
|switch|p1a: Snorlax|Snorlax, F|497\/497
|switch|p2a: Beedrill|Beedrill, M|272\/272
|turn|1
|
|switch|p1a: Gligar|Gligar, F|334\/334
|detailschange|p2a: Beedrill|Beedrill-Mega, M
|message|Beedrill has Mega Evolved into Mega Beedrill!
|move|p2a: Beedrill|U-turn|p1a: Gligar
|-resisted|p1a: Gligar
|-damage|p1a: Gligar|274\/334
|
|switch|p2a: Shaymin|Shaymin|341\/341
|
|turn|2
|
|move|p2a: Shaymin|Seed Flare|p1a: Gligar
|-damage|p1a: Gligar|103\/334
|move|p1a: Gligar|Roost|p1a: Gligar
|-heal|p1a: Gligar|270\/334
|
|turn|3
|
|move|p2a: Shaymin|Seed Flare|p1a: Gligar
|-damage|p1a: Gligar|107\/334
|move|p1a: Gligar|Roost|p1a: Gligar
|-heal|p1a: Gligar|274\/334
|
|turn|4
|
|move|p2a: Shaymin|Seed Flare|p1a: Gligar
|-damage|p1a: Gligar|105\/334
|move|p1a: Gligar|Roost|p1a: Gligar
|-heal|p1a: Gligar|272\/334
|
|turn|5
|
|move|p2a: Shaymin|Seed Flare|p1a: Gligar
|-damage|p1a: Gligar|104\/334
|-unboost|p1a: Gligar|spd|2
|move|p1a: Gligar|Roost|p1a: Gligar
|-heal|p1a: Gligar|271\/334
|
|turn|6
|join|THROWBACK
|join|Lord Moet II
|
|switch|p2a: Volcarona|Volcarona, F|310\/310
|switch|p1a: Bronzong|Bronzong|338\/338
|
|turn|7
|
|switch|p1a: Snorlax|Snorlax, F|497\/497
|move|p2a: Volcarona|Fiery Dance|p1a: Snorlax
|-damage|p1a: Snorlax|445\/497
|-boost|p2a: Volcarona|spa|1
|
|-heal|p1a: Snorlax|476\/497|[from] item: Leftovers
|turn|8
|
|move|p2a: Volcarona|Bug Buzz|p1a: Snorlax
|-crit|p1a: Snorlax
|-damage|p1a: Snorlax|212\/497
|move|p1a: Snorlax|Curse|p1a: Snorlax
|-boost|p1a: Snorlax|atk|1
|-boost|p1a: Snorlax|def|1
|-unboost|p1a: Snorlax|spe|1
|
|-heal|p1a: Snorlax|243\/497|[from] item: Leftovers
|turn|9
|c|âTest-o-rama|Unfortunate. D;
|
|move|p2a: Volcarona|Bug Buzz|p1a: Snorlax
|-damage|p1a: Snorlax|65\/497
|move|p1a: Snorlax|Return|p2a: Volcarona
|-damage|p2a: Volcarona|52\/310
|
|-heal|p2a: Volcarona|71\/310|[from] item: Leftovers
|-heal|p1a: Snorlax|96\/497|[from] item: Leftovers
|turn|10
|
|switch|p1a: Gligar|Gligar, F|271\/334
|move|p2a: Volcarona|Bug Buzz|p1a: Gligar
|-resisted|p1a: Gligar
|-damage|p1a: Gligar|196\/334
|
|-heal|p2a: Volcarona|90\/310|[from] item: Leftovers
|turn|11
|
|move|p2a: Volcarona|Fiery Dance|p1a: Gligar
|-damage|p1a: Gligar|54\/334
|-boost|p2a: Volcarona|spa|1
|move|p1a: Gligar|Earthquake|p2a: Volcarona
|-crit|p2a: Volcarona
|-damage|p2a: Volcarona|0 fnt
|faint|p2a: Volcarona
|
|
|switch|p2a: Suicune|Suicune|404\/404
|-ability|p2a: Suicune|Pressure
|turn|12
|
|switch|p1a: Florges|Florges, F|360\/360
|move|p2a: Suicune|Scald|p1a: Florges
|-damage|p1a: Florges|300\/360
|
|-heal|p1a: Florges|322\/360|[from] item: Leftovers
|turn|13
|
|move|p2a: Suicune|Calm Mind|p2a: Suicune
|-boost|p2a: Suicune|spa|1
|-boost|p2a: Suicune|spd|1
|move|p1a: Florges|Calm Mind|p1a: Florges
|-boost|p1a: Florges|spa|1
|-boost|p1a: Florges|spd|1
|
|-heal|p1a: Florges|344\/360|[from] item: Leftovers
|turn|14
|
|move|p2a: Suicune|Scald|p1a: Florges
|-damage|p1a: Florges|283\/360
|-status|p1a: Florges|brn
|move|p1a: Florges|Calm Mind|p1a: Florges
|-boost|p1a: Florges|spa|1
|-boost|p1a: Florges|spd|1
|
|-heal|p1a: Florges|305\/360 brn|[from] item: Leftovers
|-damage|p1a: Florges|260\/360 brn|[from] brn
|turn|15
|
|switch|p2a: Beedrill|Beedrill-Mega, M|272\/272
|move|p1a: Florges|Calm Mind|p1a: Florges
|-boost|p1a: Florges|spa|1
|-boost|p1a: Florges|spd|1
|
|-heal|p1a: Florges|282\/360 brn|[from] item: Leftovers
|-damage|p1a: Florges|237\/360 brn|[from] brn
|turn|16
|
|switch|p1a: Alomomola|Alomomola, F|533\/533
|move|p2a: Beedrill|U-turn|p1a: Alomomola
|-crit|p1a: Alomomola
|-damage|p1a: Alomomola|255\/533
|
|switch|p2a: Shaymin|Shaymin|341\/341
|
|-heal|p1a: Alomomola|288\/533|[from] item: Leftovers
|turn|17
|
|move|p1a: Alomomola|Protect|p1a: Alomomola
|-singleturn|p1a: Alomomola|Protect
|move|p2a: Shaymin|Seed Flare|p1a: Alomomola
|-activate|p1a: Alomomola|Protect
|
|-heal|p1a: Alomomola|321\/533|[from] item: Leftovers
|turn|18
|
|switch|p1a: Bronzong|Bronzong|338\/338
|move|p2a: Shaymin|Seed Flare|p1a: Bronzong|[miss]
|-miss|p2a: Shaymin|p1a: Bronzong
|
|turn|19
|
|switch|p2a: Suicune|Suicune|404\/404
|-ability|p2a: Suicune|Pressure
|move|p1a: Bronzong|Stealth Rock|p2a: Suicune
|-sidestart|p2: Key|move: Stealth Rock
|
|turn|20
|
|switch|p1a: Sableye|Sableye, F|304\/304
|move|p2a: Suicune|Calm Mind|p2a: Suicune
|-boost|p2a: Suicune|spa|1
|-boost|p2a: Suicune|spd|1
|
|turn|21
|
|detailschange|p1a: Sableye|Sableye-Mega, F
|message|Sableye has Mega Evolved into Mega Sableye!
|move|p1a: Sableye|Will-O-Wisp|p2a: Suicune
|-status|p2a: Suicune|brn
|move|p2a: Suicune|Scald|p1a: Sableye
|-damage|p1a: Sableye|189\/304
|-status|p1a: Sableye|brn
|
|-damage|p2a: Suicune|354\/404 brn|[from] brn
|-damage|p1a: Sableye|151\/304 brn|[from] brn
|turn|22
|join|guanguaghagsug
|
|switch|p1a: Alomomola|Alomomola, F|498\/533
|move|p2a: Suicune|Calm Mind|p2a: Suicune
|-boost|p2a: Suicune|spa|1
|-boost|p2a: Suicune|spd|1
|
|-heal|p2a: Suicune|379\/404 brn|[from] item: Leftovers
|-heal|p1a: Alomomola|531\/533|[from] item: Leftovers
|-damage|p2a: Suicune|329\/404 brn|[from] brn
|turn|23
|
|move|p2a: Suicune|Calm Mind|p2a: Suicune
|-boost|p2a: Suicune|spa|1
|-boost|p2a: Suicune|spd|1
|move|p1a: Alomomola|Wish|p1a: Alomomola
|
|-heal|p2a: Suicune|354\/404 brn|[from] item: Leftovers
|-heal|p1a: Alomomola|533\/533|[from] item: Leftovers
|-damage|p2a: Suicune|304\/404 brn|[from] brn
|turn|24
|
|move|p2a: Suicune|Scald|p1a: Alomomola
|-resisted|p1a: Alomomola
|-damage|p1a: Alomomola|341\/533
|move|p1a: Alomomola|Scald|p2a: Suicune
|-resisted|p2a: Suicune
|-damage|p2a: Suicune|296\/404 brn
|
|-heal|p1a: Alomomola|533\/533|[from] move: Wish|[wisher] Alomomola
|-heal|p2a: Suicune|321\/404 brn|[from] item: Leftovers
|-damage|p2a: Suicune|271\/404 brn|[from] brn
|turn|25
|
|move|p2a: Suicune|Calm Mind|p2a: Suicune
|-boost|p2a: Suicune|spa|1
|-boost|p2a: Suicune|spd|1
|move|p1a: Alomomola|Wish|p1a: Alomomola
|
|-heal|p2a: Suicune|296\/404 brn|[from] item: Leftovers
|-damage|p2a: Suicune|246\/404 brn|[from] brn
|turn|26
|
|move|p2a: Suicune|Scald|p1a: Alomomola
|-resisted|p1a: Alomomola
|-damage|p1a: Alomomola|322\/533
|-status|p1a: Alomomola|brn
|move|p1a: Alomomola|Scald|p2a: Suicune
|-resisted|p2a: Suicune
|-damage|p2a: Suicune|240\/404 brn
|
|-heal|p1a: Alomomola|533\/533 brn|[from] move: Wish|[wisher] Alomomola
|-heal|p2a: Suicune|265\/404 brn|[from] item: Leftovers
|-damage|p2a: Suicune|215\/404 brn|[from] brn
|-damage|p1a: Alomomola|467\/533 brn|[from] brn
|turn|27
|
|move|p2a: Suicune|Rest|p2a: Suicune
|-status|p2a: Suicune|slp
|-heal|p2a: Suicune|404\/404 slp|[silent]
|-status|p2a: Suicune|slp|[from] move: Rest
|move|p1a: Alomomola|Wish|p1a: Alomomola
|
|-heal|p1a: Alomomola|500\/533 brn|[from] item: Leftovers
|-damage|p1a: Alomomola|434\/533 brn|[from] brn
|turn|28
|
|switch|p1a: Florges|Florges, F|237\/360 brn
|cant|p2a: Suicune|slp
|move|p2a: Suicune|Sleep Talk|p2a: Suicune
|move|p2a: Suicune|Calm Mind|p2a: Suicune|[from]Sleep Talk
|-boost|p2a: Suicune|spa|1
|-boost|p2a: Suicune|spd|1
|
|-heal|p1a: Florges|360\/360 brn|[from] move: Wish|[wisher] Alomomola
|-damage|p1a: Florges|315\/360 brn|[from] brn
|turn|29
|
|cant|p2a: Suicune|slp
|move|p2a: Suicune|Sleep Talk|p2a: Suicune
|move|p2a: Suicune|Scald|p1a: Florges|[from]Sleep Talk
|-crit|p1a: Florges
|-damage|p1a: Florges|26\/360 brn
|move|p1a: Florges|Aromatherapy|p1a: Florges
|-cureteam|p1a: Florges|[from] move: Aromatherapy
|
|-heal|p1a: Florges|48\/360|[from] item: Leftovers
|turn|30
|
|-curestatus|p2a: Suicune|slp
|move|p2a: Suicune|Scald|p1a: Florges
|-damage|p1a: Florges|0 fnt
|faint|p1a: Florges
|
|
|switch|p1a: Alomomola|Alomomola, F|533\/533
|turn|31
|
|move|p2a: Suicune|Scald|p1a: Alomomola
|-resisted|p1a: Alomomola
|-damage|p1a: Alomomola|270\/533
|-status|p1a: Alomomola|brn
|move|p1a: Alomomola|Wish|p1a: Alomomola
|
|-heal|p1a: Alomomola|303\/533 brn|[from] item: Leftovers
|-damage|p1a: Alomomola|237\/533 brn|[from] brn
|turn|32
|
|move|p1a: Alomomola|Protect|p1a: Alomomola
|-singleturn|p1a: Alomomola|Protect
|move|p2a: Suicune|Scald|p1a: Alomomola
|-activate|p1a: Alomomola|Protect
|
|-heal|p1a: Alomomola|503\/533 brn|[from] move: Wish|[wisher] Alomomola
|-heal|p1a: Alomomola|533\/533 brn|[from] item: Leftovers
|-damage|p1a: Alomomola|467\/533 brn|[from] brn
|turn|33
|
|move|p2a: Suicune|Scald|p1a: Alomomola
|-resisted|p1a: Alomomola
|-damage|p1a: Alomomola|204\/533 brn
|move|p1a: Alomomola|Wish|p1a: Alomomola
|
|-heal|p1a: Alomomola|237\/533 brn|[from] item: Leftovers
|-damage|p1a: Alomomola|171\/533 brn|[from] brn
|turn|34
|
|move|p1a: Alomomola|Protect|p1a: Alomomola
|-singleturn|p1a: Alomomola|Protect
|move|p2a: Suicune|Calm Mind|p2a: Suicune
|-boost|p2a: Suicune|spa|1
|-boost|p2a: Suicune|spd|1
|
|-heal|p1a: Alomomola|437\/533 brn|[from] move: Wish|[wisher] Alomomola
|-heal|p1a: Alomomola|470\/533 brn|[from] item: Leftovers
|-damage|p1a: Alomomola|404\/533 brn|[from] brn
|turn|35
|join|blarghlfarghl
|
|move|p2a: Suicune|Scald|p1a: Alomomola
|-resisted|p1a: Alomomola
|-damage|p1a: Alomomola|77\/533 brn
|move|p1a: Alomomola|Mirror Coat|p2a: Suicune
|-damage|p2a: Suicune|0 fnt
|faint|p2a: Suicune
|
|-heal|p1a: Alomomola|110\/533 brn|[from] item: Leftovers
|-damage|p1a: Alomomola|44\/533 brn|[from] brn
|
|switch|p2a: Salamence|Salamence, F|393\/393
|-damage|p2a: Salamence|295\/393|[from] Stealth Rock
|-ability|p2a: Salamence|Intimidate|[of] p1a: Alomomola
|-unboost|p1a: Alomomola|atk|1
|turn|36
|join|PKTheElite
|
|switch|p1a: Bronzong|Bronzong|338\/338
|move|p2a: Salamence|Defog|p1a: Bronzong
|-unboost|p1a: Bronzong|evasion|1
|-sideend|p2: Key|Stealth Rock|[from] move: Defog|[of] p2a: Salamence
|
|-heal|p2a: Salamence|319\/393|[from] item: Leftovers
|turn|37
|
|switch|p2a: Beedrill|Beedrill-Mega, M|272\/272
|move|p1a: Bronzong|Hidden Power|p2a: Beedrill
|-damage|p2a: Beedrill|226\/272
|
|turn|38
|
|switch|p1a: Gligar|Gligar, F|54\/334
|move|p2a: Beedrill|U-turn|p1a: Gligar
|-resisted|p1a: Gligar
|-damage|p1a: Gligar|0 fnt
|faint|p1a: Gligar
|
|switch|p2a: Shaymin|Shaymin|341\/341
|
|
|switch|p1a: Alomomola|Alomomola, F|221\/533 brn
|turn|39
|
|switch|p1a: Bronzong|Bronzong|338\/338
|move|p2a: Shaymin|Earth Power|p1a: Bronzong
|-immune|p1a: Bronzong|[msg]
|
|turn|40
|
|switch|p2a: Beedrill|Beedrill-Mega, M|226\/272
|move|p1a: Bronzong|Gyro Ball|p2a: Beedrill
|-damage|p2a: Beedrill|0 fnt
|faint|p2a: Beedrill
|
|-message|Key forfeited.
|
|win|Test-o-rama
|raw|Ladder updating...
|raw|Test-o-rama's rating: 1442 &rarr; <strong>1454<\/strong><br \/>(+12 for winning)
|raw|Key's rating: 1279 &rarr; <strong>1265<\/strong><br \/>(-14 for losing)
|leave|Key
|player|p2