|join|OUAREABYSMAL
|join|Key
|player|p1|OUAREABYSMAL|125
|player|p2|Key|102
|gametype|singles
|gen|6
|tier|UU
|rated
|rule|Sleep Clause Mod: Limit one foe put to sleep
|rule|Species Clause: Limit one of each PokÃ©mon
|rule|OHKO Clause: OHKO moves are banned
|rule|Moody Clause: Moody is banned
|rule|Evasion Moves Clause: Evasion moves are banned
|rule|Endless Battle Clause: Forcing endless battles is banned
|rule|HP Percentage Mod: HP is shown in percentages
|clearpoke
|poke|p1|Victini, shiny
|poke|p1|Florges, F, shiny
|poke|p1|Mew, shiny
|poke|p1|Ampharos, F, shiny
|poke|p1|Forretress, F, shiny
|poke|p1|Hydreigon, F, shiny
|poke|p2|Entei, shiny
|poke|p2|Toxicroak, F
|poke|p2|Hydreigon, F
|poke|p2|Florges, F
|poke|p2|Rhyperior, M
|poke|p2|Blastoise, M
|rule|Swagger Clause: Swagger is banned
|rule|Baton Pass Clause: Limit one PokÃ©mon knowing Baton Pass
|teampreview
|
|start
|switch|p1a: Ampharos|Ampharos, F, shiny|383\/383
|switch|p2a: Entei|Entei, shiny|372\/372
|-ability|p2a: Entei|Pressure
|turn|1
|
|switch|p2a: Florges|Florges, F|360\/360
|detailschange|p1a: Ampharos|Ampharos-Mega, F, shiny
|message|Ampharos has Mega Evolved into Mega Ampharos!
|-ability|p1a: Ampharos|Mold Breaker
|move|p1a: Ampharos|Volt Switch|p2a: Florges
|-damage|p2a: Florges|269\/360
|
|switch|p1a: Victini|Victini, shiny|341\/341
|
|-heal|p2a: Florges|291\/360|[from] item: Leftovers
|turn|2
|
|move|p2a: Florges|Protect|p2a: Florges
|-singleturn|p2a: Florges|Protect
|move|p1a: Victini|V-create|p2a: Florges
|-activate|p2a: Florges|Protect
|
|-heal|p2a: Florges|313\/360|[from] item: Leftovers
|turn|3
|
|switch|p1a: Hydreigon|Hydreigon, F, shiny|325\/325
|switch|p2a: Rhyperior|Rhyperior, M|434\/434
|
|turn|4
|
|move|p2a: Rhyperior|Protect|p2a: Rhyperior
|-singleturn|p2a: Rhyperior|Protect
|move|p1a: Hydreigon|Dark Pulse|p2a: Rhyperior
|-activate|p2a: Rhyperior|Protect
|
|turn|5
|
|move|p1a: Hydreigon|Draco Meteor|p2a: Rhyperior
|-damage|p2a: Rhyperior|157\/434
|-unboost|p1a: Hydreigon|spa|2
|-damage|p1a: Hydreigon|293\/325|[from] item: Life Orb
|move|p2a: Rhyperior|Earthquake|p1a: Hydreigon
|-immune|p1a: Hydreigon|[msg]
|
|-heal|p2a: Rhyperior|184\/434|[from] item: Leftovers
|turn|6
|c|âOUAREABYSMAL|LOL EARTHQUAKING A LEVITATOR
|c|âOUAREABYSMAL|LEARN THE GAME
|c|âOUAREABYSMAL|YOU WEAK PITIFUL PATHETIC SHAMEFUL WORTHLESS HAX RELIANT SKILLESS NOOB
|
|switch|p1a: Mew|Mew, shiny|403\/403
|move|p2a: Rhyperior|Protect|p2a: Rhyperior
|-fail|p2a: Rhyperior
|
|-heal|p2a: Rhyperior|211\/434|[from] item: Leftovers
|turn|7
|
|switch|p2a: Entei|Entei, shiny|372\/372
|-ability|p2a: Entei|Pressure
|move|p1a: Mew|Knock Off|p2a: Entei
|-crit|p2a: Entei
|-damage|p2a: Entei|233\/372
|-enditem|p2a: Entei|Choice Band|[from] move: Knock Off|[of] p1a: Mew
|
|turn|8
|
|switch|p1a: Ampharos|Ampharos-Mega, F, shiny|383\/383
|-ability|p1a: Ampharos|Mold Breaker
|move|p2a: Entei|Sacred Fire|p1a: Ampharos
|-resisted|p1a: Ampharos
|-damage|p1a: Ampharos|325\/383
|
|turn|9
|
|switch|p2a: Rhyperior|Rhyperior, M|211\/434
|move|p1a: Ampharos|Dragon Pulse|p2a: Rhyperior
|-damage|p2a: Rhyperior|58\/434
|
|-heal|p2a: Rhyperior|85\/434|[from] item: Leftovers
|turn|10
|
|switch|p1a: Hydreigon|Hydreigon, F, shiny|293\/325
|move|p2a: Rhyperior|Protect|p2a: Rhyperior
|-fail|p2a: Rhyperior
|
|-heal|p2a: Rhyperior|112\/434|[from] item: Leftovers
|turn|11
|
|switch|p1a: Forretress|Forretress, F, shiny|353\/353
|move|p2a: Rhyperior|Protect|p2a: Rhyperior
|-fail|p2a: Rhyperior
|
|-heal|p2a: Rhyperior|139\/434|[from] item: Leftovers
|turn|12
|
|move|p2a: Rhyperior|Earthquake|p1a: Forretress
|-damage|p1a: Forretress|244\/353
|move|p1a: Forretress|Stealth Rock|p2a: Rhyperior
|-sidestart|p2: Key|move: Stealth Rock
|
|-heal|p2a: Rhyperior|166\/434|[from] item: Leftovers
|-heal|p1a: Forretress|266\/353|[from] item: Leftovers
|turn|13
|
|switch|p1a: Mew|Mew, shiny|403\/403
|move|p2a: Rhyperior|Earthquake|p1a: Mew
|-damage|p1a: Mew|253\/403
|
|-heal|p1a: Mew|278\/403|[from] item: Leftovers
|-heal|p2a: Rhyperior|193\/434|[from] item: Leftovers
|turn|14
|
|switch|p2a: Blastoise|Blastoise, M|362\/362
|-damage|p2a: Blastoise|317\/362|[from] Stealth Rock
|move|p1a: Mew|Will-O-Wisp|p2a: Blastoise
|-status|p2a: Blastoise|brn
|
|-heal|p1a: Mew|303\/403|[from] item: Leftovers
|-damage|p2a: Blastoise|272\/362 brn|[from] brn
|turn|15
|
|switch|p1a: Ampharos|Ampharos-Mega, F, shiny|325\/383
|-ability|p1a: Ampharos|Mold Breaker
|detailschange|p2a: Blastoise|Blastoise-Mega, M
|message|Blastoise has Mega Evolved into Mega Blastoise!
|move|p2a: Blastoise|Rapid Spin|p1a: Ampharos
|-damage|p1a: Ampharos|319\/383
|-sideend|p2: Key|Stealth Rock|[from] move: Rapid Spin|[of] p2a: Blastoise
|
|-damage|p2a: Blastoise|227\/362 brn|[from] brn
|turn|16
|
|switch|p2a: Florges|Florges, F|313\/360
|move|p1a: Ampharos|Dragon Pulse|p2a: Florges
|-immune|p2a: Florges|[msg]
|
|-heal|p2a: Florges|335\/360|[from] item: Leftovers
|turn|17
|
|switch|p1a: Victini|Victini, shiny|341\/341
|move|p2a: Florges|Aromatherapy|p2a: Florges
|-cureteam|p2a: Florges|[from] move: Aromatherapy
|
|-heal|p2a: Florges|357\/360|[from] item: Leftovers
|turn|18
|
|move|p2a: Florges|Protect|p2a: Florges
|-singleturn|p2a: Florges|Protect
|move|p1a: Victini|V-create|p2a: Florges
|-activate|p2a: Florges|Protect
|
|-heal|p2a: Florges|360\/360|[from] item: Leftovers
|turn|19
|
|switch|p2a: Rhyperior|Rhyperior, M|193\/434
|move|p1a: Victini|V-create|p2a: Rhyperior
|-resisted|p2a: Rhyperior
|-damage|p2a: Rhyperior|8\/434
|-unboost|p1a: Victini|def|1
|-unboost|p1a: Victini|spd|1
|-unboost|p1a: Victini|spe|1
|
|-heal|p2a: Rhyperior|35\/434|[from] item: Leftovers
|turn|20
|
|move|p2a: Rhyperior|Protect|p2a: Rhyperior
|-singleturn|p2a: Rhyperior|Protect
|move|p1a: Victini|V-create|p2a: Rhyperior
|-activate|p2a: Rhyperior|Protect
|
|-heal|p2a: Rhyperior|62\/434|[from] item: Leftovers
|turn|21
|
|switch|p2a: Hydreigon|Hydreigon, F|325\/325
|move|p1a: Victini|V-create|p2a: Hydreigon
|-resisted|p2a: Hydreigon
|-damage|p2a: Hydreigon|46\/325
|-unboost|p1a: Victini|def|1
|-unboost|p1a: Victini|spd|1
|-unboost|p1a: Victini|spe|1
|
|turn|22
|
|switch|p1a: Florges|Florges, F, shiny|359\/359
|move|p2a: Hydreigon|U-turn|p1a: Florges
|-resisted|p1a: Florges
|-damage|p1a: Florges|329\/359
|
|switch|p2a: Toxicroak|Toxicroak, F|307\/307
|
|-heal|p1a: Florges|351\/359|[from] item: Leftovers
|turn|23
|
|switch|p1a: Forretress|Forretress, F, shiny|266\/353
|move|p2a: Toxicroak|Gunk Shot|p1a: Forretress
|-immune|p1a: Forretress|[msg]
|
|-heal|p1a: Forretress|288\/353|[from] item: Leftovers
|turn|24
|c|âOUAREABYSMAL|LOL NOOB
|c|âOUAREABYSMAL|USING GUNK SHOT ON A STEEL TYPE
|c|âKey|eat my ass fagboy
|c|âOUAREABYSMAL|LEARN THE GAME YOU WEAK PITIFUL PATHETIC SHAMEFUL WORTHLESS COWARDLY SCRUB
|c|âKey|fuckin cancer
|c|âOUAREABYSMAL|AND ALSO YOURE ONLY ASKING THAT BECAUSE YOURE PATHETIC AND LONELY AND NEVER GET SEX
|
|move|p2a: Toxicroak|Swords Dance|p2a: Toxicroak
|-boost|p2a: Toxicroak|atk|2
|move|p1a: Forretress|Volt Switch|p2a: Toxicroak
|-damage|p2a: Toxicroak|255\/307
|
|switch|p1a: Hydreigon|Hydreigon, F, shiny|293\/325
|
|turn|25
|
|switch|p2a: Florges|Florges, F|360\/360
|move|p1a: Hydreigon|Draco Meteor|p2a: Florges
|-immune|p2a: Florges|[msg]
|
|turn|26
|c|âKey|LOL NOOB
|c|âKey|FAIRY IMMUNE TO DRAGON
|c|âOUAREABYSMAL|YOU PATHETIC PITIFUL WORTHLESS IDIOT
|c|âKey|FUCKING DUMBASS
|c|âOUAREABYSMAL|ITS CALLED THE CORRECT MOVE NOOB
|
|switch|p1a: Forretress|Forretress, F, shiny|288\/353
|move|p2a: Florges|Moonblast|p1a: Forretress
|-resisted|p1a: Forretress
|-damage|p1a: Forretress|219\/353
|
|-heal|p1a: Forretress|241\/353|[from] item: Leftovers
|turn|27
|
|switch|p2a: Entei|Entei, shiny|233\/372
|-ability|p2a: Entei|Pressure
|move|p1a: Forretress|Gyro Ball|p2a: Entei
|-resisted|p2a: Entei
|-damage|p2a: Entei|170\/372
|
|-heal|p1a: Forretress|263\/353|[from] item: Leftovers
|turn|28
|
|switch|p1a: Ampharos|Ampharos-Mega, F, shiny|319\/383
|-ability|p1a: Ampharos|Mold Breaker
|move|p2a: Entei|Sacred Fire|p1a: Ampharos|[miss]
|-miss|p2a: Entei|p1a: Ampharos
|
|turn|29
|c|âOUAREABYSMAL|LOL NOOOOOOOOOOOOOOOOOB
|c|âOUAREABYSMAL|NOOOOOOOOOOOOOOOOOOOOB
|c|âOUAREABYSMAL|SACRED FIRE ISNT VERY EFFECTIVE AGAINST DRAGON
|c|âOUAREABYSMAL|LEARN THE GAME YOU PITIFUL PATHETIC SHAMEFUL WORTHLESS NOOB
|
|switch|p2a: Florges|Florges, F|360\/360
|move|p1a: Ampharos|Volt Switch|p2a: Florges
|-damage|p2a: Florges|275\/360
|
|switch|p1a: Victini|Victini, shiny|341\/341
|
|-heal|p2a: Florges|297\/360|[from] item: Leftovers
|turn|30
|
|move|p2a: Florges|Protect|p2a: Florges
|-singleturn|p2a: Florges|Protect
|move|p1a: Victini|Trick|p2a: Florges
|-activate|p2a: Florges|Protect
|
|-heal|p2a: Florges|319\/360|[from] item: Leftovers
|turn|31
|
|switch|p1a: Ampharos|Ampharos-Mega, F, shiny|319\/383
|-ability|p1a: Ampharos|Mold Breaker
|switch|p2a: Entei|Entei, shiny|170\/372
|-ability|p2a: Entei|Pressure
|
|turn|32
|
|switch|p2a: Rhyperior|Rhyperior, M|62\/434
|move|p1a: Ampharos|Dragon Pulse|p2a: Rhyperior
|-damage|p2a: Rhyperior|0 fnt
|faint|p2a: Rhyperior
|
|
|switch|p2a: Hydreigon|Hydreigon, F|46\/325
|turn|33
|c|âOUAREABYSMAL|PAHAHAHAHAHHAHA
|c|âOUAREABYSMAL|OUTSKILLED BY THE SUPERIOR SKILFUL IMMORTAL ALMIGHTY PRO
|c|âOUAREABYSMAL|MEGA AMPHAROS AND CB VICTINI> YOUR ENTIRE WORTHLESS WEAK PITIFUL NOOB TEAM
|
|switch|p1a: Florges|Florges, F, shiny|351\/359
|move|p2a: Hydreigon|U-turn|p1a: Florges
|-resisted|p1a: Florges
|-damage|p1a: Florges|320\/359
|
|switch|p2a: Toxicroak|Toxicroak, F|255\/307
|
|-heal|p1a: Florges|342\/359|[from] item: Leftovers
|turn|34
|
|switch|p1a: Forretress|Forretress, F, shiny|263\/353
|move|p2a: Toxicroak|Drain Punch|p1a: Forretress
|-damage|p1a: Forretress|145\/353
|-heal|p2a: Toxicroak|307\/307|[from] drain|[of] p1a: Forretress
|-damage|p2a: Toxicroak|277\/307|[from] item: Life Orb
|
|-heal|p1a: Forretress|167\/353|[from] item: Leftovers
|turn|35
|
|move|p2a: Toxicroak|Drain Punch|p1a: Forretress
|-damage|p1a: Forretress|62\/353
|-heal|p2a: Toxicroak|307\/307|[from] drain|[of] p1a: Forretress
|-damage|p2a: Toxicroak|277\/307|[from] item: Life Orb
|move|p1a: Forretress|Volt Switch|p2a: Toxicroak
|-damage|p2a: Toxicroak|229\/307
|
|switch|p1a: Hydreigon|Hydreigon, F, shiny|293\/325
|
|turn|36
|
|switch|p1a: Victini|Victini, shiny|341\/341
|switch|p2a: Florges|Florges, F|319\/360
|
|-heal|p2a: Florges|341\/360|[from] item: Leftovers
|turn|37
|
|move|p2a: Florges|Protect|p2a: Florges
|-singleturn|p2a: Florges|Protect
|move|p1a: Victini|V-create|p2a: Florges
|-activate|p2a: Florges|Protect
|
|-heal|p2a: Florges|360\/360|[from] item: Leftovers
|turn|38
|
|switch|p2a: Blastoise|Blastoise-Mega, M|227\/362
|move|p1a: Victini|V-create|p2a: Blastoise
|-crit|p2a: Blastoise
|-resisted|p2a: Blastoise
|-damage|p2a: Blastoise|0 fnt
|-unboost|p1a: Victini|def|1
|-unboost|p1a: Victini|spd|1
|-unboost|p1a: Victini|spe|1
|faint|p2a: Blastoise
|
|
|switch|p2a: Hydreigon|Hydreigon, F|46\/325
|turn|39
|c|âOUAREABYSMAL|THANKS FOR ANOTHER FREE KILL
|c|âOUAREABYSMAL|CB VICTINI EATS YOUR PITIFUL PATHETIC WORTHLESS SHAMEFUL SCRUB TEAM FOR BREAKFAST  NOOB
|
|switch|p1a: Florges|Florges, F, shiny|342\/359
|move|p2a: Hydreigon|U-turn|p1a: Florges
|-resisted|p1a: Florges
|-damage|p1a: Florges|311\/359
|
|switch|p2a: Toxicroak|Toxicroak, F|229\/307
|
|-heal|p1a: Florges|333\/359|[from] item: Leftovers
|turn|40
|
|switch|p1a: Forretress|Forretress, F, shiny|62\/353
|move|p2a: Toxicroak|Swords Dance|p2a: Toxicroak
|-boost|p2a: Toxicroak|atk|2
|
|-heal|p1a: Forretress|84\/353|[from] item: Leftovers
|turn|41
|
|move|p2a: Toxicroak|Drain Punch|p1a: Forretress
|-damage|p1a: Forretress|0 fnt
|-heal|p2a: Toxicroak|271\/307|[from] drain|[of] p1a: Forretress
|-damage|p2a: Toxicroak|241\/307|[from] item: Life Orb
|faint|p1a: Forretress
|
|
|switch|p1a: Hydreigon|Hydreigon, F, shiny|293\/325
|turn|42
|
|move|p1a: Hydreigon|Draco Meteor|p2a: Toxicroak
|-damage|p2a: Toxicroak|0 fnt
|-unboost|p1a: Hydreigon|spa|2
|-damage|p1a: Hydreigon|261\/325|[from] item: Life Orb
|faint|p2a: Toxicroak
|
|c|âOUAREABYSMAL|#REKD
|
|switch|p2a: Entei|Entei, shiny|170\/372
|-ability|p2a: Entei|Pressure
|turn|43
|c|âKey|can you just play without talking
|c|âOUAREABYSMAL|LIFE ORB HYDREIGON> PITIFUL WEAK SHAMEFUL CHEAP SD TOXICROAK SCRUB
|c|âOUAREABYSMAL|ONLY MAD BECAUSE OUTPLAYED
|c|âOUAREABYSMAL|BY THE SUPERIOR SKILFUL PRO
|c|âKey|already enough autism here in regular battles
|c|âKey|now i got this fucking retard
|join|Rhubarb Lemonade
|
|switch|p1a: Ampharos|Ampharos-Mega, F, shiny|319\/383
|-ability|p1a: Ampharos|Mold Breaker
|move|p2a: Entei|Sacred Fire|p1a: Ampharos
|-resisted|p1a: Ampharos
|-damage|p1a: Ampharos|256\/383
|-status|p1a: Ampharos|brn
|
|-damage|p1a: Ampharos|209\/383 brn|[from] brn
|turn|44
|c|âOUAREABYSMAL|IF IM A RETARD YOU ILLOGICAL IMBECILE THEN YOURE INSULTING YOURSELF
|c|âOUAREABYSMAL|BECAUSE IM OUTSKILLING YOU
|
|switch|p2a: Florges|Florges, F|360\/360
|move|p1a: Ampharos|Volt Switch|p2a: Florges
|-damage|p2a: Florges|276\/360
|
|switch|p1a: Victini|Victini, shiny|341\/341
|
|-heal|p2a: Florges|298\/360|[from] item: Leftovers
|turn|45
|
|move|p2a: Florges|Protect|p2a: Florges
|-singleturn|p2a: Florges|Protect
|move|p1a: Victini|Trick|p2a: Florges
|-activate|p2a: Florges|Protect
|
|-heal|p2a: Florges|320\/360|[from] item: Leftovers
|turn|46
|
|switch|p1a: Ampharos|Ampharos-Mega, F, shiny|209\/383 brn
|-ability|p1a: Ampharos|Mold Breaker
|switch|p2a: Entei|Entei, shiny|170\/372
|-ability|p2a: Entei|Pressure
|
|-damage|p1a: Ampharos|162\/383 brn|[from] brn
|turn|47
|
|switch|p2a: Florges|Florges, F|320\/360
|move|p1a: Ampharos|Rest|p1a: Ampharos
|-status|p1a: Ampharos|slp
|-heal|p1a: Ampharos|383\/383 slp|[silent]
|-status|p1a: Ampharos|slp|[from] move: Rest
|
|-heal|p2a: Florges|342\/360|[from] item: Leftovers
|turn|48
|
|switch|p1a: Mew|Mew, shiny|303\/403
|move|p2a: Florges|Moonblast|p1a: Mew
|-damage|p1a: Mew|210\/403
|
|-heal|p1a: Mew|235\/403|[from] item: Leftovers
|-heal|p2a: Florges|360\/360|[from] item: Leftovers
|turn|49
|
|switch|p2a: Entei|Entei, shiny|170\/372
|-ability|p2a: Entei|Pressure
|move|p1a: Mew|Soft-Boiled|p1a: Mew
|-heal|p1a: Mew|403\/403
|
|turn|50
|
|switch|p1a: Ampharos|Ampharos-Mega, F, shiny|383\/383 slp
|-ability|p1a: Ampharos|Mold Breaker
|move|p2a: Entei|Sacred Fire|p1a: Ampharos
|-resisted|p1a: Ampharos
|-damage|p1a: Ampharos|320\/383 slp
|
|turn|51
|c|âOUAREABYSMAL|ENTEI IS FOR PUSSIES
|c|âOUAREABYSMAL|REAL MEN USE CB VICTINI
|c|âOUAREABYSMAL|WEAK PITIFUL PATHETIC SHAMEFUL WORTHLESS COWARDLY NOOB
|
|switch|p2a: Florges|Florges, F|360\/360
|cant|p1a: Ampharos|slp
|move|p1a: Ampharos|Sleep Talk|p1a: Ampharos
|move|p1a: Ampharos|Dragon Pulse|p2a: Florges|[from]Sleep Talk
|-immune|p2a: Florges|[msg]
|
|turn|52
|c|âKey|hurry up you fuckin retard
|c|âOUAREABYSMAL|AHAHAHAHHAHAHA ONLY MAD BECAUSE OUTSKILLED
|c|âOUAREABYSMAL|IM NOT BEING RUSHED
|c|âOUAREABYSMAL|ITS CALLED THINKING SCRUB
|c|âOUAREABYSMAL|WHICH YOU CANT DO
|c|âOUAREABYSMAL|IF YOU CANT FACE IT
|c|âOUAREABYSMAL|RAGEQUIT NOW
|c|âOUAREABYSMAL|TIME IS THERE FOR A REASON
|c|âOUAREABYSMAL|IM STALLING BECAUSE YOURE RUSHING ME
|c|âOUAREABYSMAL|AHAHAHHAHAHAHAHAHA
|c|âKey|HAHAHAHAHAHA
|c|âKey|GOOOD ONE
|c|âKey|LOL
|
|switch|p2a: Hydreigon|Hydreigon, F|46\/325
|switch|p1a: Mew|Mew, shiny|403\/403
|
|turn|53
|c|âKey|lonely virgin gets bullied in school so goes on showdown to try and feel tough
|c|âOUAREABYSMAL|good description of yourself :)
|
|switch|p1a: Florges|Florges, F, shiny|333\/359
|move|p2a: Hydreigon|U-turn|p1a: Florges
|-resisted|p1a: Florges
|-damage|p1a: Florges|306\/359
|
|switch|p2a: Entei|Entei, shiny|170\/372
|-ability|p2a: Entei|Pressure
|
|-heal|p1a: Florges|328\/359|[from] item: Leftovers
|turn|54
|
|move|p1a: Florges|Protect|p1a: Florges
|-singleturn|p1a: Florges|Protect
|move|p2a: Entei|Sacred Fire|p1a: Florges
|-activate|p1a: Florges|Protect
|
|-heal|p1a: Florges|350\/359|[from] item: Leftovers
|turn|55
|join|ComfyPillow
|
|switch|p2a: Florges|Florges, F|360\/360
|switch|p1a: Ampharos|Ampharos-Mega, F, shiny|320\/383 slp
|-ability|p1a: Ampharos|Mold Breaker
|
|turn|56
|
|switch|p1a: Mew|Mew, shiny|403\/403
|move|p2a: Florges|Wish|p2a: Florges
|
|turn|57
|
|switch|p1a: Ampharos|Ampharos-Mega, F, shiny|320\/383 slp
|-ability|p1a: Ampharos|Mold Breaker
|switch|p2a: Entei|Entei, shiny|170\/372
|-ability|p2a: Entei|Pressure
|
|-heal|p2a: Entei|350\/372|[from] move: Wish|[wisher] Florges
|turn|58
|
|switch|p2a: Florges|Florges, F|360\/360
|cant|p1a: Ampharos|slp
|move|p1a: Ampharos|Sleep Talk|p1a: Ampharos
|move|p1a: Ampharos|Dragon Pulse|p2a: Florges|[from]Sleep Talk
|-immune|p2a: Florges|[msg]
|
|turn|59
|
|switch|p1a: Mew|Mew, shiny|403\/403
|move|p2a: Florges|Moonblast|p1a: Mew
|-damage|p1a: Mew|319\/403
|
|-heal|p1a: Mew|344\/403|[from] item: Leftovers
|turn|60
|
|switch|p2a: Entei|Entei, shiny|350\/372
|-ability|p2a: Entei|Pressure
|move|p1a: Mew|Knock Off|p2a: Entei
|-damage|p2a: Entei|295\/372
|
|-heal|p1a: Mew|369\/403|[from] item: Leftovers
|turn|61
|leave|ComfyPillow
|
|switch|p2a: Florges|Florges, F|360\/360
|switch|p1a: Ampharos|Ampharos-Mega, F, shiny|320\/383 slp
|-ability|p1a: Ampharos|Mold Breaker
|
|turn|62
|
|switch|p1a: Mew|Mew, shiny|369\/403
|move|p2a: Florges|Wish|p2a: Florges
|
|-heal|p1a: Mew|394\/403|[from] item: Leftovers
|turn|63
|
|switch|p2a: Hydreigon|Hydreigon, F|46\/325
|move|p1a: Mew|Knock Off|p2a: Hydreigon
|-resisted|p2a: Hydreigon
|-damage|p2a: Hydreigon|3\/325
|-enditem|p2a: Hydreigon|Choice Scarf|[from] move: Knock Off|[of] p1a: Mew
|
|-heal|p2a: Hydreigon|183\/325|[from] move: Wish|[wisher] Florges
|-heal|p1a: Mew|403\/403|[from] item: Leftovers
|turn|64
|c|âOUAREABYSMAL|1 PERCENT
|c|âOUAREABYSMAL|YOU HAX RELIANT WEAK PITIFUL PATHETIC SHAMEFUL WORTHLESS SCRUB
|
|switch|p1a: Florges|Florges, F, shiny|350\/359
|move|p2a: Hydreigon|U-turn|p1a: Florges
|-resisted|p1a: Florges
|-damage|p1a: Florges|322\/359
|
|switch|p2a: Entei|Entei, shiny|295\/372
|-ability|p2a: Entei|Pressure
|
|-heal|p1a: Florges|344\/359|[from] item: Leftovers
|turn|65
|
|move|p1a: Florges|Protect|p1a: Florges
|-singleturn|p1a: Florges|Protect
|move|p2a: Entei|Flare Blitz|p1a: Florges
|-activate|p1a: Florges|Protect
|
|-heal|p1a: Florges|359\/359|[from] item: Leftovers
|turn|66
|
|switch|p1a: Ampharos|Ampharos-Mega, F, shiny|320\/383 slp
|-ability|p1a: Ampharos|Mold Breaker
|move|p2a: Entei|Sacred Fire|p1a: Ampharos
|-resisted|p1a: Ampharos
|-damage|p1a: Ampharos|263\/383 slp
|
|turn|67
|
|switch|p2a: Florges|Florges, F|360\/360
|-curestatus|p1a: Ampharos|slp
|move|p1a: Ampharos|Volt Switch|p2a: Florges
|-damage|p2a: Florges|269\/360
|
|switch|p1a: Mew|Mew, shiny|403\/403
|
|-heal|p2a: Florges|291\/360|[from] item: Leftovers
|turn|68
|
|switch|p2a: Hydreigon|Hydreigon, F|183\/325
|move|p1a: Mew|Will-O-Wisp|p2a: Hydreigon
|-status|p2a: Hydreigon|brn
|
|-damage|p2a: Hydreigon|143\/325 brn|[from] brn
|turn|69
|leave|Rhubarb Lemonade
|
|switch|p1a: Florges|Florges, F, shiny|359\/359
|move|p2a: Hydreigon|U-turn|p1a: Florges
|-resisted|p1a: Florges
|-damage|p1a: Florges|344\/359
|
|switch|p2a: Florges|Florges, F|291\/360
|
|-heal|p2a: Florges|313\/360|[from] item: Leftovers
|-heal|p1a: Florges|359\/359|[from] item: Leftovers
|turn|70
|
|switch|p1a: Mew|Mew, shiny|403\/403
|move|p2a: Florges|Aromatherapy|p2a: Florges
|-cureteam|p2a: Florges|[from] move: Aromatherapy
|
|-heal|p2a: Florges|335\/360|[from] item: Leftovers
|turn|71
|
|switch|p2a: Entei|Entei, shiny|295\/372
|-ability|p2a: Entei|Pressure
|move|p1a: Mew|Knock Off|p2a: Entei
|-damage|p2a: Entei|240\/372
|
|turn|72
|
|switch|p2a: Florges|Florges, F|335\/360
|switch|p1a: Ampharos|Ampharos-Mega, F, shiny|263\/383
|-ability|p1a: Ampharos|Mold Breaker
|
|-heal|p2a: Florges|357\/360|[from] item: Leftovers
|turn|73
|
|switch|p1a: Mew|Mew, shiny|403\/403
|move|p2a: Florges|Moonblast|p1a: Mew
|-damage|p1a: Mew|318\/403
|
|-heal|p1a: Mew|343\/403|[from] item: Leftovers
|-heal|p2a: Florges|360\/360|[from] item: Leftovers
|turn|74
|
|move|p1a: Mew|Knock Off|p2a: Florges
|-resisted|p2a: Florges
|-damage|p2a: Florges|324\/360
|-enditem|p2a: Florges|Leftovers|[from] move: Knock Off|[of] p1a: Mew
|move|p2a: Florges|Wish|p2a: Florges
|
|-heal|p1a: Mew|368\/403|[from] item: Leftovers
|turn|75
|
|switch|p2a: Hydreigon|Hydreigon, F|143\/325
|move|p1a: Mew|Knock Off|p2a: Hydreigon
|-crit|p2a: Hydreigon
|-resisted|p2a: Hydreigon
|-damage|p2a: Hydreigon|94\/325
|
|-heal|p2a: Hydreigon|274\/325|[from] move: Wish|[wisher] Florges
|-heal|p1a: Mew|393\/403|[from] item: Leftovers
|turn|76
|c|âOUAREABYSMAL|JUST CONCEDE DEFEAT LIKE A MAN
|raw|<div class="broadcast-blue"><b>Community Mentoring is having a mentour in their room! first prize at the end of the month gets a custom tittle on smogon + room voice. thread: http:\/\/www.smogon.com\/forums\/threads\/mentorship-mentours.3516642\/#post-5710248<\/b><\/div>
|c|âOUAREABYSMAL|TO THE SUPERIOR SKILFUL PRO
|c|âOUAREABYSMAL|YOU PATHETIC SHAMEFUL  HAX RELIANT WORTHLESS NOOB
|
|switch|p1a: Florges|Florges, F, shiny|359\/359
|move|p2a: Hydreigon|Dark Pulse|p1a: Florges
|-resisted|p1a: Florges
|-damage|p1a: Florges|320\/359
|
|-heal|p1a: Florges|342\/359|[from] item: Leftovers
|turn|77
|
|move|p2a: Hydreigon|U-turn|p1a: Florges
|-resisted|p1a: Florges
|-damage|p1a: Florges|312\/359
|
|switch|p2a: Entei|Entei, shiny|240\/372
|-ability|p2a: Entei|Pressure
|move|p1a: Florges|Wish|p1a: Florges
|
|-heal|p1a: Florges|334\/359|[from] item: Leftovers
|turn|78
|join|Skare
|
|switch|p1a: Ampharos|Ampharos-Mega, F, shiny|263\/383
|-ability|p1a: Ampharos|Mold Breaker
|move|p2a: Entei|Sacred Fire|p1a: Ampharos
|-resisted|p1a: Ampharos
|-damage|p1a: Ampharos|203\/383
|-status|p1a: Ampharos|brn
|
|-heal|p1a: Ampharos|382\/383 brn|[from] move: Wish|[wisher] Florges
|-damage|p1a: Ampharos|335\/383 brn|[from] brn
|turn|79
|
|switch|p2a: Florges|Florges, F|324\/360
|move|p1a: Ampharos|Volt Switch|p2a: Florges
|-damage|p2a: Florges|239\/360
|
|switch|p1a: Victini|Victini, shiny|341\/341
|
|turn|80
|
|move|p2a: Florges|Protect|p2a: Florges
|-singleturn|p2a: Florges|Protect
|move|p1a: Victini|V-create|p2a: Florges
|-activate|p2a: Florges|Protect
|
|turn|81
|
|switch|p1a: Mew|Mew, shiny|393\/403
|move|p2a: Florges|Wish|p2a: Florges
|
|-heal|p1a: Mew|403\/403|[from] item: Leftovers
|turn|82
|
|switch|p2a: Entei|Entei, shiny|240\/372
|-ability|p2a: Entei|Pressure
|move|p1a: Mew|Will-O-Wisp|p2a: Entei
|-fail|p2a: Entei
|
|-heal|p2a: Entei|372\/372|[from] move: Wish|[wisher] Florges
|turn|83
|
|switch|p2a: Florges|Florges, F|239\/360
|switch|p1a: Ampharos|Ampharos-Mega, F, shiny|335\/383 brn
|-ability|p1a: Ampharos|Mold Breaker
|
|-damage|p1a: Ampharos|288\/383 brn|[from] brn
|turn|84
|
|switch|p1a: Victini|Victini, shiny|341\/341
|move|p2a: Florges|Wish|p2a: Florges
|
|turn|85
|
|move|p2a: Florges|Protect|p2a: Florges
|-singleturn|p2a: Florges|Protect
|move|p1a: Victini|Bolt Strike|p2a: Florges
|-activate|p2a: Florges|Protect
|
|-heal|p2a: Florges|360\/360|[from] move: Wish|[wisher] Florges
|turn|86
|leave|Skare
|
|move|p1a: Victini|Bolt Strike|p2a: Florges|[miss]
|-miss|p1a: Victini|p2a: Florges
|move|p2a: Florges|Wish|p2a: Florges
|
|turn|87
|
|switch|p2a: Hydreigon|Hydreigon, F|274\/325
|move|p1a: Victini|Bolt Strike|p2a: Hydreigon
|-resisted|p2a: Hydreigon
|-damage|p2a: Hydreigon|155\/325
|
|-heal|p2a: Hydreigon|325\/325|[from] move: Wish|[wisher] Florges
|turn|88
|
|switch|p1a: Florges|Florges, F, shiny|334\/359
|move|p2a: Hydreigon|U-turn|p1a: Florges
|-resisted|p1a: Florges
|-damage|p1a: Florges|306\/359
|
|switch|p2a: Entei|Entei, shiny|372\/372
|-ability|p2a: Entei|Pressure
|
|-heal|p1a: Florges|328\/359|[from] item: Leftovers
|turn|89
|
|move|p1a: Florges|Protect|p1a: Florges
|-singleturn|p1a: Florges|Protect
|move|p2a: Entei|Flare Blitz|p1a: Florges
|-activate|p1a: Florges|Protect
|
|-heal|p1a: Florges|350\/359|[from] item: Leftovers
|turn|90
|
|switch|p2a: Florges|Florges, F|360\/360
|move|p1a: Florges|Wish|p1a: Florges
|
|-heal|p1a: Florges|359\/359|[from] item: Leftovers
|turn|91
|
|switch|p1a: Victini|Victini, shiny|341\/341
|move|p2a: Florges|Moonblast|p1a: Victini
|-resisted|p1a: Victini
|-damage|p1a: Victini|279\/341
|-unboost|p1a: Victini|spa|1
|
|-heal|p1a: Victini|341\/341|[from] move: Wish|[wisher] Florges
|turn|92
|
|move|p2a: Florges|Protect|p2a: Florges
|-singleturn|p2a: Florges|Protect
|move|p1a: Victini|Bolt Strike|p2a: Florges
|-activate|p2a: Florges|Protect
|
|turn|93
|
|switch|p2a: Hydreigon|Hydreigon, F|325\/325
|move|p1a: Victini|Bolt Strike|p2a: Hydreigon
|-resisted|p2a: Hydreigon
|-damage|p2a: Hydreigon|207\/325
|-status|p2a: Hydreigon|par
|
|turn|94
|
|move|p1a: Victini|Bolt Strike|p2a: Hydreigon
|-resisted|p2a: Hydreigon
|-damage|p2a: Hydreigon|81\/325 par
|move|p2a: Hydreigon|U-turn|p1a: Victini
|-damage|p1a: Victini|283\/341
|
|switch|p2a: Florges|Florges, F|360\/360
|
|turn|95
|join|safclewis
|
|move|p1a: Victini|Bolt Strike|p2a: Florges
|-damage|p2a: Florges|169\/360
|move|p2a: Florges|Wish|p2a: Florges
|
|turn|96
|
|switch|p1a: Mew|Mew, shiny|403\/403
|move|p2a: Florges|Protect|p2a: Florges
|-fail|p2a: Florges
|
|-heal|p2a: Florges|349\/360|[from] move: Wish|[wisher] Florges
|turn|97
|
|switch|p1a: Victini|Victini, shiny|283\/341
|move|p2a: Florges|Aromatherapy|p2a: Florges
|-cureteam|p2a: Florges|[from] move: Aromatherapy
|
|turn|98
|
|move|p2a: Florges|Protect|p2a: Florges
|-singleturn|p2a: Florges|Protect
|move|p1a: Victini|Trick|p2a: Florges
|-activate|p2a: Florges|Protect
|
|turn|99
|
|switch|p2a: Entei|Entei, shiny|372\/372
|-ability|p2a: Entei|Pressure
|move|p1a: Victini|Trick|p2a: Entei
|-activate|p1a: Victini|move: Trick|[of] p2a: Entei
|-item|p2a: Entei|Choice Band|[from] move: Trick
|
|turn|100
|
|switch|p1a: Ampharos|Ampharos-Mega, F, shiny|288\/383 brn
|-ability|p1a: Ampharos|Mold Breaker
|move|p2a: Entei|Stone Edge|p1a: Ampharos
|-damage|p1a: Ampharos|154\/383 brn
|
|-damage|p1a: Ampharos|107\/383 brn|[from] brn
|turn|101
|
|move|p2a: Entei|Stone Edge|p1a: Ampharos
|-damage|p1a: Ampharos|0 fnt
|faint|p1a: Ampharos
|
|c|âOUAREABYSMAL|LUCKY
|c|âOUAREABYSMAL|TWO HITS
|c|âOUAREABYSMAL|AND I MISSED BOLT STRIKE
|join|ninetynineflake
|join|baboosh328
|c|âOUAREABYSMAL|HAX RELIANT PITIFUL PATHETIC SHAMEFUL WORTHLESS SCRUB
|
|switch|p1a: Mew|Mew, shiny|403\/403
|turn|102
|
|switch|p2a: Florges|Florges, F|349\/360
|move|p1a: Mew|Knock Off|p2a: Florges
|-resisted|p2a: Florges
|-damage|p2a: Florges|325\/360
|
|turn|103
|
|move|p1a: Mew|Will-O-Wisp|p2a: Florges
|-status|p2a: Florges|brn
|move|p2a: Florges|Wish|p2a: Florges
|
|-damage|p2a: Florges|280\/360 brn|[from] brn
|turn|104
|
|switch|p2a: Hydreigon|Hydreigon, F|81\/325
|move|p1a: Mew|Knock Off|p2a: Hydreigon
|-resisted|p2a: Hydreigon
|-damage|p2a: Hydreigon|50\/325
|
|-heal|p2a: Hydreigon|230\/325|[from] move: Wish|[wisher] Florges
|turn|105
|
|switch|p1a: Florges|Florges, F, shiny|359\/359
|move|p2a: Hydreigon|U-turn|p1a: Florges
|-resisted|p1a: Florges
|-damage|p1a: Florges|329\/359
|join|hhehehehe
|
|switch|p2a: Entei|Entei, shiny|372\/372
|-ability|p2a: Entei|Pressure
|
|-heal|p1a: Florges|351\/359|[from] item: Leftovers
|turn|106
|
|move|p1a: Florges|Protect|p1a: Florges
|-singleturn|p1a: Florges|Protect
|move|p2a: Entei|Flare Blitz|p1a: Florges
|-activate|p1a: Florges|Protect
|
|-heal|p1a: Florges|359\/359|[from] item: Leftovers
|turn|107
|leave|baboosh328
|
|switch|p1a: Hydreigon|Hydreigon, F, shiny|261\/325
|move|p2a: Entei|Flare Blitz|p1a: Hydreigon
|-resisted|p1a: Hydreigon
|-damage|p1a: Hydreigon|94\/325
|-damage|p2a: Entei|317\/372|[from] recoil|[of] p1a: Hydreigon
|
|turn|108
|
|switch|p2a: Florges|Florges, F|280\/360 brn
|move|p1a: Hydreigon|Roost|p1a: Hydreigon
|-heal|p1a: Hydreigon|257\/325
|
|-damage|p2a: Florges|235\/360 brn|[from] brn
|turn|109
|
|switch|p1a: Mew|Mew, shiny|403\/403
|move|p2a: Florges|Aromatherapy|p2a: Florges
|-cureteam|p2a: Florges|[from] move: Aromatherapy
|
|turn|110
|
|move|p1a: Mew|Knock Off|p2a: Florges
|-resisted|p2a: Florges
|-damage|p2a: Florges|210\/360
|move|p2a: Florges|Wish|p2a: Florges
|
|turn|111
|c| hhehehehe|why flare blitz over sacred fire?
|
|move|p2a: Florges|Protect|p2a: Florges
|-singleturn|p2a: Florges|Protect
|move|p1a: Mew|Knock Off|p2a: Florges
|-activate|p2a: Florges|Protect
|
|-heal|p2a: Florges|360\/360|[from] move: Wish|[wisher] Florges
|turn|112
|c|âKey|i have both
|c| hhehehehe|oh, ok
|
|move|p1a: Mew|Will-O-Wisp|p2a: Florges
|-status|p2a: Florges|brn
|move|p2a: Florges|Wish|p2a: Florges
|
|-damage|p2a: Florges|315\/360 brn|[from] brn
|turn|113
|
|switch|p2a: Hydreigon|Hydreigon, F|230\/325
|move|p1a: Mew|Will-O-Wisp|p2a: Hydreigon
|-status|p2a: Hydreigon|brn
|
|-heal|p2a: Hydreigon|325\/325 brn|[from] move: Wish|[wisher] Florges
|-damage|p2a: Hydreigon|285\/325 brn|[from] brn
|turn|114
|c|âOUAREABYSMAL|OUTPLAYED
|join|Einfan
|c|âKey|lol
|
|switch|p1a: Florges|Florges, F, shiny|359\/359
|move|p2a: Hydreigon|U-turn|p1a: Florges
|-resisted|p1a: Florges
|-damage|p1a: Florges|344\/359
|join|baboosh328
|
|switch|p2a: Entei|Entei, shiny|317\/372
|-ability|p2a: Entei|Pressure
|
|-heal|p1a: Florges|359\/359|[from] item: Leftovers
|turn|115
|join|AssaultVestLatias
|
|move|p1a: Florges|Protect|p1a: Florges
|-singleturn|p1a: Florges|Protect
|move|p2a: Entei|Flare Blitz|p1a: Florges
|-activate|p1a: Florges|Protect
|
|turn|116
|join|Benwat
|
|switch|p1a: Hydreigon|Hydreigon, F, shiny|257\/325
|move|p2a: Entei|Flare Blitz|p1a: Hydreigon
|-resisted|p1a: Hydreigon
|-damage|p1a: Hydreigon|86\/325
|-damage|p2a: Entei|261\/372|[from] recoil|[of] p1a: Hydreigon
|
|turn|117
|
|switch|p2a: Florges|Florges, F|315\/360 brn
|move|p1a: Hydreigon|Roost|p1a: Hydreigon
|-heal|p1a: Hydreigon|249\/325
|
|-damage|p2a: Florges|270\/360 brn|[from] brn
|turn|118
|leave|baboosh328
|
|switch|p1a: Mew|Mew, shiny|403\/403
|move|p2a: Florges|Aromatherapy|p2a: Florges
|-cureteam|p2a: Florges|[from] move: Aromatherapy
|
|turn|119
|join|Michael Wendler
|join|Mebamissle
|
|switch|p2a: Entei|Entei, shiny|261\/372
|-ability|p2a: Entei|Pressure
|move|p1a: Mew|Knock Off|p2a: Entei
|-damage|p2a: Entei|181\/372
|-enditem|p2a: Entei|Choice Band|[from] move: Knock Off|[of] p1a: Mew
|
|turn|120
|leave|Mebamissle
|c| AssaultVestLatias|LET'S CAPS SHIT
|c|âOUAREABYSMAL|CONSTANTLY OUTPREDICTED
|c| hhehehehe|NO PLS
|join|tc_map
|leave|Michael Wendler
|
|move|p2a: Entei|Sacred Fire|p1a: Mew
|-crit|p1a: Mew
|-damage|p1a: Mew|135\/403
|move|p1a: Mew|Soft-Boiled|p1a: Mew
|-heal|p1a: Mew|337\/403
|
|-heal|p1a: Mew|362\/403|[from] item: Leftovers
|turn|121
|c| AssaultVestLatias|IT'S A CRIT
|leave|tc_map
|
|move|p2a: Entei|Flare Blitz|p1a: Mew
|-damage|p1a: Mew|143\/403
|-damage|p2a: Entei|109\/372|[from] recoil|[of] p1a: Mew
|move|p1a: Mew|Knock Off|p2a: Entei
|-damage|p2a: Entei|53\/372
|
|-heal|p1a: Mew|168\/403|[from] item: Leftovers
|turn|122
|c| AssaultVestLatias|SHADYPENGUINN2014
|c| hhehehehe|stop the caps ;-;
|c| AssaultVestLatias|lol k
|
|switch|p2a: Florges|Florges, F|270\/360
|switch|p1a: Hydreigon|Hydreigon, F, shiny|249\/325
|
|turn|123
|
|switch|p1a: Mew|Mew, shiny|168\/403
|move|p2a: Florges|Wish|p2a: Florges
|
|-heal|p1a: Mew|193\/403|[from] item: Leftovers
|turn|124
|c| ninetynineflake|oh.
|join|Impatience
|join|bendamin10
|
|switch|p2a: Hydreigon|Hydreigon, F|285\/325
|move|p1a: Mew|Knock Off|p2a: Hydreigon
|-resisted|p2a: Hydreigon
|-damage|p2a: Hydreigon|252\/325
|
|-heal|p2a: Hydreigon|325\/325|[from] move: Wish|[wisher] Florges
|-heal|p1a: Mew|218\/403|[from] item: Leftovers
|turn|125
|
|switch|p1a: Florges|Florges, F, shiny|359\/359
|move|p2a: Hydreigon|U-turn|p1a: Florges
|-resisted|p1a: Florges
|-damage|p1a: Florges|329\/359
|
|switch|p2a: Florges|Florges, F|270\/360
|
|-heal|p1a: Florges|351\/359|[from] item: Leftovers
|turn|126
|
|switch|p1a: Victini|Victini, shiny|283\/341
|move|p2a: Florges|Wish|p2a: Florges
|
|turn|127
|
|switch|p2a: Hydreigon|Hydreigon, F|325\/325
|move|p1a: Victini|Bolt Strike|p2a: Hydreigon
|-resisted|p2a: Hydreigon
|-damage|p2a: Hydreigon|238\/325
|-status|p2a: Hydreigon|par
|
|-heal|p2a: Hydreigon|325\/325 par|[from] move: Wish|[wisher] Florges
|turn|128
|
|move|p1a: Victini|U-turn|p2a: Hydreigon
|-supereffective|p2a: Hydreigon
|-damage|p2a: Hydreigon|129\/325 par
|
|switch|p1a: Florges|Florges, F, shiny|351\/359
|move|p2a: Hydreigon|U-turn|p1a: Florges
|-resisted|p1a: Florges
|-damage|p1a: Florges|323\/359
|join|artistsmeargle1991
|
|switch|p2a: Florges|Florges, F|270\/360
|
|-heal|p1a: Florges|345\/359|[from] item: Leftovers
|turn|129
|
|switch|p1a: Mew|Mew, shiny|218\/403
|move|p2a: Florges|Aromatherapy|p2a: Florges
|-cureteam|p2a: Florges|[from] move: Aromatherapy
|
|-heal|p1a: Mew|243\/403|[from] item: Leftovers
|turn|130
|
|move|p1a: Mew|Will-O-Wisp|p2a: Florges
|-status|p2a: Florges|brn
|move|p2a: Florges|Wish|p2a: Florges
|
|-heal|p1a: Mew|268\/403|[from] item: Leftovers
|-damage|p2a: Florges|225\/360 brn|[from] brn
|turn|131
|
|switch|p2a: Entei|Entei, shiny|53\/372
|-ability|p2a: Entei|Pressure
|move|p1a: Mew|Knock Off|p2a: Entei
|-damage|p2a: Entei|0 fnt
|faint|p2a: Entei
|
|-heal|p1a: Mew|293\/403|[from] item: Leftovers
|c|âKey|ah
|c|âKey|gg
|join|Evilader
|c|âOUAREABYSMAL|GAME OVER
|c|âKey|thanks for being a retarded child all game
|c|âOUAREABYSMAL|TOO SOLID FOR YOUR WEAK FRAIL PITIFL PATHETIC TEAM
|c|âOUAREABYSMAL|ONLY MAD BECAUSE OUTPLAYED
|c|âOUAREABYSMAL|AHHAHAHAHAHHAHA
|c|âKey|lol
|c|âOUAREABYSMAL|LEARN 2 PLAY NOOB
|c|âKey|im not mad 
|c|âKey|i know 7th grade is hard
|c| Evilader|lol this kid
|c|âOUAREABYSMAL|SP DEF MEW AND FLORGES TOO STRONG FOR YOUR TEAM
|c|âKey|good luck man
|c|âOUAREABYSMAL|ALSO CB VITINI> YOUR TEAM
|c|âOUAREABYSMAL|OUTSKILLED, OUTPLAYED, OUTTHOUGHTS BY
|c|âKey|just do your homework and youll be fine
|c|âOUAREABYSMAL|THE SU
|c|âOUAREABYSMAL|THE SUPERIOR PRO
|c| hhehehehe|caps nooooo
|-message|Key forfeited.
|leave|Key
|c| AssaultVestLatias|7th grade hit like a fucking truck
|
|win|OUAREABYSMAL
|raw|Ladder updating...
|player|p2
|raw|OUAREABYSMAL's rating: 1588 &rarr; <strong>1603<\/strong><br \/>(+15 for winning)
|raw|Key's rating: 1503 &rarr; <strong>1488<\/strong><br \/>(-15 for losing)