|join|Key
|join|TurnDownForWynaut
|player|p1|Key|242
|player|p2|TurnDownForWynaut|247
|gametype|singles
|gen|6
|tier|UU
|rated
|rule|Sleep Clause Mod: Limit one foe put to sleep
|rule|Species Clause: Limit one of each PokÃ©mon
|rule|OHKO Clause: OHKO moves are banned
|rule|Moody Clause: Moody is banned
|rule|Evasion Moves Clause: Evasion moves are banned
|rule|Endless Battle Clause: Forcing endless battles is banned
|rule|HP Percentage Mod: HP is shown in percentages
|clearpoke
|poke|p1|Reuniclus, F
|poke|p1|Sceptile, F
|poke|p1|Vaporeon, F
|poke|p1|Forretress, M
|poke|p1|Arcanine, M
|poke|p1|Snorlax, F
|poke|p2|Beedrill, M
|poke|p2|Hydreigon, F
|poke|p2|Starmie
|poke|p2|Nidoqueen, F
|poke|p2|Chesnaught, F
|poke|p2|Raikou
|rule|Swagger Clause: Swagger is banned
|rule|Baton Pass Clause: Limit one PokÃ©mon knowing Baton Pass
|teampreview
|
|start
|switch|p1a: Sceptile|Sceptile, F|281\/281
|switch|p2a: Nidoqueen|Nidoqueen, F|383\/383
|turn|1
|
|switch|p1a: Snorlax|Snorlax, F|461\/461
|move|p2a: Nidoqueen|Ice Beam|p1a: Snorlax
|-damage|p1a: Snorlax|436\/461
|
|turn|2
|
|move|p2a: Nidoqueen|Stealth Rock|p1a: Snorlax
|-sidestart|p1: Key|move: Stealth Rock
|move|p1a: Snorlax|Earthquake|p2a: Nidoqueen
|-supereffective|p2a: Nidoqueen
|-damage|p2a: Nidoqueen|195\/383
|
|-heal|p2a: Nidoqueen|218\/383|[from] item: Black Sludge
|turn|3
|
|move|p1a: Snorlax|Pursuit|p2a: Nidoqueen|[from]Pursuit
|-damage|p2a: Nidoqueen|140\/383
|switch|p2a: Chesnaught|Chesnaught, F|379\/379
|
|turn|4
|
|switch|p1a: Forretress|Forretress, M|354\/354
|-damage|p1a: Forretress|310\/354|[from] Stealth Rock
|move|p2a: Chesnaught|Leech Seed|p1a: Forretress
|-start|p1a: Forretress|move: Leech Seed
|
|-heal|p1a: Forretress|332\/354|[from] item: Leftovers
|-damage|p1a: Forretress|288\/354|[from] Leech Seed|[of] p2a: Chesnaught
|turn|5
|
|switch|p2a: Nidoqueen|Nidoqueen, F|140\/383
|move|p1a: Forretress|Rapid Spin|p2a: Nidoqueen
|-damage|p2a: Nidoqueen|128\/383
|-end|p1a: Forretress|Leech Seed|[from] move: Rapid Spin|[of] p1a: Forretress
|-sideend|p1: Key|Stealth Rock|[from] move: Rapid Spin|[of] p1a: Forretress
|
|-heal|p2a: Nidoqueen|151\/383|[from] item: Black Sludge
|-heal|p1a: Forretress|310\/354|[from] item: Leftovers
|turn|6
|
|switch|p2a: Chesnaught|Chesnaught, F|379\/379
|switch|p1a: Snorlax|Snorlax, F|436\/461
|
|turn|7
|
|switch|p2a: Starmie|Starmie|324\/324
|switch|p1a: Arcanine|Arcanine, M|383\/383
|-ability|p1a: Arcanine|Intimidate|[of] p2a: Starmie
|-unboost|p2a: Starmie|atk|1
|
|turn|8
|
|switch|p1a: Snorlax|Snorlax, F|436\/461
|move|p2a: Starmie|Scald|p1a: Snorlax
|-damage|p1a: Snorlax|378\/461
|
|turn|9
|
|move|p2a: Starmie|Scald|p1a: Snorlax
|-damage|p1a: Snorlax|324\/461
|move|p1a: Snorlax|Pursuit|p2a: Starmie
|-supereffective|p2a: Starmie
|-damage|p2a: Starmie|244\/324
|
|-heal|p2a: Starmie|264\/324|[from] item: Leftovers
|turn|10
|
|move|p2a: Starmie|Psyshock|p1a: Snorlax
|-damage|p1a: Snorlax|230\/461
|move|p1a: Snorlax|Crunch|p2a: Starmie
|-crit|p2a: Starmie
|-supereffective|p2a: Starmie
|-damage|p2a: Starmie|56\/324
|-unboost|p2a: Starmie|def|1
|
|-heal|p2a: Starmie|76\/324|[from] item: Leftovers
|turn|11
|
|move|p2a: Starmie|Recover|p2a: Starmie
|-heal|p2a: Starmie|238\/324
|move|p1a: Snorlax|Pursuit|p2a: Starmie
|-supereffective|p2a: Starmie
|-damage|p2a: Starmie|124\/324
|
|-heal|p2a: Starmie|144\/324|[from] item: Leftovers
|turn|12
|
|switch|p2a: Chesnaught|Chesnaught, F|379\/379
|move|p1a: Snorlax|Crunch|p2a: Chesnaught
|-resisted|p2a: Chesnaught
|-damage|p2a: Chesnaught|350\/379
|
|-heal|p2a: Chesnaught|373\/379|[from] item: Leftovers
|turn|13
|
|switch|p1a: Arcanine|Arcanine, M|383\/383
|-ability|p1a: Arcanine|Intimidate|[of] p2a: Chesnaught
|-unboost|p2a: Chesnaught|atk|1
|move|p2a: Chesnaught|Drain Punch|p1a: Arcanine
|-damage|p1a: Arcanine|334\/383
|-heal|p2a: Chesnaught|379\/379|[from] drain|[of] p1a: Arcanine
|
|-heal|p1a: Arcanine|357\/383|[from] item: Leftovers
|turn|14
|
|move|p1a: Arcanine|Toxic|p2a: Chesnaught
|-status|p2a: Chesnaught|tox
|move|p2a: Chesnaught|Leech Seed|p1a: Arcanine
|-start|p1a: Arcanine|move: Leech Seed
|
|-heal|p1a: Arcanine|380\/383|[from] item: Leftovers
|-damage|p1a: Arcanine|333\/383|[from] Leech Seed|[of] p2a: Chesnaught
|-damage|p2a: Chesnaught|356\/379 tox|[from] psn
|turn|15
|
|switch|p1a: Vaporeon|Vaporeon, F|451\/451
|switch|p2a: Starmie|Starmie|144\/324
|
|-heal|p2a: Starmie|164\/324|[from] item: Leftovers
|turn|16
|
|move|p2a: Starmie|Recover|p2a: Starmie
|-heal|p2a: Starmie|324\/324
|move|p1a: Vaporeon|Wish|p1a: Vaporeon
|
|turn|17
|
|switch|p2a: Beedrill|Beedrill, M|271\/271
|switch|p1a: Snorlax|Snorlax, F|230\/461
|
|-heal|p1a: Snorlax|455\/461|[from] move: Wish|[wisher] Vaporeon
|turn|18
|
|detailschange|p2a: Beedrill|Beedrill-Mega, M
|-mega|p2a: Beedrill|Beedrill|Beedrillite
|move|p2a: Beedrill|U-turn|p1a: Snorlax
|-damage|p1a: Snorlax|255\/461
|
|switch|p2a: Chesnaught|Chesnaught, F|356\/379 tox
|move|p1a: Snorlax|Body Slam|p2a: Chesnaught
|-damage|p2a: Chesnaught|268\/379 tox
|
|-heal|p2a: Chesnaught|291\/379 tox|[from] item: Leftovers
|-damage|p2a: Chesnaught|268\/379 tox|[from] psn
|turn|19
|
|switch|p2a: Beedrill|Beedrill-Mega, M|271\/271
|switch|p1a: Sceptile|Sceptile, F|281\/281
|
|turn|20
|
|switch|p1a: Forretress|Forretress, M|310\/354
|move|p2a: Beedrill|U-turn|p1a: Forretress
|-resisted|p1a: Forretress
|-damage|p1a: Forretress|255\/354
|
|switch|p2a: Nidoqueen|Nidoqueen, F|151\/383
|
|-heal|p2a: Nidoqueen|174\/383|[from] item: Black Sludge
|-heal|p1a: Forretress|277\/354|[from] item: Leftovers
|turn|21
|
|switch|p1a: Vaporeon|Vaporeon, F|451\/451
|move|p2a: Nidoqueen|Earth Power|p1a: Vaporeon
|-damage|p1a: Vaporeon|357\/451
|
|-heal|p2a: Nidoqueen|197\/383|[from] item: Black Sludge
|-heal|p1a: Vaporeon|385\/451|[from] item: Leftovers
|turn|22
|
|switch|p2a: Chesnaught|Chesnaught, F|268\/379 tox
|move|p1a: Vaporeon|Scald|p2a: Chesnaught
|-resisted|p2a: Chesnaught
|-damage|p2a: Chesnaught|200\/379 tox
|
|-heal|p1a: Vaporeon|413\/451|[from] item: Leftovers
|-heal|p2a: Chesnaught|223\/379 tox|[from] item: Leftovers
|-damage|p2a: Chesnaught|200\/379 tox|[from] psn
|turn|23
|
|move|p1a: Vaporeon|Protect|p1a: Vaporeon
|-singleturn|p1a: Vaporeon|Protect
|move|p2a: Chesnaught|Leech Seed|p1a: Vaporeon
|-activate|p1a: Vaporeon|Protect
|
|-heal|p1a: Vaporeon|441\/451|[from] item: Leftovers
|-heal|p2a: Chesnaught|223\/379 tox|[from] item: Leftovers
|-damage|p2a: Chesnaught|177\/379 tox|[from] psn
|turn|24
|
|switch|p2a: Beedrill|Beedrill-Mega, M|271\/271
|move|p1a: Vaporeon|Baton Pass|p1a: Vaporeon
|
|switch|p1a: Arcanine|Arcanine, M|333\/383
|-ability|p1a: Arcanine|Intimidate|[of] p2a: Beedrill
|-unboost|p2a: Beedrill|atk|1
|
|-heal|p1a: Arcanine|356\/383|[from] item: Leftovers
|turn|25
|
|move|p2a: Beedrill|Protect|p2a: Beedrill
|-singleturn|p2a: Beedrill|Protect
|move|p1a: Arcanine|Toxic|p2a: Beedrill
|-activate|p2a: Beedrill|Protect
|
|-heal|p1a: Arcanine|379\/383|[from] item: Leftovers
|turn|26
|
|switch|p2a: Starmie|Starmie|324\/324
|move|p1a: Arcanine|Flare Blitz|p2a: Starmie
|-resisted|p2a: Starmie
|-damage|p2a: Starmie|261\/324
|-damage|p1a: Arcanine|358\/383|[from] recoil|[of] p2a: Starmie
|
|-heal|p2a: Starmie|281\/324|[from] item: Leftovers
|-heal|p1a: Arcanine|381\/383|[from] item: Leftovers
|turn|27
|
|switch|p1a: Vaporeon|Vaporeon, F|441\/451
|move|p2a: Starmie|Scald|p1a: Vaporeon
|-heal|p1a: Vaporeon|451\/451|[from] ability: Water Absorb|[of] p2a: Starmie
|
|-heal|p2a: Starmie|301\/324|[from] item: Leftovers
|turn|28
|
|move|p2a: Starmie|Psyshock|p1a: Vaporeon
|-damage|p1a: Vaporeon|348\/451
|move|p1a: Vaporeon|Wish|p1a: Vaporeon
|
|-heal|p2a: Starmie|321\/324|[from] item: Leftovers
|-heal|p1a: Vaporeon|376\/451|[from] item: Leftovers
|turn|29
|
|move|p2a: Starmie|Scald|p1a: Vaporeon
|-heal|p1a: Vaporeon|451\/451|[from] ability: Water Absorb|[of] p2a: Starmie
|move|p1a: Vaporeon|Baton Pass|p1a: Vaporeon
|
|switch|p1a: Snorlax|Snorlax, F|255\/461
|
|-heal|p1a: Snorlax|461\/461|[from] move: Wish|[wisher] Vaporeon
|-heal|p2a: Starmie|324\/324|[from] item: Leftovers
|turn|30
|
|switch|p2a: Chesnaught|Chesnaught, F|177\/379 tox
|move|p1a: Snorlax|Crunch|p2a: Chesnaught
|-resisted|p2a: Chesnaught
|-damage|p2a: Chesnaught|148\/379 tox
|
|-heal|p2a: Chesnaught|171\/379 tox|[from] item: Leftovers
|-damage|p2a: Chesnaught|148\/379 tox|[from] psn
|turn|31
|
|switch|p1a: Sceptile|Sceptile, F|281\/281
|move|p2a: Chesnaught|Drain Punch|p1a: Sceptile
|-crit|p1a: Sceptile
|-damage|p1a: Sceptile|71\/281
|-heal|p2a: Chesnaught|253\/379 tox|[from] drain|[of] p1a: Sceptile
|
|-heal|p2a: Chesnaught|276\/379 tox|[from] item: Leftovers
|-damage|p2a: Chesnaught|230\/379 tox|[from] psn
|turn|32
|
|detailschange|p1a: Sceptile|Sceptile-Mega, F
|-mega|p1a: Sceptile|Sceptile|Sceptilite
|move|p1a: Sceptile|Synthesis|p1a: Sceptile
|-heal|p1a: Sceptile|211\/281
|move|p2a: Chesnaught|Drain Punch|p1a: Sceptile
|-damage|p1a: Sceptile|94\/281
|-heal|p2a: Chesnaught|289\/379 tox|[from] drain|[of] p1a: Sceptile
|
|-heal|p2a: Chesnaught|312\/379 tox|[from] item: Leftovers
|-damage|p2a: Chesnaught|243\/379 tox|[from] psn
|turn|33
|
|move|p1a: Sceptile|Synthesis|p1a: Sceptile
|-heal|p1a: Sceptile|234\/281
|move|p2a: Chesnaught|Drain Punch|p1a: Sceptile
|-damage|p1a: Sceptile|122\/281
|-heal|p2a: Chesnaught|299\/379 tox|[from] drain|[of] p1a: Sceptile
|
|-heal|p2a: Chesnaught|322\/379 tox|[from] item: Leftovers
|-damage|p2a: Chesnaught|230\/379 tox|[from] psn
|turn|34
|
|switch|p2a: Beedrill|Beedrill-Mega, M|271\/271
|move|p1a: Sceptile|Synthesis|p1a: Sceptile
|-heal|p1a: Sceptile|262\/281
|
|turn|35
|
|switch|p1a: Arcanine|Arcanine, M|381\/383
|-ability|p1a: Arcanine|Intimidate|[of] p2a: Beedrill
|-unboost|p2a: Beedrill|atk|1
|move|p2a: Beedrill|Knock Off|p1a: Arcanine
|-damage|p1a: Arcanine|314\/383
|-enditem|p1a: Arcanine|Leftovers|[from] move: Knock Off|[of] p2a: Beedrill
|
|turn|36
|
|move|p2a: Beedrill|U-turn|p1a: Arcanine
|-resisted|p1a: Arcanine
|-damage|p1a: Arcanine|260\/383
|
|switch|p2a: Starmie|Starmie|324\/324
|move|p1a: Arcanine|Toxic|p2a: Starmie
|-status|p2a: Starmie|tox
|
|-damage|p2a: Starmie|304\/324 tox|[from] psn
|turn|37
|
|switch|p2a: Beedrill|Beedrill-Mega, M|271\/271
|switch|p1a: Vaporeon|Vaporeon, F|451\/451
|
|turn|38
|
|switch|p1a: Arcanine|Arcanine, M|260\/383
|-ability|p1a: Arcanine|Intimidate|[of] p2a: Beedrill
|-unboost|p2a: Beedrill|atk|1
|move|p2a: Beedrill|U-turn|p1a: Arcanine
|-resisted|p1a: Arcanine
|-damage|p1a: Arcanine|207\/383
|
|switch|p2a: Raikou|Raikou|321\/321
|-ability|p2a: Raikou|Pressure
|
|turn|39
|
|move|p2a: Raikou|Shadow Ball|p1a: Arcanine
|-damage|p1a: Arcanine|57\/383
|move|p1a: Arcanine|Morning Sun|p1a: Arcanine
|-heal|p1a: Arcanine|248\/383
|
|turn|40
|
|move|p2a: Raikou|Shadow Ball|p1a: Arcanine
|-damage|p1a: Arcanine|89\/383
|move|p1a: Arcanine|Flare Blitz|p2a: Raikou
|-damage|p2a: Raikou|113\/321
|-damage|p1a: Arcanine|20\/383|[from] recoil|[of] p2a: Raikou
|
|turn|41
|
|switch|p2a: Starmie|Starmie|304\/324
|switch|p1a: Snorlax|Snorlax, F|461\/461
|
|-heal|p2a: Starmie|324\/324|[from] item: Leftovers
|turn|42
|
|move|p2a: Starmie|Scald|p1a: Snorlax
|-damage|p1a: Snorlax|404\/461
|move|p1a: Snorlax|Crunch|p2a: Starmie
|-supereffective|p2a: Starmie
|-damage|p2a: Starmie|180\/324
|
|-heal|p2a: Starmie|200\/324|[from] item: Leftovers
|turn|43
|
|move|p2a: Starmie|Scald|p1a: Snorlax
|-damage|p1a: Snorlax|349\/461
|move|p1a: Snorlax|Crunch|p2a: Starmie
|-supereffective|p2a: Starmie
|-damage|p2a: Starmie|40\/324
|
|-heal|p2a: Starmie|60\/324|[from] item: Leftovers
|turn|44
|
|move|p2a: Starmie|Recover|p2a: Starmie
|-heal|p2a: Starmie|222\/324
|move|p1a: Snorlax|Crunch|p2a: Starmie
|-supereffective|p2a: Starmie
|-damage|p2a: Starmie|82\/324
|
|-heal|p2a: Starmie|102\/324|[from] item: Leftovers
|turn|45
|
|move|p2a: Starmie|Recover|p2a: Starmie
|-heal|p2a: Starmie|264\/324
|move|p1a: Snorlax|Crunch|p2a: Starmie
|-supereffective|p2a: Starmie
|-damage|p2a: Starmie|128\/324
|
|-heal|p2a: Starmie|148\/324|[from] item: Leftovers
|turn|46
|
|move|p2a: Starmie|Recover|p2a: Starmie
|-heal|p2a: Starmie|310\/324
|move|p1a: Snorlax|Crunch|p2a: Starmie
|-supereffective|p2a: Starmie
|-damage|p2a: Starmie|160\/324
|
|-heal|p2a: Starmie|180\/324|[from] item: Leftovers
|turn|47
|
|move|p2a: Starmie|Scald|p1a: Snorlax
|-damage|p1a: Snorlax|295\/461
|move|p1a: Snorlax|Crunch|p2a: Starmie
|-supereffective|p2a: Starmie
|-damage|p2a: Starmie|40\/324
|
|-heal|p2a: Starmie|60\/324|[from] item: Leftovers
|turn|48
|
|switch|p1a: Sceptile|Sceptile-Mega, F|262\/281
|move|p2a: Starmie|Recover|p2a: Starmie
|-heal|p2a: Starmie|222\/324
|
|-heal|p2a: Starmie|242\/324|[from] item: Leftovers
|turn|49
|
|switch|p2a: Chesnaught|Chesnaught, F|230\/379 tox
|move|p1a: Sceptile|Swords Dance|p1a: Sceptile
|-boost|p1a: Sceptile|atk|2
|
|-heal|p2a: Chesnaught|253\/379 tox|[from] item: Leftovers
|-damage|p2a: Chesnaught|230\/379 tox|[from] psn
|turn|50
|
|move|p1a: Sceptile|Swords Dance|p1a: Sceptile
|-boost|p1a: Sceptile|atk|2
|move|p2a: Chesnaught|Roar|p1a: Sceptile
|drag|p1a: Vaporeon|Vaporeon, F|451\/451
|
|-heal|p2a: Chesnaught|253\/379 tox|[from] item: Leftovers
|-damage|p2a: Chesnaught|207\/379 tox|[from] psn
|turn|51
|
|move|p1a: Vaporeon|Wish|p1a: Vaporeon
|move|p2a: Chesnaught|Drain Punch|p1a: Vaporeon
|-damage|p1a: Vaporeon|342\/451
|-heal|p2a: Chesnaught|262\/379 tox|[from] drain|[of] p1a: Vaporeon
|
|-heal|p1a: Vaporeon|370\/451|[from] item: Leftovers
|-heal|p2a: Chesnaught|285\/379 tox|[from] item: Leftovers
|-damage|p2a: Chesnaught|216\/379 tox|[from] psn
|turn|52
|
|switch|p1a: Forretress|Forretress, M|277\/354
|move|p2a: Chesnaught|Roar|p1a: Forretress
|drag|p1a: Arcanine|Arcanine, M|20\/383
|-ability|p1a: Arcanine|Intimidate|[of] p2a: Chesnaught
|-unboost|p2a: Chesnaught|atk|1
|
|-heal|p1a: Arcanine|245\/383|[from] move: Wish|[wisher] Vaporeon
|-heal|p2a: Chesnaught|239\/379 tox|[from] item: Leftovers
|-damage|p2a: Chesnaught|147\/379 tox|[from] psn
|turn|53
|c|âTurnDownForWynaut|amazing
|
|switch|p1a: Sceptile|Sceptile-Mega, F|262\/281
|move|p2a: Chesnaught|Drain Punch|p1a: Sceptile
|-damage|p1a: Sceptile|178\/281
|-heal|p2a: Chesnaught|189\/379 tox|[from] drain|[of] p1a: Sceptile
|
|-heal|p2a: Chesnaught|212\/379 tox|[from] item: Leftovers
|-damage|p2a: Chesnaught|97\/379 tox|[from] psn
|turn|54
|
|move|p1a: Sceptile|Dragon Claw|p2a: Chesnaught
|-damage|p2a: Chesnaught|12\/379 tox
|move|p2a: Chesnaught|Roar|p1a: Sceptile
|drag|p1a: Arcanine|Arcanine, M|245\/383
|-ability|p1a: Arcanine|Intimidate|[of] p2a: Chesnaught
|-unboost|p2a: Chesnaught|atk|1
|
|-heal|p2a: Chesnaught|35\/379 tox|[from] item: Leftovers
|-damage|p2a: Chesnaught|0 fnt|[from] psn
|faint|p2a: Chesnaught
|
|switch|p2a: Hydreigon|Hydreigon, F|325\/325
|turn|55
|
|switch|p1a: Snorlax|Snorlax, F|295\/461
|move|p2a: Hydreigon|U-turn|p1a: Snorlax
|-damage|p1a: Snorlax|239\/461
|
|switch|p2a: Beedrill|Beedrill-Mega, M|271\/271
|
|turn|56
|
|move|p2a: Beedrill|U-turn|p1a: Snorlax
|-damage|p1a: Snorlax|63\/461
|
|move|p1a: Snorlax|Pursuit|p2a: Beedrill|[from]Pursuit
|-damage|p2a: Beedrill|88\/271
|switch|p2a: Hydreigon|Hydreigon, F|325\/325
|
|turn|57
|
|switch|p1a: Forretress|Forretress, M|277\/354
|move|p2a: Hydreigon|U-turn|p1a: Forretress
|-resisted|p1a: Forretress
|-damage|p1a: Forretress|261\/354
|
|switch|p2a: Nidoqueen|Nidoqueen, F|197\/383
|
|-heal|p2a: Nidoqueen|220\/383|[from] item: Black Sludge
|-heal|p1a: Forretress|283\/354|[from] item: Leftovers
|turn|58
|
|switch|p1a: Vaporeon|Vaporeon, F|370\/451
|move|p2a: Nidoqueen|Stealth Rock|p1a: Vaporeon
|-sidestart|p1: Key|move: Stealth Rock
|
|-heal|p2a: Nidoqueen|243\/383|[from] item: Black Sludge
|-heal|p1a: Vaporeon|398\/451|[from] item: Leftovers
|turn|59
|
|switch|p2a: Raikou|Raikou|113\/321
|-ability|p2a: Raikou|Pressure
|move|p1a: Vaporeon|Scald|p2a: Raikou
|-damage|p2a: Raikou|8\/321
|
|-heal|p1a: Vaporeon|426\/451|[from] item: Leftovers
|turn|60
|
|move|p1a: Vaporeon|Protect|p1a: Vaporeon
|-singleturn|p1a: Vaporeon|Protect
|move|p2a: Raikou|Thunderbolt|p1a: Vaporeon
|-activate|p1a: Vaporeon|Protect
|
|-heal|p1a: Vaporeon|451\/451|[from] item: Leftovers
|turn|61
|
|switch|p1a: Sceptile|Sceptile-Mega, F|178\/281
|-damage|p1a: Sceptile|143\/281|[from] Stealth Rock
|move|p2a: Raikou|Thunderbolt|p1a: Sceptile
|-boost|p1a: Sceptile|spa|1|[from] ability: Lightning Rod
|
|turn|62
|
|switch|p2a: Nidoqueen|Nidoqueen, F|243\/383
|move|p1a: Sceptile|Swords Dance|p1a: Sceptile
|-boost|p1a: Sceptile|atk|2
|
|-heal|p2a: Nidoqueen|266\/383|[from] item: Black Sludge
|turn|63
|
|move|p1a: Sceptile|Leaf Blade|p2a: Nidoqueen
|-damage|p2a: Nidoqueen|19\/383
|move|p2a: Nidoqueen|Ice Beam|p1a: Sceptile
|-supereffective|p1a: Sceptile
|-damage|p1a: Sceptile|0 fnt
|faint|p1a: Sceptile
|
|-heal|p2a: Nidoqueen|42\/383|[from] item: Black Sludge
|
|switch|p1a: Vaporeon|Vaporeon, F|451\/451
|-damage|p1a: Vaporeon|395\/451|[from] Stealth Rock
|turn|64
|
|switch|p2a: Starmie|Starmie|242\/324
|move|p1a: Vaporeon|Wish|p1a: Vaporeon
|
|-heal|p2a: Starmie|262\/324|[from] item: Leftovers
|-heal|p1a: Vaporeon|423\/451|[from] item: Leftovers
|turn|65
|
|move|p2a: Starmie|Scald|p1a: Vaporeon
|-heal|p1a: Vaporeon|451\/451|[from] ability: Water Absorb|[of] p2a: Starmie
|move|p1a: Vaporeon|Baton Pass|p1a: Vaporeon
|
|switch|p1a: Snorlax|Snorlax, F|63\/461
|-damage|p1a: Snorlax|6\/461|[from] Stealth Rock
|
|-heal|p1a: Snorlax|231\/461|[from] move: Wish|[wisher] Vaporeon
|-heal|p2a: Starmie|282\/324|[from] item: Leftovers
|turn|66
|
|switch|p1a: Vaporeon|Vaporeon, F|451\/451
|-damage|p1a: Vaporeon|395\/451|[from] Stealth Rock
|move|p2a: Starmie|Scald|p1a: Vaporeon
|-heal|p1a: Vaporeon|451\/451|[from] ability: Water Absorb|[of] p2a: Starmie
|
|-heal|p2a: Starmie|302\/324|[from] item: Leftovers
|turn|67
|
|switch|p2a: Hydreigon|Hydreigon, F|325\/325
|move|p1a: Vaporeon|Wish|p1a: Vaporeon
|
|turn|68
|
|move|p2a: Hydreigon|Draco Meteor|p1a: Vaporeon
|-damage|p1a: Vaporeon|235\/451
|-unboost|p2a: Hydreigon|spa|2
|move|p1a: Vaporeon|Scald|p2a: Hydreigon
|-resisted|p2a: Hydreigon
|-damage|p2a: Hydreigon|267\/325
|
|-heal|p1a: Vaporeon|451\/451|[from] move: Wish|[wisher] Vaporeon
|turn|69
|
|switch|p2a: Beedrill|Beedrill-Mega, M|88\/271
|move|p1a: Vaporeon|Scald|p2a: Beedrill
|-damage|p2a: Beedrill|0 fnt
|faint|p2a: Beedrill
|
|-message|TurnDownForWynaut forfeited.
|
|win|Key
|raw|Ladder updating...
|leave|TurnDownForWynaut
|player|p2
|raw|Key's rating: 1492 &rarr; <strong>1508<\/strong><br \/>(+16 for winning)
|raw|TurnDownForWynaut's rating: 1436 &rarr; <strong>1419<\/strong><br \/>(-17 for losing)
|leave|Key
|player|p1
|join|Key