|join|Earthes
|join|Key
|player|p1|Earthes|248
|player|p2|Key|242
|gametype|singles
|gen|6
|tier|UU
|rated
|rule|Sleep Clause Mod: Limit one foe put to sleep
|rule|Species Clause: Limit one of each PokÃ©mon
|rule|OHKO Clause: OHKO moves are banned
|rule|Moody Clause: Moody is banned
|rule|Evasion Moves Clause: Evasion moves are banned
|rule|Endless Battle Clause: Forcing endless battles is banned
|rule|HP Percentage Mod: HP is shown in percentages
|clearpoke
|poke|p1|Sharpedo, M
|poke|p1|Florges, F
|poke|p1|Blastoise, F
|poke|p1|Toxicroak, M
|poke|p1|Noivern, F
|poke|p1|Darmanitan, M
|poke|p2|Rotom-Mow
|poke|p2|Jirachi
|poke|p2|Ampharos, M
|poke|p2|Suicune
|poke|p2|Umbreon, M
|poke|p2|Crobat, F
|rule|Swagger Clause: Swagger is banned
|rule|Baton Pass Clause: Limit one PokÃ©mon knowing Baton Pass
|teampreview
|join|Shrek Almighty
|
|start
|switch|p1a: Rick Addison|Darmanitan, M|351\/351
|switch|p2a: Ampharos|Ampharos, M|383\/383
|turn|1
|
|detailschange|p2a: Ampharos|Ampharos-Mega, M
|-mega|p2a: Ampharos|Ampharos|Ampharosite
|-ability|p2a: Ampharos|Mold Breaker
|move|p1a: Rick Addison|Earthquake|p2a: Ampharos
|-supereffective|p2a: Ampharos
|-damage|p2a: Ampharos|213\/383
|move|p2a: Ampharos|Volt Switch|p1a: Rick Addison
|-damage|p1a: Rick Addison|153\/351
|
|switch|p2a: Rotom-Mow|Rotom-Mow|241\/241
|
|turn|2
|
|switch|p1a: Sill Plain|Florges, F|360\/360
|move|p2a: Rotom-Mow|Volt Switch|p1a: Sill Plain
|-damage|p1a: Sill Plain|306\/360
|
|switch|p2a: Crobat|Crobat, F|329\/329
|
|-heal|p1a: Sill Plain|328\/360|[from] item: Leftovers
|turn|3
|
|switch|p1a: Shibata Katsuie|Blastoise, F|361\/361
|move|p2a: Crobat|Acrobatics|p1a: Shibata Katsuie
|-damage|p1a: Shibata Katsuie|219\/361
|
|turn|4
|
|move|p2a: Crobat|Acrobatics|p1a: Shibata Katsuie
|-damage|p1a: Shibata Katsuie|74\/361
|move|p1a: Shibata Katsuie|Zen Headbutt|p2a: Crobat
|-supereffective|p2a: Crobat
|-damage|p2a: Crobat|147\/329
|
|turn|5
|
|move|p2a: Crobat|Acrobatics|p1a: Shibata Katsuie
|-damage|p1a: Shibata Katsuie|0 fnt
|faint|p1a: Shibata Katsuie
|
|
|switch|p1a: Rick Addison|Darmanitan, M|153\/351
|turn|6
|
|switch|p2a: Suicune|Suicune|401\/401
|-ability|p2a: Suicune|Pressure
|move|p1a: Rick Addison|Flare Blitz|p2a: Suicune
|-resisted|p2a: Suicune
|-damage|p2a: Suicune|299\/401
|-damage|p1a: Rick Addison|119\/351|[from] recoil|[of] p2a: Suicune
|
|-heal|p2a: Suicune|324\/401|[from] item: Leftovers
|turn|7
|
|switch|p1a: Dokuganryuu|Toxicroak, M|370\/370
|switch|p2a: Crobat|Crobat, F|147\/329
|
|turn|8
|
|move|p1a: Dokuganryuu|Sucker Punch|p2a: Crobat
|-fail|p2a: Crobat
|move|p2a: Crobat|Roost|p2a: Crobat
|-heal|p2a: Crobat|312\/329
|
|turn|9
|
|move|p1a: Dokuganryuu|Sucker Punch|p2a: Crobat
|-crit|p2a: Crobat
|-damage|p2a: Crobat|154\/329
|move|p2a: Crobat|Acrobatics|p1a: Dokuganryuu
|-supereffective|p1a: Dokuganryuu
|-damage|p1a: Dokuganryuu|0 fnt
|faint|p1a: Dokuganryuu
|
|
|switch|p1a: Rance|Sharpedo, M|281\/281
|turn|10
|
|move|p2a: Crobat|Roost|p2a: Crobat
|-heal|p2a: Crobat|319\/329
|move|p1a: Rance|Crunch|p2a: Crobat
|-damage|p2a: Crobat|126\/329
|
|-boost|p1a: Rance|spe|1|[from] ability: Speed Boost
|turn|11
|
|switch|p2a: Umbreon|Umbreon, M|393\/393
|move|p1a: Rance|Crunch|p2a: Umbreon
|-resisted|p2a: Umbreon
|-damage|p2a: Umbreon|327\/393
|
|-heal|p2a: Umbreon|351\/393|[from] item: Leftovers
|-boost|p1a: Rance|spe|1|[from] ability: Speed Boost
|turn|12
|
|switch|p1a: Sill Plain|Florges, F|328\/360
|move|p2a: Umbreon|Foul Play|p1a: Sill Plain
|-resisted|p1a: Sill Plain
|-damage|p1a: Sill Plain|277\/360
|
|-heal|p1a: Sill Plain|299\/360|[from] item: Leftovers
|-heal|p2a: Umbreon|375\/393|[from] item: Leftovers
|turn|13
|
|switch|p1a: Rance|Sharpedo, M|281\/281
|switch|p2a: Jirachi|Jirachi|341\/341
|
|turn|14
|
|switch|p2a: Umbreon|Umbreon, M|375\/393
|move|p1a: Rance|Crunch|p2a: Umbreon
|-resisted|p2a: Umbreon
|-damage|p2a: Umbreon|313\/393
|
|-heal|p2a: Umbreon|337\/393|[from] item: Leftovers
|-boost|p1a: Rance|spe|1|[from] ability: Speed Boost
|turn|15
|
|switch|p1a: Senhime|Noivern, F|311\/311
|move|p2a: Umbreon|Wish|p2a: Umbreon
|
|-heal|p2a: Umbreon|361\/393|[from] item: Leftovers
|turn|16
|
|switch|p1a: Rick Addison|Darmanitan, M|119\/351
|switch|p2a: Jirachi|Jirachi|341\/341
|
|turn|17
|
|move|p1a: Rick Addison|Flare Blitz|p2a: Jirachi
|-supereffective|p2a: Jirachi
|-damage|p2a: Jirachi|0 fnt
|-damage|p1a: Rick Addison|6\/351|[from] recoil|[of] p2a: Jirachi
|faint|p2a: Jirachi
|
|
|switch|p2a: Ampharos|Ampharos-Mega, M|213\/383
|-ability|p2a: Ampharos|Mold Breaker
|turn|18
|
|switch|p1a: Sill Plain|Florges, F|299\/360
|move|p2a: Ampharos|Volt Switch|p1a: Sill Plain
|-damage|p1a: Sill Plain|232\/360
|
|switch|p2a: Crobat|Crobat, F|126\/329
|
|-heal|p1a: Sill Plain|254\/360|[from] item: Leftovers
|turn|19
|
|switch|p1a: Senhime|Noivern, F|311\/311
|move|p2a: Crobat|Roost|p2a: Crobat
|-heal|p2a: Crobat|291\/329
|
|turn|20
|
|switch|p2a: Ampharos|Ampharos-Mega, M|213\/383
|-ability|p2a: Ampharos|Mold Breaker
|move|p1a: Senhime|Draco Meteor|p2a: Ampharos
|-supereffective|p2a: Ampharos
|-damage|p2a: Ampharos|0 fnt
|-unboost|p1a: Senhime|spa|2
|faint|p2a: Ampharos
|
|
|switch|p2a: Suicune|Suicune|324\/401
|-ability|p2a: Suicune|Pressure
|turn|21
|
|switch|p1a: Sill Plain|Florges, F|254\/360
|move|p2a: Suicune|Calm Mind|p2a: Suicune
|-boost|p2a: Suicune|spa|1
|-boost|p2a: Suicune|spd|1
|
|-heal|p2a: Suicune|349\/401|[from] item: Leftovers
|-heal|p1a: Sill Plain|276\/360|[from] item: Leftovers
|turn|22
|
|switch|p1a: Rick Addison|Darmanitan, M|6\/351
|move|p2a: Suicune|Calm Mind|p2a: Suicune
|-boost|p2a: Suicune|spa|1
|-boost|p2a: Suicune|spd|1
|
|-heal|p2a: Suicune|374\/401|[from] item: Leftovers
|turn|23
|
|move|p1a: Rick Addison|Rock Slide|p2a: Suicune
|-damage|p2a: Suicune|291\/401
|move|p2a: Suicune|Scald|p1a: Rick Addison
|-supereffective|p1a: Rick Addison
|-damage|p1a: Rick Addison|0 fnt
|faint|p1a: Rick Addison
|
|-heal|p2a: Suicune|316\/401|[from] item: Leftovers
|
|switch|p1a: Rance|Sharpedo, M|281\/281
|turn|24
|
|move|p1a: Rance|Crunch|p2a: Suicune
|-damage|p2a: Suicune|222\/401
|move|p2a: Suicune|Scald|p1a: Rance
|-resisted|p1a: Rance
|-damage|p1a: Rance|96\/281
|-status|p1a: Rance|brn
|
|-heal|p2a: Suicune|247\/401|[from] item: Leftovers
|-damage|p1a: Rance|61\/281 brn|[from] brn
|-boost|p1a: Rance|spe|1|[from] ability: Speed Boost
|turn|25
|
|switch|p1a: Sill Plain|Florges, F|276\/360
|move|p2a: Suicune|Calm Mind|p2a: Suicune
|-boost|p2a: Suicune|spa|1
|-boost|p2a: Suicune|spd|1
|
|-heal|p2a: Suicune|272\/401|[from] item: Leftovers
|-heal|p1a: Sill Plain|298\/360|[from] item: Leftovers
|turn|26
|
|move|p2a: Suicune|Calm Mind|p2a: Suicune
|-boost|p2a: Suicune|spa|1
|-boost|p2a: Suicune|spd|1
|move|p1a: Sill Plain|Aromatherapy|p1a: Sill Plain
|-cureteam|p1a: Sill Plain|[from] move: Aromatherapy
|
|-heal|p2a: Suicune|297\/401|[from] item: Leftovers
|-heal|p1a: Sill Plain|320\/360|[from] item: Leftovers
|turn|27
|
|move|p2a: Suicune|Calm Mind|p2a: Suicune
|-boost|p2a: Suicune|spa|1
|-boost|p2a: Suicune|spd|1
|move|p1a: Sill Plain|Wish|p1a: Sill Plain
|
|-heal|p2a: Suicune|322\/401|[from] item: Leftovers
|-heal|p1a: Sill Plain|342\/360|[from] item: Leftovers
|turn|28
|
|move|p2a: Suicune|Scald|p1a: Sill Plain
|-damage|p1a: Sill Plain|189\/360
|-status|p1a: Sill Plain|brn
|move|p1a: Sill Plain|Moonblast|p2a: Suicune
|-crit|p2a: Suicune
|-damage|p2a: Suicune|142\/401
|
|-heal|p1a: Sill Plain|360\/360 brn|[from] move: Wish|[wisher] Sill Plain
|-heal|p2a: Suicune|167\/401|[from] item: Leftovers
|-damage|p1a: Sill Plain|315\/360 brn|[from] brn
|turn|29
|
|move|p2a: Suicune|Rest|p2a: Suicune
|-status|p2a: Suicune|slp
|-heal|p2a: Suicune|401\/401 slp|[silent]
|-status|p2a: Suicune|slp|[from] move: Rest
|move|p1a: Sill Plain|Wish|p1a: Sill Plain
|
|-heal|p1a: Sill Plain|337\/360 brn|[from] item: Leftovers
|-damage|p1a: Sill Plain|292\/360 brn|[from] brn
|turn|30
|
|switch|p1a: Rance|Sharpedo, M|61\/281
|cant|p2a: Suicune|slp
|move|p2a: Suicune|Sleep Talk|p2a: Suicune
|move|p2a: Suicune|Scald|p1a: Rance|[from]Sleep Talk
|-resisted|p1a: Rance
|-damage|p1a: Rance|0 fnt
|faint|p1a: Rance
|
|c|âEarthes|bg crocune cocksucker
|-message|Earthes forfeited.
|leave|Earthes
|c|âKey|loooooool
|leave|Shrek Almighty
|
|win|Key
|raw|Ladder updating...
|player|p1
|raw|Earthes's rating: 1522 &rarr; <strong>1499<\/strong><br \/>(-23 for losing)
|raw|Key's rating: 1476 &rarr; <strong>1498<\/strong><br \/>(+22 for winning)