|join|wrongright
|join|Patodragon.v2
|player|p1|wrongright|170
|player|p2|Patodragon.v2|266
|gametype|singles
|gen|6
|tier|OU
|rated
|clearpoke
|poke|p1|Latios, M
|poke|p1|Slowbro, M
|poke|p1|Charizard, M
|poke|p1|Ferrothorn, F
|poke|p1|Landorus-Therian, M
|poke|p1|Keldeo-Resolute
|poke|p2|Greninja, M
|poke|p2|Gallade, M
|poke|p2|Rotom-Wash
|poke|p2|Clefable, M
|poke|p2|Landorus-Therian, M
|poke|p2|Empoleon, F
|rule|Swagger Clause: Swagger is banned
|rule|Baton Pass Clause: Limit one PokÃ©mon knowing Baton Pass
|rule|Sleep Clause Mod: Limit one foe put to sleep
|rule|Species Clause: Limit one of each PokÃ©mon
|rule|OHKO Clause: OHKO moves are banned
|rule|Moody Clause: Moody is banned
|rule|Evasion Moves Clause: Evasion moves are banned
|rule|Endless Battle Clause: Forcing endless battles is banned
|rule|HP Percentage Mod: HP is shown in percentages
|teampreview
|
|start
|switch|p1a: Landorus-Therian|Landorus-Therian, M|320\/320
|switch|p2a: Landorus-Therian|Landorus-Therian, M|319\/319
|-ability|p1a: Landorus-Therian|Intimidate|[of] p2a: Landorus-Therian
|-unboost|p2a: Landorus-Therian|atk|1
|-ability|p2a: Landorus-Therian|Intimidate|[of] p1a: Landorus-Therian
|-unboost|p1a: Landorus-Therian|atk|1
|turn|1
|
|move|p1a: Landorus-Therian|Knock Off|p2a: Landorus-Therian
|-damage|p2a: Landorus-Therian|231\/319
|-enditem|p2a: Landorus-Therian|Choice Scarf|[from] move: Knock Off|[of] p1a: Landorus-Therian
|move|p2a: Landorus-Therian|U-turn|p1a: Landorus-Therian
|-resisted|p1a: Landorus-Therian
|-damage|p1a: Landorus-Therian|287\/320
|
|switch|p2a: Empoleon|Empoleon, F|372\/372
|
|turn|2
|
|switch|p1a: Keldeo-Resolute|Keldeo-Resolute|323\/323
|move|p2a: Empoleon|Stealth Rock|p1a: Keldeo-Resolute
|-sidestart|p1: wrongright|move: Stealth Rock
|
|turn|3
|
|switch|p2a: Clefable|Clefable, M|394\/394
|move|p1a: Keldeo-Resolute|Substitute|p1a: Keldeo-Resolute
|-start|p1a: Keldeo-Resolute|Substitute
|-damage|p1a: Keldeo-Resolute|243\/323
|
|-heal|p1a: Keldeo-Resolute|263\/323|[from] item: Leftovers
|turn|4
|
|move|p1a: Keldeo-Resolute|Scald|p2a: Clefable
|-damage|p2a: Clefable|274\/394
|move|p2a: Clefable|Moonblast|p1a: Keldeo-Resolute
|-supereffective|p1a: Keldeo-Resolute
|-end|p1a: Keldeo-Resolute|Substitute
|
|-heal|p1a: Keldeo-Resolute|283\/323|[from] item: Leftovers
|-heal|p2a: Clefable|298\/394|[from] item: Leftovers
|turn|5
|
|switch|p1a: Charizard|Charizard, M|323\/323
|-damage|p1a: Charizard|162\/323|[from] Stealth Rock
|move|p2a: Clefable|Calm Mind|p2a: Clefable
|-boost|p2a: Clefable|spa|1
|-boost|p2a: Clefable|spd|1
|
|-heal|p2a: Clefable|322\/394|[from] item: Leftovers
|turn|6
|
|switch|p2a: Landorus-Therian|Landorus-Therian, M|231\/319
|-ability|p2a: Landorus-Therian|Intimidate|[of] p1a: Charizard
|-unboost|p1a: Charizard|atk|1
|move|p1a: Charizard|Roost|p1a: Charizard
|-heal|p1a: Charizard|323\/323
|
|turn|7
|
|switch|p1a: Ferrothorn|Ferrothorn, F|352\/352
|-damage|p1a: Ferrothorn|330\/352|[from] Stealth Rock
|move|p2a: Landorus-Therian|Stone Edge|p1a: Ferrothorn
|-resisted|p1a: Ferrothorn
|-damage|p1a: Ferrothorn|292\/352
|
|-heal|p1a: Ferrothorn|314\/352|[from] item: Leftovers
|turn|8
|
|switch|p2a: Gallade|Gallade, M|277\/277
|move|p1a: Ferrothorn|Stealth Rock|p2a: Gallade
|-sidestart|p2: Patodragon.v2|move: Stealth Rock
|
|-heal|p1a: Ferrothorn|336\/352|[from] item: Leftovers
|turn|9
|
|switch|p1a: Slowbro|Slowbro, M|394\/394
|-damage|p1a: Slowbro|345\/394|[from] Stealth Rock
|detailschange|p2a: Gallade|Gallade-Mega, M
|message|Gallade has Mega Evolved into Mega Gallade!
|move|p2a: Gallade|Swords Dance|p2a: Gallade
|-boost|p2a: Gallade|atk|2
|
|-heal|p1a: Slowbro|369\/394|[from] item: Leftovers
|turn|10
|
|move|p2a: Gallade|Knock Off|p1a: Slowbro
|-crit|p1a: Slowbro
|-supereffective|p1a: Slowbro
|-damage|p1a: Slowbro|0 fnt
|-enditem|p1a: Slowbro|Leftovers|[from] move: Knock Off|[of] p2a: Gallade
|faint|p1a: Slowbro
|
|c|âwrongright|nice crit
|c|âPatodragon.v2|thanks
|c|âPatodragon.v2|worked hard on it
|
|switch|p1a: Latios|Latios, M|302\/302
|-damage|p1a: Latios|265\/302|[from] Stealth Rock
|turn|11
|
|move|p2a: Gallade|Knock Off|p1a: Latios
|-supereffective|p1a: Latios
|-damage|p1a: Latios|0 fnt
|-enditem|p1a: Latios|Life Orb|[from] move: Knock Off|[of] p2a: Gallade
|faint|p1a: Latios
|
|
|switch|p1a: Landorus-Therian|Landorus-Therian, M|287\/320
|-damage|p1a: Landorus-Therian|247\/320|[from] Stealth Rock
|-ability|p1a: Landorus-Therian|Intimidate|[of] p2a: Gallade
|-unboost|p2a: Gallade|atk|1
|turn|12
|c|âPatodragon.v2|hp fire?
|c|âwrongright|nigga kill yourself
|
|move|p1a: Landorus-Therian|U-turn|p2a: Gallade
|-damage|p2a: Gallade|178\/277
|
|switch|p1a: Ferrothorn|Ferrothorn, F|336\/352
|-damage|p1a: Ferrothorn|314\/352|[from] Stealth Rock
|move|p2a: Gallade|Knock Off|p1a: Ferrothorn
|-damage|p1a: Ferrothorn|201\/352
|-damage|p2a: Gallade|144\/277|[from] ability: Iron Barbs|[of] p1a: Ferrothorn
|-enditem|p1a: Ferrothorn|Leftovers|[from] move: Knock Off|[of] p2a: Gallade
|
|turn|13
|
|move|p2a: Gallade|Close Combat|p1a: Ferrothorn
|-supereffective|p1a: Ferrothorn
|-damage|p1a: Ferrothorn|0 fnt
|-damage|p2a: Gallade|110\/277|[from] ability: Iron Barbs|[of] p1a: Ferrothorn
|-unboost|p2a: Gallade|def|1
|-unboost|p2a: Gallade|spd|1
|faint|p1a: Ferrothorn
|
|
|switch|p1a: Landorus-Therian|Landorus-Therian, M|247\/320
|-damage|p1a: Landorus-Therian|207\/320|[from] Stealth Rock
|-ability|p1a: Landorus-Therian|Intimidate|[of] p2a: Gallade
|-unboost|p2a: Gallade|atk|1
|turn|14
|
|switch|p2a: Landorus-Therian|Landorus-Therian, M|231\/319
|-damage|p2a: Landorus-Therian|192\/319|[from] Stealth Rock
|-ability|p2a: Landorus-Therian|Intimidate|[of] p1a: Landorus-Therian
|-unboost|p1a: Landorus-Therian|atk|1
|move|p1a: Landorus-Therian|U-turn|p2a: Landorus-Therian
|-resisted|p2a: Landorus-Therian
|-damage|p2a: Landorus-Therian|160\/319
|
|switch|p1a: Keldeo-Resolute|Keldeo-Resolute|283\/323
|-damage|p1a: Keldeo-Resolute|263\/323|[from] Stealth Rock
|
|-heal|p1a: Keldeo-Resolute|283\/323|[from] item: Leftovers
|turn|15
|
|move|p1a: Keldeo-Resolute|Scald|p2a: Landorus-Therian
|-supereffective|p2a: Landorus-Therian
|-damage|p2a: Landorus-Therian|0 fnt
|faint|p2a: Landorus-Therian
|
|-heal|p1a: Keldeo-Resolute|303\/323|[from] item: Leftovers
|
|switch|p2a: Rotom-Wash|Rotom-Wash|304\/304
|-damage|p2a: Rotom-Wash|266\/304|[from] Stealth Rock
|turn|16
|
|move|p1a: Keldeo-Resolute|Substitute|p1a: Keldeo-Resolute
|-start|p1a: Keldeo-Resolute|Substitute
|-damage|p1a: Keldeo-Resolute|223\/323
|move|p2a: Rotom-Wash|Volt Switch|p1a: Keldeo-Resolute
|-supereffective|p1a: Keldeo-Resolute
|-end|p1a: Keldeo-Resolute|Substitute
|
|switch|p2a: Gallade|Gallade-Mega, M|110\/277
|-damage|p2a: Gallade|93\/277|[from] Stealth Rock
|
|-heal|p1a: Keldeo-Resolute|243\/323|[from] item: Leftovers
|turn|17
|
|switch|p1a: Landorus-Therian|Landorus-Therian, M|207\/320
|-damage|p1a: Landorus-Therian|167\/320|[from] Stealth Rock
|-ability|p1a: Landorus-Therian|Intimidate|[of] p2a: Gallade
|-unboost|p2a: Gallade|atk|1
|move|p2a: Gallade|Zen Headbutt|p1a: Landorus-Therian
|-damage|p1a: Landorus-Therian|34\/320
|
|turn|18
|
|switch|p2a: Empoleon|Empoleon, F|372\/372
|-damage|p2a: Empoleon|349\/372|[from] Stealth Rock
|move|p1a: Landorus-Therian|U-turn|p2a: Empoleon
|-resisted|p2a: Empoleon
|-damage|p2a: Empoleon|312\/372
|
|switch|p1a: Charizard|Charizard, M|323\/323
|-damage|p1a: Charizard|162\/323|[from] Stealth Rock
|
|-heal|p2a: Empoleon|335\/372|[from] item: Leftovers
|turn|19
|
|detailschange|p1a: Charizard|Charizard-Mega-X, M
|message|Charizard has Mega Evolved into Mega Charizard!
|move|p1a: Charizard|Roost|p1a: Charizard
|-heal|p1a: Charizard|323\/323
|move|p2a: Empoleon|Roar|p1a: Charizard
|drag|p1a: Keldeo-Resolute|Keldeo-Resolute|243\/323
|-damage|p1a: Keldeo-Resolute|223\/323|[from] Stealth Rock
|
|-heal|p1a: Keldeo-Resolute|243\/323|[from] item: Leftovers
|-heal|p2a: Empoleon|358\/372|[from] item: Leftovers
|turn|20
|
|move|p1a: Keldeo-Resolute|Secret Sword|p2a: Empoleon
|-supereffective|p2a: Empoleon
|-damage|p2a: Empoleon|116\/372
|move|p2a: Empoleon|Roar|p1a: Keldeo-Resolute
|drag|p1a: Landorus-Therian|Landorus-Therian, M|34\/320
|-damage|p1a: Landorus-Therian|0 fnt|[from] Stealth Rock
|faint|p1a: Landorus-Therian
|
|-heal|p2a: Empoleon|139\/372|[from] item: Leftovers
|
|switch|p1a: Charizard|Charizard-Mega-X, M|323\/323
|-damage|p1a: Charizard|243\/323|[from] Stealth Rock
|turn|21
|
|move|p1a: Charizard|Flare Blitz|p2a: Empoleon
|-damage|p2a: Empoleon|0 fnt
|-damage|p1a: Charizard|197\/323|[from] recoil|[of] p2a: Empoleon
|faint|p2a: Empoleon
|
|
|switch|p2a: Gallade|Gallade-Mega, M|93\/277
|-damage|p2a: Gallade|76\/277|[from] Stealth Rock
|turn|22
|
|move|p2a: Gallade|Close Combat|p1a: Charizard
|-damage|p1a: Charizard|0 fnt
|-unboost|p2a: Gallade|def|1
|-unboost|p2a: Gallade|spd|1
|faint|p1a: Charizard
|
|-message|wrongright forfeited.
|
|win|Patodragon.v2
|raw|Ladder updating...
|leave|wrongright
|player|p1
|raw|wrongright's rating: 1693 &rarr; <strong>1667<\/strong><br \/>(-26 for losing)
|raw|Patodragon.v2's rating: 1581 &rarr; <strong>1607<\/strong><br \/>(+26 for winning)