|join|The Dazzler Joe
|join|aj14
|player|p1|The Dazzler Joe|161
|player|p2|aj14|283
|gametype|singles
|gen|6
|tier|OU
|clearpoke
|poke|p1|Vaporeon, M, shiny
|poke|p1|Breloom, M, shiny
|poke|p1|Venusaur, M, shiny
|poke|p1|Gliscor, M, shiny
|poke|p1|Heatran, F, shiny
|poke|p1|Cloyster, M
|poke|p2|Conkeldurr, M
|poke|p2|Latias, F
|poke|p2|Clefable, M
|poke|p2|Ampharos, F
|poke|p2|Tyranitar, M
|poke|p2|Exeggutor, M
|rule|Swagger Clause: Swagger is banned
|rule|Baton Pass Clause: Limit one PokÃ©mon knowing Baton Pass
|rule|Sleep Clause Mod: Limit one foe put to sleep
|rule|Species Clause: Limit one of each PokÃ©mon
|rule|OHKO Clause: OHKO moves are banned
|rule|Moody Clause: Moody is banned
|rule|Evasion Moves Clause: Evasion moves are banned
|rule|Endless Battle Clause: Forcing endless battles is banned
|rule|HP Percentage Mod: HP is shown in percentages
|teampreview
|c|âThe Dazzler Joe|New team, AJ?
|c|âaj14|stall vs stall
|c|âaj14|not bad
|c|âaj14|yh
|c|âThe Dazzler Joe|D
|join|DevinOwnsYall
|c|âThe Dazzler Joe|*XD
|
|start
|switch|p1a: Oyster|Cloyster, M|242\/242
|switch|p2a: Latias|Latias, F|364\/364
|turn|1
|c| DevinOwnsYall|hmm
|c| DevinOwnsYall|aj i made a team with exeggutor
|
|switch|p2a: Clefable|Clefable, M|394\/394
|move|p1a: Oyster|Shell Smash|p1a: Oyster
|-boost|p1a: Oyster|atk|2
|-boost|p1a: Oyster|spa|2
|-boost|p1a: Oyster|spe|2
|-unboost|p1a: Oyster|def|1
|-unboost|p1a: Oyster|spd|1
|
|turn|2
|c|âaj14|cool
|c| DevinOwnsYall|but sister deleted history
|c|âaj14|lol
|
|move|p1a: Oyster|Icicle Spear|p2a: Clefable
|-damage|p2a: Clefable|360\/394
|-crit|p2a: Clefable
|-damage|p2a: Clefable|306\/394
|-damage|p2a: Clefable|272\/394
|-damage|p2a: Clefable|238\/394
|-damage|p2a: Clefable|205\/394
|-hitcount|p2a: Clefable|5
|move|p2a: Clefable|Moonblast|p1a: Oyster
|-damage|p1a: Oyster|53\/242
|-unboost|p1a: Oyster|spa|1
|
|-heal|p2a: Clefable|229\/394|[from] item: Leftovers
|turn|3
|c| DevinOwnsYall|;(
|c|âThe Dazzler Joe|Unaware. I thought so.
|c| DevinOwnsYall|it  wrecked tho
|
|move|p2a: Clefable|Protect|p2a: Clefable
|-singleturn|p2a: Clefable|Protect
|move|p1a: Oyster|Icicle Spear|p2a: Clefable
|-activate|p2a: Clefable|Protect
|
|-heal|p2a: Clefable|253\/394|[from] item: Leftovers
|turn|4
|
|move|p1a: Oyster|Icicle Spear|p2a: Clefable
|-damage|p2a: Clefable|219\/394
|-damage|p2a: Clefable|182\/394
|-damage|p2a: Clefable|148\/394
|-damage|p2a: Clefable|111\/394
|-crit|p2a: Clefable
|-damage|p2a: Clefable|62\/394
|-hitcount|p2a: Clefable|5
|move|p2a: Clefable|Wish|p2a: Clefable
|
|-heal|p2a: Clefable|86\/394|[from] item: Leftovers
|turn|5
|c| DevinOwnsYall|vena nigga
|
|move|p2a: Clefable|Protect|p2a: Clefable
|-singleturn|p2a: Clefable|Protect
|move|p1a: Oyster|Shell Smash|p1a: Oyster
|-boost|p1a: Oyster|atk|2
|-boost|p1a: Oyster|spa|2
|-boost|p1a: Oyster|spe|2
|-unboost|p1a: Oyster|def|1
|-unboost|p1a: Oyster|spd|1
|
|-heal|p2a: Clefable|283\/394|[from] move: Wish|[wisher] Clefable
|-heal|p2a: Clefable|307\/394|[from] item: Leftovers
|turn|6
|c|âaj14|point in that lol
|c|âThe Dazzler Joe|Wait, why did I do that?! XDDD
|c| DevinOwnsYall|it has unware
|c| DevinOwnsYall|obv
|c|âThe Dazzler Joe|WTF WAS I THINKING?! XD
|c|âThe Dazzler Joe|Devin, I know. Lol
|c|âThe Dazzler Joe|I completely forgot. XD
|c|âaj14|joe was unaware of my unaware
|c| DevinOwnsYall|lol
|
|move|p1a: Oyster|Razor Shell|p2a: Clefable
|-damage|p2a: Clefable|204\/394
|-unboost|p2a: Clefable|def|1
|move|p2a: Clefable|Wish|p2a: Clefable
|
|-heal|p2a: Clefable|228\/394|[from] item: Leftovers
|turn|7
|c|âaj14|gay
|c| DevinOwnsYall|ooo
|c|âThe Dazzler Joe|XD
|
|move|p2a: Clefable|Protect|p2a: Clefable
|-singleturn|p2a: Clefable|Protect
|move|p1a: Oyster|Icicle Spear|p2a: Clefable
|-activate|p2a: Clefable|Protect
|
|-heal|p2a: Clefable|394\/394|[from] move: Wish|[wisher] Clefable
|turn|8
|
|move|p1a: Oyster|Icicle Spear|p2a: Clefable
|-damage|p2a: Clefable|342\/394
|-crit|p2a: Clefable
|-damage|p2a: Clefable|260\/394
|-damage|p2a: Clefable|206\/394
|-damage|p2a: Clefable|152\/394
|-damage|p2a: Clefable|100\/394
|-hitcount|p2a: Clefable|5
|move|p2a: Clefable|Moonblast|p1a: Oyster
|-damage|p1a: Oyster|0 fnt
|faint|p1a: Oyster
|
|-heal|p2a: Clefable|124\/394|[from] item: Leftovers
|
|switch|p1a: Uranusaur|Venusaur, M, shiny|364\/364
|turn|9
|c| DevinOwnsYall|ooo
|
|switch|p2a: Latias|Latias, F|364\/364
|detailschange|p1a: Uranusaur|Venusaur-Mega, M, shiny
|message|Venusaur has Mega Evolved into Mega Venusaur!
|move|p1a: Uranusaur|Leech Seed|p2a: Latias
|-start|p2a: Latias|move: Leech Seed
|
|-damage|p2a: Latias|319\/364|[from] Leech Seed|[of] p1a: Uranusaur
|-status|p2a: Latias|brn|[from] item: Flame Orb
|turn|10
|c| DevinOwnsYall|ah
|
|switch|p2a: Conkeldurr|Conkeldurr, M|404\/404
|switch|p1a: Usain Flare|Heatran, F, shiny|358\/358
|
|turn|11
|
|-singleturn|p2a: Conkeldurr|move: Focus Punch
|switch|p1a: Uranusaur|Venusaur-Mega, M, shiny|364\/364
|move|p2a: Conkeldurr|Focus Punch|p1a: Uranusaur
|-resisted|p1a: Uranusaur
|-damage|p1a: Uranusaur|252\/364
|
|turn|12
|c|âaj14|wow that did nothing
|c|âThe Dazzler Joe|XD
|c|âaj14|i expected like 45%
|
|switch|p2a: Latias|Latias, F|319\/364 brn
|move|p1a: Uranusaur|Giga Drain|p2a: Latias
|-resisted|p2a: Latias
|-damage|p2a: Latias|274\/364 brn
|-heal|p1a: Uranusaur|275\/364|[from] drain|[of] p2a: Latias
|
|-damage|p2a: Latias|229\/364 brn|[from] brn
|turn|13
|c|âThe Dazzler Joe|In Dean AMbrose's words: Nope. :P
|c|âaj14|lol
|
|switch|p1a: Usain Flare|Heatran, F, shiny|358\/358
|move|p2a: Latias|Psycho Shift|p1a: Usain Flare
|-fail|p1a: Usain Flare
|
|-damage|p2a: Latias|184\/364 brn|[from] brn
|turn|14
|
|move|p2a: Latias|Recover|p2a: Latias
|-heal|p2a: Latias|364\/364 brn
|move|p1a: Usain Flare|Stealth Rock|p2a: Latias
|-sidestart|p2: aj14|move: Stealth Rock
|
|-damage|p2a: Latias|319\/364 brn|[from] brn
|turn|15
|
|move|p2a: Latias|Defog|p1a: Usain Flare
|-unboost|p1a: Usain Flare|evasion|1
|-sideend|p2: aj14|Stealth Rock|[from] move: Defog|[of] p2a: Latias
|move|p1a: Usain Flare|Fire Blast|p2a: Latias
|-resisted|p2a: Latias
|-damage|p2a: Latias|240\/364 brn
|
|-damage|p2a: Latias|195\/364 brn|[from] brn
|turn|16
|
|move|p2a: Latias|Recover|p2a: Latias
|-heal|p2a: Latias|364\/364 brn
|move|p1a: Usain Flare|Stealth Rock|p2a: Latias
|-sidestart|p2: aj14|move: Stealth Rock
|
|-damage|p2a: Latias|319\/364 brn|[from] brn
|turn|17
|
|move|p2a: Latias|Defog|p1a: Usain Flare
|-unboost|p1a: Usain Flare|evasion|1
|-sideend|p2: aj14|Stealth Rock|[from] move: Defog|[of] p2a: Latias
|move|p1a: Usain Flare|Fire Blast|p2a: Latias
|-resisted|p2a: Latias
|-damage|p2a: Latias|238\/364 brn
|
|-damage|p2a: Latias|193\/364 brn|[from] brn
|turn|18
|c|âaj14|i have all day
|
|switch|p2a: Tyranitar|Tyranitar, M|381\/381
|-weather|Sandstorm
|move|p1a: Usain Flare|Stealth Rock|p2a: Tyranitar
|-sidestart|p2: aj14|move: Stealth Rock
|
|-weather|Sandstorm|[upkeep]
|turn|19
|c|âThe Dazzler Joe|Me too. :P
|
|move|p1a: Usain Flare|Earth Power|p2a: Tyranitar
|-supereffective|p2a: Tyranitar
|-damage|p2a: Tyranitar|221\/381
|move|p2a: Tyranitar|Pursuit|p1a: Usain Flare
|-damage|p1a: Usain Flare|244\/358
|
|-weather|Sandstorm|[upkeep]
|turn|20
|
|move|p1a: Usain Flare|Earth Power|p2a: Tyranitar
|-supereffective|p2a: Tyranitar
|-damage|p2a: Tyranitar|63\/381
|move|p2a: Tyranitar|Pursuit|p1a: Usain Flare
|-damage|p1a: Usain Flare|129\/358
|
|-weather|Sandstorm|[upkeep]
|turn|21
|
|switch|p2a: Latias|Latias, F|193\/364 brn
|-damage|p2a: Latias|148\/364 brn|[from] Stealth Rock
|move|p1a: Usain Flare|Solar Beam|p2a: Latias|[still]
|-prepare|p1a: Usain Flare|Solar Beam|p2a: Latias
|-enditem|p1a: Usain Flare|Power Herb
|-anim|p1a: Usain Flare|Solar Beam|p2a: Latias
|-resisted|p2a: Latias
|-damage|p2a: Latias|114\/364 brn
|
|-weather|Sandstorm|[upkeep]
|-damage|p2a: Latias|92\/364 brn|[from] sandstorm
|-damage|p2a: Latias|47\/364 brn|[from] brn
|turn|22
|c|âThe Dazzler Joe|Wow. That did a lot. Lol
|
|move|p2a: Latias|Recover|p2a: Latias
|-heal|p2a: Latias|229\/364 brn
|move|p1a: Usain Flare|Fire Blast|p2a: Latias
|-resisted|p2a: Latias
|-damage|p2a: Latias|138\/364 brn
|
|-weather|none
|-damage|p2a: Latias|93\/364 brn|[from] brn
|turn|23
|
|switch|p1a: Trolleon|Vaporeon, M, shiny|464\/464
|move|p2a: Latias|Recover|p2a: Latias
|-heal|p2a: Latias|275\/364 brn
|
|-damage|p2a: Latias|230\/364 brn|[from] brn
|turn|24
|
|switch|p2a: Conkeldurr|Conkeldurr, M|404\/404
|-damage|p2a: Conkeldurr|379\/404|[from] Stealth Rock
|move|p1a: Trolleon|Wish|p1a: Trolleon
|
|-heal|p2a: Conkeldurr|404\/404|[from] item: Leftovers
|turn|25
|
|-singleturn|p2a: Conkeldurr|move: Focus Punch
|move|p1a: Trolleon|Scald|p2a: Conkeldurr
|-damage|p2a: Conkeldurr|271\/404
|cant|p2a: Conkeldurr|Focus Punch|Focus Punch
|
|-heal|p2a: Conkeldurr|296\/404|[from] item: Leftovers
|turn|26
|
|-singleturn|p2a: Conkeldurr|move: Focus Punch
|move|p1a: Trolleon|Scald|p2a: Conkeldurr
|-damage|p2a: Conkeldurr|148\/404
|cant|p2a: Conkeldurr|Focus Punch|Focus Punch
|
|-heal|p2a: Conkeldurr|173\/404|[from] item: Leftovers
|turn|27
|c| DevinOwnsYall|lol
|
|switch|p2a: Ampharos|Ampharos, F|384\/384
|-damage|p2a: Ampharos|336\/384|[from] Stealth Rock
|move|p1a: Trolleon|Scald|p2a: Ampharos
|-damage|p2a: Ampharos|249\/384
|
|turn|28
|c| DevinOwnsYall|no burn
|
|detailschange|p2a: Ampharos|Ampharos-Mega, F
|message|Ampharos has Mega Evolved into Mega Ampharos!
|-ability|p2a: Ampharos|Mold Breaker
|move|p1a: Trolleon|Toxic|p2a: Ampharos
|-status|p2a: Ampharos|tox
|move|p2a: Ampharos|Dragon Pulse|p1a: Trolleon
|-damage|p1a: Trolleon|298\/464
|
|-heal|p1a: Trolleon|327\/464|[from] item: Leftovers
|-damage|p2a: Ampharos|225\/384 tox|[from] psn
|turn|29
|c| DevinOwnsYall|that sucks
|c|âThe Dazzler Joe|Nope. Lol
|c|âaj14|guts?
|join|NukeTehSableye
|
|move|p1a: Trolleon|Protect|p1a: Trolleon
|-singleturn|p1a: Trolleon|Protect
|move|p2a: Ampharos|Heal Bell|p2a: Ampharos
|-cureteam|p2a: Ampharos|[from] move: HealBell
|
|-heal|p1a: Trolleon|356\/464|[from] item: Leftovers
|turn|30
|c| DevinOwnsYall|ik
|c|âThe Dazzler Joe|Aj, I thought you might have that. :P
|
|move|p1a: Trolleon|Wish|p1a: Trolleon
|move|p2a: Ampharos|Volt Switch|p1a: Trolleon
|-supereffective|p1a: Trolleon
|-damage|p1a: Trolleon|104\/464
|c| DevinOwnsYall|but on amphros i meant
|
|switch|p2a: Tyranitar|Tyranitar, M|63\/381
|-damage|p2a: Tyranitar|16\/381|[from] Stealth Rock
|-weather|Sandstorm
|
|-weather|Sandstorm|[upkeep]
|-damage|p1a: Trolleon|75\/464|[from] sandstorm
|-heal|p1a: Trolleon|104\/464|[from] item: Leftovers
|turn|31
|
|move|p1a: Trolleon|Protect|p1a: Trolleon
|-singleturn|p1a: Trolleon|Protect
|move|p2a: Tyranitar|Stone Edge|p1a: Trolleon
|-activate|p1a: Trolleon|Protect
|
|-weather|Sandstorm|[upkeep]
|-damage|p1a: Trolleon|75\/464|[from] sandstorm
|-heal|p1a: Trolleon|307\/464|[from] move: Wish|[wisher] Trolleon
|-heal|p1a: Trolleon|336\/464|[from] item: Leftovers
|turn|32
|c|âaj14|fucking die
|
|move|p2a: Tyranitar|Stone Edge|p1a: Trolleon
|-damage|p1a: Trolleon|56\/464
|move|p1a: Trolleon|Scald|p2a: Tyranitar
|-supereffective|p2a: Tyranitar
|-damage|p2a: Tyranitar|0 fnt
|faint|p2a: Tyranitar
|
|-weather|Sandstorm|[upkeep]
|-damage|p1a: Trolleon|27\/464|[from] sandstorm
|-heal|p1a: Trolleon|56\/464|[from] item: Leftovers
|
|switch|p2a: Ampharos|Ampharos-Mega, F|225\/384
|-damage|p2a: Ampharos|177\/384|[from] Stealth Rock
|-ability|p2a: Ampharos|Mold Breaker
|turn|33
|c|âThe Dazzler Joe|XD
|
|move|p1a: Trolleon|Protect|p1a: Trolleon
|-singleturn|p1a: Trolleon|Protect
|move|p2a: Ampharos|Dragon Pulse|p1a: Trolleon
|-activate|p1a: Trolleon|Protect
|
|-weather|Sandstorm|[upkeep]
|-damage|p1a: Trolleon|27\/464|[from] sandstorm
|-damage|p2a: Ampharos|153\/384|[from] sandstorm
|-heal|p1a: Trolleon|56\/464|[from] item: Leftovers
|turn|34
|c|âaj14|POINT IN THAT
|c|âaj14|omfg
|
|move|p1a: Trolleon|Wish|p1a: Trolleon
|move|p2a: Ampharos|Dragon Pulse|p1a: Trolleon
|-damage|p1a: Trolleon|0 fnt
|faint|p1a: Trolleon
|
|-weather|none
|c|âThe Dazzler Joe|XD
|
|switch|p1a: Usain Flare|Heatran, F, shiny|129\/358
|turn|35
|
|move|p1a: Usain Flare|Fire Blast|p2a: Ampharos
|-resisted|p2a: Ampharos
|-damage|p2a: Ampharos|81\/384
|move|p2a: Ampharos|Thunder Wave|p1a: Usain Flare
|-status|p1a: Usain Flare|par
|
|-heal|p1a: Usain Flare|358\/358 par|[from] move: Wish|[wisher] Trolleon
|turn|36
|
|move|p2a: Ampharos|Volt Switch|p1a: Usain Flare
|-damage|p1a: Usain Flare|234\/358 par
|
|switch|p2a: Latias|Latias, F|230\/364
|-damage|p2a: Latias|185\/364|[from] Stealth Rock
|move|p1a: Usain Flare|Earth Power|p2a: Latias
|-immune|p2a: Latias|[msg]
|
|-status|p2a: Latias|brn|[from] item: Flame Orb
|turn|37
|
|switch|p1a: Breloominati|Breloom, M, shiny|262\/262
|move|p2a: Latias|Defog|p1a: Breloominati
|-unboost|p1a: Breloominati|evasion|1
|-sideend|p2: aj14|Stealth Rock|[from] move: Defog|[of] p2a: Latias
|
|-damage|p2a: Latias|140\/364 brn|[from] brn
|turn|38
|
|move|p2a: Latias|Psycho Shift|p1a: Breloominati
|-status|p1a: Breloominati|brn
|-curestatus|p2a: Latias|brn
|move|p1a: Breloominati|Rock Tomb|p2a: Latias|[miss]
|-miss|p1a: Breloominati|p2a: Latias
|
|-damage|p1a: Breloominati|230\/262 brn|[from] brn
|-status|p2a: Latias|brn|[from] item: Flame Orb
|turn|39
|c| DevinOwnsYall|shucks
|c|âThe Dazzler Joe|... 
|c|âThe Dazzler Joe|Seriously?
|
|move|p2a: Latias|Recover|p2a: Latias
|-heal|p2a: Latias|322\/364 brn
|move|p1a: Breloominati|Rock Tomb|p2a: Latias
|-damage|p2a: Latias|278\/364 brn
|-unboost|p2a: Latias|spe|1
|
|-damage|p1a: Breloominati|198\/262 brn|[from] brn
|-damage|p2a: Latias|233\/364 brn|[from] brn
|turn|40
|c|âaj14|useless
|c|âaj14|im max defence lol
|c|âThe Dazzler Joe|It's not the defense I care about. :P
|
|move|p1a: Breloominati|Bullet Seed|p2a: Latias
|-resisted|p2a: Latias
|-damage|p2a: Latias|217\/364 brn
|-resisted|p2a: Latias
|-damage|p2a: Latias|203\/364 brn
|-resisted|p2a: Latias
|-damage|p2a: Latias|188\/364 brn
|-resisted|p2a: Latias
|-damage|p2a: Latias|172\/364 brn
|-resisted|p2a: Latias
|-damage|p2a: Latias|157\/364 brn
|-hitcount|p2a: Latias|5
|move|p2a: Latias|Recover|p2a: Latias
|-heal|p2a: Latias|339\/364 brn
|
|-damage|p1a: Breloominati|166\/262 brn|[from] brn
|-damage|p2a: Latias|294\/364 brn|[from] brn
|turn|41
|
|switch|p1a: I Wasn't Ready!|Gliscor, M, shiny|354\/354
|move|p2a: Latias|Recover|p2a: Latias
|-heal|p2a: Latias|364\/364 brn
|
|-damage|p2a: Latias|319\/364 brn|[from] brn
|-status|p1a: I Wasn't Ready!|tox|[from] item: Toxic Orb
|turn|42
|c|âThe Dazzler Joe|:3
|c|âaj14|so how do i kill this thing
|
|move|p1a: I Wasn't Ready!|Substitute|p1a: I Wasn't Ready!
|-start|p1a: I Wasn't Ready!|Substitute
|-damage|p1a: I Wasn't Ready!|266\/354 tox
|move|p2a: Latias|Dragon Pulse|p1a: I Wasn't Ready!
|-end|p1a: I Wasn't Ready!|Substitute
|
|-heal|p1a: I Wasn't Ready!|310\/354 tox|[from] ability: Poison Heal
|-damage|p2a: Latias|274\/364 brn|[from] brn
|turn|43
|c|âThe Dazzler Joe|You don't. :P
|c|âaj14|pp stall it is then
|c|âThe Dazzler Joe|Yup. :D
|
|move|p1a: I Wasn't Ready!|Protect|p1a: I Wasn't Ready!
|-singleturn|p1a: I Wasn't Ready!|Protect
|move|p2a: Latias|Dragon Pulse|p1a: I Wasn't Ready!
|-activate|p1a: I Wasn't Ready!|Protect
|
|-heal|p1a: I Wasn't Ready!|354\/354 tox|[from] ability: Poison Heal
|-damage|p2a: Latias|229\/364 brn|[from] brn
|turn|44
|c|âaj14|i aint playin im ready for this shit (D) http:\/\/prntscr.com\/4omfvx
|
|move|p1a: I Wasn't Ready!|Substitute|p1a: I Wasn't Ready!
|-start|p1a: I Wasn't Ready!|Substitute
|-damage|p1a: I Wasn't Ready!|266\/354 tox
|move|p2a: Latias|Dragon Pulse|p1a: I Wasn't Ready!
|-end|p1a: I Wasn't Ready!|Substitute
|
|-heal|p1a: I Wasn't Ready!|310\/354 tox|[from] ability: Poison Heal
|-damage|p2a: Latias|184\/364 brn|[from] brn
|turn|45
|c|âThe Dazzler Joe|Hm?
|c|âaj14|i will not quit this pp stall battle
|
|move|p1a: I Wasn't Ready!|Substitute|p1a: I Wasn't Ready!
|-start|p1a: I Wasn't Ready!|Substitute
|-damage|p1a: I Wasn't Ready!|222\/354 tox
|move|p2a: Latias|Dragon Pulse|p1a: I Wasn't Ready!
|-crit|p1a: I Wasn't Ready!
|-end|p1a: I Wasn't Ready!|Substitute
|
|-heal|p1a: I Wasn't Ready!|266\/354 tox|[from] ability: Poison Heal
|-damage|p2a: Latias|139\/364 brn|[from] brn
|turn|46
|c|âThe Dazzler Joe|Neither will I. :P
|
|move|p1a: I Wasn't Ready!|Substitute|p1a: I Wasn't Ready!
|-start|p1a: I Wasn't Ready!|Substitute
|-damage|p1a: I Wasn't Ready!|178\/354 tox
|move|p2a: Latias|Recover|p2a: Latias
|-heal|p2a: Latias|321\/364 brn
|
|-heal|p1a: I Wasn't Ready!|222\/354 tox|[from] ability: Poison Heal
|-damage|p2a: Latias|276\/364 brn|[from] brn
|turn|47
|
|move|p1a: I Wasn't Ready!|Protect|p1a: I Wasn't Ready!
|-singleturn|p1a: I Wasn't Ready!|Protect
|move|p2a: Latias|Psycho Shift|p1a: I Wasn't Ready!
|-activate|p1a: I Wasn't Ready!|Protect
|
|-heal|p1a: I Wasn't Ready!|266\/354 tox|[from] ability: Poison Heal
|-damage|p2a: Latias|231\/364 brn|[from] brn
|turn|48
|
|move|p1a: I Wasn't Ready!|Protect|p1a: I Wasn't Ready!
|-fail|p1a: I Wasn't Ready!
|move|p2a: Latias|Psycho Shift|p1a: I Wasn't Ready!
|
|-heal|p1a: I Wasn't Ready!|310\/354 tox|[from] ability: Poison Heal
|-damage|p2a: Latias|186\/364 brn|[from] brn
|turn|49
|
|move|p1a: I Wasn't Ready!|Protect|p1a: I Wasn't Ready!
|-singleturn|p1a: I Wasn't Ready!|Protect
|move|p2a: Latias|Psycho Shift|p1a: I Wasn't Ready!
|-activate|p1a: I Wasn't Ready!|Protect
|
|-heal|p1a: I Wasn't Ready!|354\/354 tox|[from] ability: Poison Heal
|-damage|p2a: Latias|141\/364 brn|[from] brn
|turn|50
|c|âaj14|i knew this was gonna happen before the battle even started
|c|âThe Dazzler Joe|XDD
|
|move|p1a: I Wasn't Ready!|Earthquake|p2a: Latias
|-immune|p2a: Latias|[msg]
|move|p2a: Latias|Psycho Shift|p1a: I Wasn't Ready!
|
|-damage|p2a: Latias|96\/364 brn|[from] brn
|turn|51
|
|move|p1a: I Wasn't Ready!|Earthquake|p2a: Latias
|-immune|p2a: Latias|[msg]
|move|p2a: Latias|Psycho Shift|p1a: I Wasn't Ready!
|
|-damage|p2a: Latias|51\/364 brn|[from] brn
|turn|52
|
|move|p1a: I Wasn't Ready!|Earthquake|p2a: Latias
|-immune|p2a: Latias|[msg]
|move|p2a: Latias|Recover|p2a: Latias
|-heal|p2a: Latias|233\/364 brn
|
|-damage|p2a: Latias|188\/364 brn|[from] brn
|turn|53
|
|move|p1a: I Wasn't Ready!|Toxic|p2a: Latias
|-fail|p2a: Latias
|move|p2a: Latias|Psycho Shift|p1a: I Wasn't Ready!
|
|-damage|p2a: Latias|143\/364 brn|[from] brn
|turn|54
|
|move|p1a: I Wasn't Ready!|Toxic|p2a: Latias
|-fail|p2a: Latias
|move|p2a: Latias|Psycho Shift|p1a: I Wasn't Ready!
|
|-damage|p2a: Latias|98\/364 brn|[from] brn
|turn|55
|
|move|p1a: I Wasn't Ready!|Toxic|p2a: Latias
|-fail|p2a: Latias
|move|p2a: Latias|Psycho Shift|p1a: I Wasn't Ready!
|
|-damage|p2a: Latias|53\/364 brn|[from] brn
|turn|56
|
|move|p1a: I Wasn't Ready!|Toxic|p2a: Latias
|-fail|p2a: Latias
|move|p2a: Latias|Recover|p2a: Latias
|-heal|p2a: Latias|235\/364 brn
|
|-damage|p2a: Latias|190\/364 brn|[from] brn
|turn|57
|c|âThe Dazzler Joe|XD
|
|move|p1a: I Wasn't Ready!|Toxic|p2a: Latias
|-fail|p2a: Latias
|move|p2a: Latias|Psycho Shift|p1a: I Wasn't Ready!
|
|-damage|p2a: Latias|145\/364 brn|[from] brn
|turn|58
|
|move|p1a: I Wasn't Ready!|Protect|p1a: I Wasn't Ready!
|-singleturn|p1a: I Wasn't Ready!|Protect
|move|p2a: Latias|Psycho Shift|p1a: I Wasn't Ready!
|-activate|p1a: I Wasn't Ready!|Protect
|
|-damage|p2a: Latias|100\/364 brn|[from] brn
|turn|59
|
|move|p1a: I Wasn't Ready!|Protect|p1a: I Wasn't Ready!
|-fail|p1a: I Wasn't Ready!
|move|p2a: Latias|Recover|p2a: Latias
|-heal|p2a: Latias|282\/364 brn
|
|-damage|p2a: Latias|237\/364 brn|[from] brn
|turn|60
|
|move|p1a: I Wasn't Ready!|Earthquake|p2a: Latias
|-immune|p2a: Latias|[msg]
|move|p2a: Latias|Psycho Shift|p1a: I Wasn't Ready!
|
|-damage|p2a: Latias|192\/364 brn|[from] brn
|turn|61
|
|move|p1a: I Wasn't Ready!|Protect|p1a: I Wasn't Ready!
|-singleturn|p1a: I Wasn't Ready!|Protect
|move|p2a: Latias|Psycho Shift|p1a: I Wasn't Ready!
|-activate|p1a: I Wasn't Ready!|Protect
|
|-damage|p2a: Latias|147\/364 brn|[from] brn
|turn|62
|
|move|p1a: I Wasn't Ready!|Substitute|p1a: I Wasn't Ready!
|-fail|p1a: I Wasn't Ready!|move: Substitute
|move|p2a: Latias|Recover|p2a: Latias
|-heal|p2a: Latias|329\/364 brn
|
|-damage|p2a: Latias|284\/364 brn|[from] brn
|turn|63
|
|move|p1a: I Wasn't Ready!|Substitute|p1a: I Wasn't Ready!
|-fail|p1a: I Wasn't Ready!|move: Substitute
|move|p2a: Latias|Psycho Shift|p1a: I Wasn't Ready!
|
|-damage|p2a: Latias|239\/364 brn|[from] brn
|turn|64
|
|move|p1a: I Wasn't Ready!|Substitute|p1a: I Wasn't Ready!
|-fail|p1a: I Wasn't Ready!|move: Substitute
|move|p2a: Latias|Defog|p1a: I Wasn't Ready!
|
|-damage|p2a: Latias|194\/364 brn|[from] brn
|turn|65
|c|âaj14|forfeit
|
|move|p1a: I Wasn't Ready!|Protect|p1a: I Wasn't Ready!
|-singleturn|p1a: I Wasn't Ready!|Protect
|move|p2a: Latias|Defog|p1a: I Wasn't Ready!
|-activate|p1a: I Wasn't Ready!|Protect
|
|-damage|p2a: Latias|149\/364 brn|[from] brn
|turn|66
|
|move|p1a: I Wasn't Ready!|Earthquake|p2a: Latias
|-immune|p2a: Latias|[msg]
|move|p2a: Latias|Recover|p2a: Latias
|-heal|p2a: Latias|331\/364 brn
|
|-damage|p2a: Latias|286\/364 brn|[from] brn
|turn|67
|c|âThe Dazzler Joe|Never. :P
|
|move|p1a: I Wasn't Ready!|Toxic|p2a: Latias
|-fail|p2a: Latias
|move|p2a: Latias|Defog|p1a: I Wasn't Ready!
|
|-damage|p2a: Latias|241\/364 brn|[from] brn
|turn|68
|
|move|p1a: I Wasn't Ready!|Toxic|p2a: Latias
|-fail|p2a: Latias
|move|p2a: Latias|Defog|p1a: I Wasn't Ready!
|
|-damage|p2a: Latias|196\/364 brn|[from] brn
|turn|69
|
|move|p1a: I Wasn't Ready!|Toxic|p2a: Latias
|-fail|p2a: Latias
|move|p2a: Latias|Defog|p1a: I Wasn't Ready!
|
|-damage|p2a: Latias|151\/364 brn|[from] brn
|turn|70
|
|move|p1a: I Wasn't Ready!|Toxic|p2a: Latias
|-fail|p2a: Latias
|move|p2a: Latias|Recover|p2a: Latias
|-heal|p2a: Latias|333\/364 brn
|
|-damage|p2a: Latias|288\/364 brn|[from] brn
|turn|71
|c|âaj14|:]
|c| NukeTehSableye|my lord
|
|move|p1a: I Wasn't Ready!|Toxic|p2a: Latias
|-fail|p2a: Latias
|move|p2a: Latias|Defog|p1a: I Wasn't Ready!
|
|-damage|p2a: Latias|243\/364 brn|[from] brn
|turn|72
|c|âThe Dazzler Joe|:D
|
|move|p1a: I Wasn't Ready!|Earthquake|p2a: Latias
|-immune|p2a: Latias|[msg]
|move|p2a: Latias|Defog|p1a: I Wasn't Ready!
|
|-damage|p2a: Latias|198\/364 brn|[from] brn
|turn|73
|
|move|p1a: I Wasn't Ready!|Earthquake|p2a: Latias
|-immune|p2a: Latias|[msg]
|move|p2a: Latias|Defog|p1a: I Wasn't Ready!
|
|-damage|p2a: Latias|153\/364 brn|[from] brn
|turn|74
|
|move|p1a: I Wasn't Ready!|Protect|p1a: I Wasn't Ready!
|-singleturn|p1a: I Wasn't Ready!|Protect
|move|p2a: Latias|Defog|p1a: I Wasn't Ready!
|-activate|p1a: I Wasn't Ready!|Protect
|
|-damage|p2a: Latias|108\/364 brn|[from] brn
|turn|75
|
|move|p1a: I Wasn't Ready!|Protect|p1a: I Wasn't Ready!
|-fail|p1a: I Wasn't Ready!
|move|p2a: Latias|Recover|p2a: Latias
|-heal|p2a: Latias|290\/364 brn
|
|-damage|p2a: Latias|245\/364 brn|[from] brn
|turn|76
|
|move|p1a: I Wasn't Ready!|Substitute|p1a: I Wasn't Ready!
|-fail|p1a: I Wasn't Ready!|move: Substitute
|move|p2a: Latias|Defog|p1a: I Wasn't Ready!
|
|-damage|p2a: Latias|200\/364 brn|[from] brn
|turn|77
|
|move|p1a: I Wasn't Ready!|Substitute|p1a: I Wasn't Ready!
|-fail|p1a: I Wasn't Ready!|move: Substitute
|move|p2a: Latias|Defog|p1a: I Wasn't Ready!
|
|-damage|p2a: Latias|155\/364 brn|[from] brn
|turn|78
|c| DevinOwnsYall|ugh
|c|âThe Dazzler Joe|You only have a few more Recover PP there, buddy. Are you sure you want to waste them? :P
|
|move|p1a: I Wasn't Ready!|Earthquake|p2a: Latias
|-immune|p2a: Latias|[msg]
|move|p2a: Latias|Recover|p2a: Latias
|-heal|p2a: Latias|337\/364 brn
|
|-damage|p2a: Latias|292\/364 brn|[from] brn
|turn|79
|c|âaj14|i have other pokemon
|c|âaj14|lol
|
|move|p1a: I Wasn't Ready!|Protect|p1a: I Wasn't Ready!
|-singleturn|p1a: I Wasn't Ready!|Protect
|move|p2a: Latias|Dragon Pulse|p1a: I Wasn't Ready!
|-activate|p1a: I Wasn't Ready!|Protect
|
|-damage|p2a: Latias|247\/364 brn|[from] brn
|turn|80
|c|âThe Dazzler Joe|Good. :P
|
|move|p1a: I Wasn't Ready!|Substitute|p1a: I Wasn't Ready!
|-fail|p1a: I Wasn't Ready!|move: Substitute
|move|p2a: Latias|Dragon Pulse|p1a: I Wasn't Ready!
|-end|p1a: I Wasn't Ready!|Substitute
|
|-damage|p2a: Latias|202\/364 brn|[from] brn
|turn|81
|
|move|p1a: I Wasn't Ready!|Substitute|p1a: I Wasn't Ready!
|-start|p1a: I Wasn't Ready!|Substitute
|-damage|p1a: I Wasn't Ready!|266\/354 tox
|move|p2a: Latias|Dragon Pulse|p1a: I Wasn't Ready!
|-end|p1a: I Wasn't Ready!|Substitute
|
|-heal|p1a: I Wasn't Ready!|310\/354 tox|[from] ability: Poison Heal
|-damage|p2a: Latias|157\/364 brn|[from] brn
|turn|82
|
|switch|p2a: Clefable|Clefable, M|124\/394
|move|p1a: I Wasn't Ready!|Protect|p1a: I Wasn't Ready!
|-fail|p1a: I Wasn't Ready!
|
|-heal|p2a: Clefable|148\/394|[from] item: Leftovers
|-heal|p1a: I Wasn't Ready!|354\/354 tox|[from] ability: Poison Heal
|turn|83
|c|âThe Dazzler Joe|I WIN THE STALL WAR! :D
|
|move|p2a: Clefable|Protect|p2a: Clefable
|-singleturn|p2a: Clefable|Protect
|move|p1a: I Wasn't Ready!|Toxic|p2a: Clefable
|-activate|p2a: Clefable|Protect
|
|-heal|p2a: Clefable|172\/394|[from] item: Leftovers
|turn|84
|c|âaj14|nope
|
|move|p1a: I Wasn't Ready!|Toxic|p2a: Clefable|[miss]
|-miss|p1a: I Wasn't Ready!|p2a: Clefable
|move|p2a: Clefable|Wish|p2a: Clefable
|
|-heal|p2a: Clefable|196\/394|[from] item: Leftovers
|turn|85
|c|âaj14|LOL
|
|switch|p1a: Breloominati|Breloom, M, shiny|166\/262 brn
|switch|p2a: Latias|Latias, F|157\/364 brn
|
|-heal|p2a: Latias|354\/364 brn|[from] move: Wish|[wisher] Clefable
|-damage|p2a: Latias|309\/364 brn|[from] brn
|-damage|p1a: Breloominati|134\/262 brn|[from] brn
|turn|86
|c|âaj14|thats what i thought
|c|âThe Dazzler Joe|XD
|
|move|p2a: Latias|Dragon Pulse|p1a: Breloominati
|-damage|p1a: Breloominati|0 fnt
|faint|p1a: Breloominati
|
|-damage|p2a: Latias|264\/364 brn|[from] brn
|
|switch|p1a: Uranusaur|Venusaur-Mega, M, shiny|275\/364
|turn|87
|c|âThe Dazzler Joe|:3
|c| DevinOwnsYall|vena wins it for u joe
|c|âaj14|i stall venu too
|c|âThe Dazzler Joe|I know, Devin. XD
|
|move|p2a: Latias|Psycho Shift|p1a: Uranusaur
|-status|p1a: Uranusaur|brn
|-curestatus|p2a: Latias|brn
|move|p1a: Uranusaur|Leech Seed|p2a: Latias
|-start|p2a: Latias|move: Leech Seed
|
|-damage|p2a: Latias|219\/364|[from] Leech Seed|[of] p1a: Uranusaur
|-heal|p1a: Uranusaur|320\/364 brn|[silent]
|-damage|p1a: Uranusaur|275\/364 brn|[from] brn
|-status|p2a: Latias|brn|[from] item: Flame Orb
|turn|88
|c|âaj14|BOOM
|c|âThe Dazzler Joe|Alright then? XD
|
|move|p2a: Latias|Dragon Pulse|p1a: Uranusaur
|-damage|p1a: Uranusaur|173\/364 brn
|move|p1a: Uranusaur|Synthesis|p1a: Uranusaur
|-heal|p1a: Uranusaur|355\/364 brn
|
|-damage|p2a: Latias|174\/364 brn|[from] Leech Seed|[of] p1a: Uranusaur
|-heal|p1a: Uranusaur|364\/364 brn|[silent]
|-damage|p2a: Latias|129\/364 brn|[from] brn
|-damage|p1a: Uranusaur|319\/364 brn|[from] brn
|turn|89
|
|move|p2a: Latias|Dragon Pulse|p1a: Uranusaur
|-crit|p1a: Uranusaur
|-damage|p1a: Uranusaur|183\/364 brn
|move|p1a: Uranusaur|Sludge Bomb|p2a: Latias
|-damage|p2a: Latias|24\/364 brn
|
|-damage|p2a: Latias|0 fnt|[from] Leech Seed|[of] p1a: Uranusaur
|-heal|p1a: Uranusaur|207\/364 brn|[silent]
|-damage|p1a: Uranusaur|162\/364 brn|[from] brn
|faint|p2a: Latias
|c|âThe Dazzler Joe|CRITS?!
|c|âThe Dazzler Joe|Now?! XD
|c|âThe Dazzler Joe|There you go, AJ. :3
|c|âaj14|shh
|c|âaj14|thinking
|c|âThe Dazzler Joe|XD
|c| DevinOwnsYall|vena outspeeds all
|c| DevinOwnsYall|xD
|c|âThe Dazzler Joe|:P
|c|âThe Dazzler Joe|AJ, you kinda lost. XP
|c|âaj14|I WILL WIN
|
|switch|p2a: Exeggutor|Exeggutor, M|394\/394
|turn|90
|
|switch|p1a: Usain Flare|Heatran, F, shiny|234\/358 par
|move|p2a: Exeggutor|Infestation|p1a: Usain Flare
|-resisted|p1a: Usain Flare
|-damage|p1a: Usain Flare|230\/358 par
|-activate|p1a: Usain Flare|move: Infestation|[of] p2a: Exeggutor
|
|-damage|p1a: Usain Flare|186\/358 par|[from] move: Infestation|[partiallytrapped]
|turn|91
|
|move|p2a: Exeggutor|Substitute|p2a: Exeggutor
|-start|p2a: Exeggutor|Substitute
|-damage|p2a: Exeggutor|296\/394
|move|p1a: Usain Flare|Fire Blast|p2a: Exeggutor
|-supereffective|p2a: Exeggutor
|-end|p2a: Exeggutor|Substitute
|
|-damage|p1a: Usain Flare|142\/358 par|[from] move: Infestation|[partiallytrapped]
|turn|92
|
|move|p2a: Exeggutor|Substitute|p2a: Exeggutor
|-start|p2a: Exeggutor|Substitute
|-damage|p2a: Exeggutor|198\/394
|cant|p1a: Usain Flare|par
|
|-damage|p1a: Usain Flare|98\/358 par|[from] move: Infestation|[partiallytrapped]
|turn|93
|
|move|p2a: Exeggutor|Leech Seed|p1a: Usain Flare
|-start|p1a: Usain Flare|move: Leech Seed
|move|p1a: Usain Flare|Fire Blast|p2a: Exeggutor
|-supereffective|p2a: Exeggutor
|-end|p2a: Exeggutor|Substitute
|
|-damage|p1a: Usain Flare|54\/358 par|[from] Leech Seed|[of] p2a: Exeggutor
|-heal|p2a: Exeggutor|242\/394|[silent]
|-damage|p1a: Usain Flare|10\/358 par|[from] move: Infestation|[partiallytrapped]
|turn|94
|
|move|p2a: Exeggutor|Substitute|p2a: Exeggutor
|-start|p2a: Exeggutor|Substitute
|-damage|p2a: Exeggutor|144\/394
|-enditem|p2a: Exeggutor|Sitrus Berry|[eat]
|-heal|p2a: Exeggutor|242\/394|[from] item: Sitrus Berry
|move|p1a: Usain Flare|Fire Blast|p2a: Exeggutor
|-supereffective|p2a: Exeggutor
|-end|p2a: Exeggutor|Substitute
|
|-damage|p1a: Usain Flare|0 fnt|[from] Leech Seed|[of] p2a: Exeggutor
|-heal|p2a: Exeggutor|252\/394|[silent]
|faint|p1a: Usain Flare
|
|switch|p1a: I Wasn't Ready!|Gliscor, M, shiny|354\/354 tox
|turn|95
|c|âThe Dazzler Joe|:3
|
|switch|p2a: Clefable|Clefable, M|196\/394
|move|p1a: I Wasn't Ready!|Toxic|p2a: Clefable
|-status|p2a: Clefable|tox
|
|-heal|p2a: Clefable|220\/394 tox|[from] item: Leftovers
|-damage|p2a: Clefable|196\/394 tox|[from] psn
|turn|96
|
|move|p1a: I Wasn't Ready!|Substitute|p1a: I Wasn't Ready!
|-start|p1a: I Wasn't Ready!|Substitute
|-damage|p1a: I Wasn't Ready!|266\/354 tox
|move|p2a: Clefable|Wish|p2a: Clefable
|
|-heal|p2a: Clefable|220\/394 tox|[from] item: Leftovers
|-heal|p1a: I Wasn't Ready!|310\/354 tox|[from] ability: Poison Heal
|-damage|p2a: Clefable|172\/394 tox|[from] psn
|turn|97
|
|switch|p2a: Exeggutor|Exeggutor, M|252\/394
|move|p1a: I Wasn't Ready!|Earthquake|p2a: Exeggutor
|-resisted|p2a: Exeggutor
|-damage|p2a: Exeggutor|203\/394
|
|-heal|p2a: Exeggutor|394\/394|[from] move: Wish|[wisher] Clefable
|-heal|p1a: I Wasn't Ready!|354\/354 tox|[from] ability: Poison Heal
|-item|p2a: Exeggutor|Sitrus Berry|[from] ability: Harvest
|turn|98
|c| DevinOwnsYall|toxic the shit
|
|switch|p2a: Clefable|Clefable, M|172\/394 tox
|move|p1a: I Wasn't Ready!|Toxic|p2a: Clefable
|-fail|p2a: Clefable|tox
|
|-heal|p2a: Clefable|196\/394 tox|[from] item: Leftovers
|-damage|p2a: Clefable|172\/394 tox|[from] psn
|turn|99
|
|switch|p1a: Uranusaur|Venusaur-Mega, M, shiny|162\/364 brn
|switch|p2a: Exeggutor|Exeggutor, M|394\/394
|
|-damage|p1a: Uranusaur|117\/364 brn|[from] brn
|turn|100
|c|âaj14|HA
|
|move|p1a: Uranusaur|Synthesis|p1a: Uranusaur
|-heal|p1a: Uranusaur|299\/364 brn
|move|p2a: Exeggutor|Infestation|p1a: Uranusaur
|-damage|p1a: Uranusaur|282\/364 brn
|-activate|p1a: Uranusaur|move: Infestation|[of] p2a: Exeggutor
|
|-damage|p1a: Uranusaur|237\/364 brn|[from] brn
|-damage|p1a: Uranusaur|192\/364 brn|[from] move: Infestation|[partiallytrapped]
|turn|101
|c|âThe Dazzler Joe|XP
|
|move|p2a: Exeggutor|Protect|p2a: Exeggutor
|-singleturn|p2a: Exeggutor|Protect
|move|p1a: Uranusaur|Sludge Bomb|p2a: Exeggutor
|-activate|p2a: Exeggutor|Protect
|
|-damage|p1a: Uranusaur|147\/364 brn|[from] brn
|-damage|p1a: Uranusaur|102\/364 brn|[from] move: Infestation|[partiallytrapped]
|turn|102
|c| DevinOwnsYall|ouch
|
|move|p1a: Uranusaur|Synthesis|p1a: Uranusaur
|-heal|p1a: Uranusaur|284\/364 brn
|move|p2a: Exeggutor|Substitute|p2a: Exeggutor
|-start|p2a: Exeggutor|Substitute
|-damage|p2a: Exeggutor|296\/394
|
|-damage|p1a: Uranusaur|239\/364 brn|[from] brn
|-damage|p1a: Uranusaur|194\/364 brn|[from] move: Infestation|[partiallytrapped]
|turn|103
|
|move|p2a: Exeggutor|Protect|p2a: Exeggutor
|-singleturn|p2a: Exeggutor|Protect
|move|p1a: Uranusaur|Synthesis|p1a: Uranusaur
|-heal|p1a: Uranusaur|364\/364 brn
|
|-damage|p1a: Uranusaur|319\/364 brn|[from] brn
|-damage|p1a: Uranusaur|274\/364 brn|[from] move: Infestation|[partiallytrapped]
|turn|104
|
|move|p1a: Uranusaur|Sludge Bomb|p2a: Exeggutor
|-supereffective|p2a: Exeggutor
|-end|p2a: Exeggutor|Substitute
|move|p2a: Exeggutor|Substitute|p2a: Exeggutor
|-start|p2a: Exeggutor|Substitute
|-damage|p2a: Exeggutor|198\/394
|
|-damage|p1a: Uranusaur|229\/364 brn|[from] brn
|-end|p1a: Uranusaur|Infestation|[partiallytrapped]
|turn|105
|
|move|p2a: Exeggutor|Protect|p2a: Exeggutor
|-singleturn|p2a: Exeggutor|Protect
|move|p1a: Uranusaur|Sludge Bomb|p2a: Exeggutor
|-activate|p2a: Exeggutor|Protect
|
|-damage|p1a: Uranusaur|184\/364 brn|[from] brn
|turn|106
|
|move|p1a: Uranusaur|Sludge Bomb|p2a: Exeggutor
|-supereffective|p2a: Exeggutor
|-end|p2a: Exeggutor|Substitute
|move|p2a: Exeggutor|Infestation|p1a: Uranusaur
|-damage|p1a: Uranusaur|167\/364 brn
|-activate|p1a: Uranusaur|move: Infestation|[of] p2a: Exeggutor
|
|-damage|p1a: Uranusaur|122\/364 brn|[from] brn
|-damage|p1a: Uranusaur|77\/364 brn|[from] move: Infestation|[partiallytrapped]
|turn|107
|
|move|p1a: Uranusaur|Synthesis|p1a: Uranusaur
|-heal|p1a: Uranusaur|259\/364 brn
|move|p2a: Exeggutor|Substitute|p2a: Exeggutor
|-start|p2a: Exeggutor|Substitute
|-damage|p2a: Exeggutor|100\/394
|-enditem|p2a: Exeggutor|Sitrus Berry|[eat]
|-heal|p2a: Exeggutor|198\/394|[from] item: Sitrus Berry
|
|-damage|p1a: Uranusaur|214\/364 brn|[from] brn
|-damage|p1a: Uranusaur|169\/364 brn|[from] move: Infestation|[partiallytrapped]
|-item|p2a: Exeggutor|Sitrus Berry|[from] ability: Harvest
|turn|108
|
|move|p2a: Exeggutor|Protect|p2a: Exeggutor
|-singleturn|p2a: Exeggutor|Protect
|move|p1a: Uranusaur|Synthesis|p1a: Uranusaur
|-heal|p1a: Uranusaur|351\/364 brn
|
|-damage|p1a: Uranusaur|306\/364 brn|[from] brn
|-damage|p1a: Uranusaur|261\/364 brn|[from] move: Infestation|[partiallytrapped]
|turn|109
|
|move|p1a: Uranusaur|Sludge Bomb|p2a: Exeggutor
|-supereffective|p2a: Exeggutor
|-end|p2a: Exeggutor|Substitute
|move|p2a: Exeggutor|Substitute|p2a: Exeggutor
|-start|p2a: Exeggutor|Substitute
|-damage|p2a: Exeggutor|100\/394
|-enditem|p2a: Exeggutor|Sitrus Berry|[eat]
|-heal|p2a: Exeggutor|198\/394|[from] item: Sitrus Berry
|
|-damage|p1a: Uranusaur|216\/364 brn|[from] brn
|-damage|p1a: Uranusaur|171\/364 brn|[from] move: Infestation|[partiallytrapped]
|turn|110
|
|move|p2a: Exeggutor|Protect|p2a: Exeggutor
|-singleturn|p2a: Exeggutor|Protect
|move|p1a: Uranusaur|Synthesis|p1a: Uranusaur
|-heal|p1a: Uranusaur|353\/364 brn
|
|-damage|p1a: Uranusaur|308\/364 brn|[from] brn
|-end|p1a: Uranusaur|Infestation|[partiallytrapped]
|-item|p2a: Exeggutor|Sitrus Berry|[from] ability: Harvest
|turn|111
|c|âaj14|venu wins my ass
|
|move|p1a: Uranusaur|Sludge Bomb|p2a: Exeggutor
|-supereffective|p2a: Exeggutor
|-end|p2a: Exeggutor|Substitute
|move|p2a: Exeggutor|Substitute|p2a: Exeggutor
|-start|p2a: Exeggutor|Substitute
|-damage|p2a: Exeggutor|100\/394
|-enditem|p2a: Exeggutor|Sitrus Berry|[eat]
|-heal|p2a: Exeggutor|198\/394|[from] item: Sitrus Berry
|
|-damage|p1a: Uranusaur|263\/364 brn|[from] brn
|-item|p2a: Exeggutor|Sitrus Berry|[from] ability: Harvest
|turn|112
|
|move|p2a: Exeggutor|Protect|p2a: Exeggutor
|-singleturn|p2a: Exeggutor|Protect
|move|p1a: Uranusaur|Sludge Bomb|p2a: Exeggutor
|-activate|p2a: Exeggutor|Protect
|
|-damage|p1a: Uranusaur|218\/364 brn|[from] brn
|turn|113
|
|move|p1a: Uranusaur|Sludge Bomb|p2a: Exeggutor
|-crit|p2a: Exeggutor
|-supereffective|p2a: Exeggutor
|-end|p2a: Exeggutor|Substitute
|move|p2a: Exeggutor|Substitute|p2a: Exeggutor
|-start|p2a: Exeggutor|Substitute
|-damage|p2a: Exeggutor|100\/394
|-enditem|p2a: Exeggutor|Sitrus Berry|[eat]
|-heal|p2a: Exeggutor|198\/394|[from] item: Sitrus Berry
|
|-damage|p1a: Uranusaur|173\/364 brn|[from] brn
|-item|p2a: Exeggutor|Sitrus Berry|[from] ability: Harvest
|turn|114
|
|move|p2a: Exeggutor|Protect|p2a: Exeggutor
|-singleturn|p2a: Exeggutor|Protect
|move|p1a: Uranusaur|Synthesis|p1a: Uranusaur
|-heal|p1a: Uranusaur|355\/364 brn
|
|-damage|p1a: Uranusaur|310\/364 brn|[from] brn
|turn|115
|
|move|p1a: Uranusaur|Sludge Bomb|p2a: Exeggutor
|-supereffective|p2a: Exeggutor
|-end|p2a: Exeggutor|Substitute
|move|p2a: Exeggutor|Substitute|p2a: Exeggutor
|-start|p2a: Exeggutor|Substitute
|-damage|p2a: Exeggutor|100\/394
|-enditem|p2a: Exeggutor|Sitrus Berry|[eat]
|-heal|p2a: Exeggutor|198\/394|[from] item: Sitrus Berry
|
|-damage|p1a: Uranusaur|265\/364 brn|[from] brn
|-item|p2a: Exeggutor|Sitrus Berry|[from] ability: Harvest
|turn|116
|
|switch|p1a: I Wasn't Ready!|Gliscor, M, shiny|354\/354 tox
|move|p2a: Exeggutor|Protect|p2a: Exeggutor
|-fail|p2a: Exeggutor
|
|turn|117
|c|âaj14|loooooooooooool
|
|move|p1a: I Wasn't Ready!|Substitute|p1a: I Wasn't Ready!
|-start|p1a: I Wasn't Ready!|Substitute
|-damage|p1a: I Wasn't Ready!|266\/354 tox
|move|p2a: Exeggutor|Leech Seed|p1a: I Wasn't Ready!|[miss]
|-miss|p2a: Exeggutor|p1a: I Wasn't Ready!
|
|-heal|p1a: I Wasn't Ready!|310\/354 tox|[from] ability: Poison Heal
|turn|118
|c|âThe Dazzler Joe|Yup. :P
|
|move|p1a: I Wasn't Ready!|Earthquake|p2a: Exeggutor
|-resisted|p2a: Exeggutor
|-activate|p2a: Exeggutor|Substitute|[damage]
|move|p2a: Exeggutor|Leech Seed|p1a: I Wasn't Ready!
|
|-heal|p1a: I Wasn't Ready!|354\/354 tox|[from] ability: Poison Heal
|turn|119
|
|move|p1a: I Wasn't Ready!|Earthquake|p2a: Exeggutor
|-resisted|p2a: Exeggutor
|-activate|p2a: Exeggutor|Substitute|[damage]
|move|p2a: Exeggutor|Leech Seed|p1a: I Wasn't Ready!
|
|turn|120
|
|move|p1a: I Wasn't Ready!|Earthquake|p2a: Exeggutor
|-resisted|p2a: Exeggutor
|-end|p2a: Exeggutor|Substitute
|move|p2a: Exeggutor|Substitute|p2a: Exeggutor
|-start|p2a: Exeggutor|Substitute
|-damage|p2a: Exeggutor|100\/394
|-enditem|p2a: Exeggutor|Sitrus Berry|[eat]
|-heal|p2a: Exeggutor|198\/394|[from] item: Sitrus Berry
|
|-item|p2a: Exeggutor|Sitrus Berry|[from] ability: Harvest
|turn|121
|
|move|p1a: I Wasn't Ready!|Earthquake|p2a: Exeggutor
|-resisted|p2a: Exeggutor
|-activate|p2a: Exeggutor|Substitute|[damage]
|move|p2a: Exeggutor|Leech Seed|p1a: I Wasn't Ready!
|
|turn|122
|c| DevinOwnsYall|haha
|c| DevinOwnsYall|gliscor stalls ya
|c| DevinOwnsYall|xD
|
|move|p1a: I Wasn't Ready!|Earthquake|p2a: Exeggutor
|-resisted|p2a: Exeggutor
|-activate|p2a: Exeggutor|Substitute|[damage]
|move|p2a: Exeggutor|Leech Seed|p1a: I Wasn't Ready!
|
|turn|123
|c|âaj14|hello? iw in
|c|âaj14|win*
|c|âaj14|like i said
|c|âaj14|noobs
|c| DevinOwnsYall|Sure
|
|move|p1a: I Wasn't Ready!|Substitute|p1a: I Wasn't Ready!
|-fail|p1a: I Wasn't Ready!|move: Substitute
|move|p2a: Exeggutor|Substitute|p2a: Exeggutor
|-fail|p2a: Exeggutor|move: Substitute
|
|turn|124
|c| DevinOwnsYall|aj u wont be calling me a nub once i regain my used to be form
|c| DevinOwnsYall|just need one more day practice
|
|move|p1a: I Wasn't Ready!|Protect|p1a: I Wasn't Ready!
|-singleturn|p1a: I Wasn't Ready!|Protect
|move|p2a: Exeggutor|Leech Seed|p1a: I Wasn't Ready!
|-activate|p1a: I Wasn't Ready!|Protect
|
|turn|125
|c|âaj14|lol k
|
|move|p1a: I Wasn't Ready!|Earthquake|p2a: Exeggutor
|-resisted|p2a: Exeggutor
|-end|p2a: Exeggutor|Substitute
|move|p2a: Exeggutor|Leech Seed|p1a: I Wasn't Ready!
|
|turn|126
|
|switch|p2a: Clefable|Clefable, M|172\/394 tox
|move|p1a: I Wasn't Ready!|Toxic|p2a: Clefable|[miss]
|-miss|p1a: I Wasn't Ready!|p2a: Clefable
|
|-heal|p2a: Clefable|196\/394 tox|[from] item: Leftovers
|-damage|p2a: Clefable|172\/394 tox|[from] psn
|turn|127
|c|âThe Dazzler Joe|XD
|
|move|p1a: I Wasn't Ready!|Earthquake|p2a: Clefable
|-damage|p2a: Clefable|76\/394 tox
|move|p2a: Clefable|Wish|p2a: Clefable
|
|-heal|p2a: Clefable|100\/394 tox|[from] item: Leftovers
|-damage|p2a: Clefable|52\/394 tox|[from] psn
|turn|128
|
|switch|p2a: Ampharos|Ampharos-Mega, F|81\/384
|-ability|p2a: Ampharos|Mold Breaker
|move|p1a: I Wasn't Ready!|Toxic|p2a: Ampharos
|-status|p2a: Ampharos|tox
|
|-heal|p2a: Ampharos|278\/384 tox|[from] move: Wish|[wisher] Clefable
|-damage|p2a: Ampharos|254\/384 tox|[from] psn
|turn|129
|
|switch|p2a: Conkeldurr|Conkeldurr, M|173\/404
|move|p1a: I Wasn't Ready!|Protect|p1a: I Wasn't Ready!
|-fail|p1a: I Wasn't Ready!
|
|-heal|p2a: Conkeldurr|198\/404|[from] item: Leftovers
|turn|130
|
|switch|p1a: Uranusaur|Venusaur-Mega, M, shiny|265\/364 brn
|move|p2a: Conkeldurr|Ice Punch|p1a: Uranusaur
|-supereffective|p1a: Uranusaur
|-damage|p1a: Uranusaur|187\/364 brn
|
|-heal|p2a: Conkeldurr|223\/404|[from] item: Leftovers
|-damage|p1a: Uranusaur|142\/364 brn|[from] brn
|turn|131
|c| DevinOwnsYall|out of pp\/
|
|move|p1a: Uranusaur|Sludge Bomb|p2a: Conkeldurr
|-damage|p2a: Conkeldurr|54\/404
|-status|p2a: Conkeldurr|psn
|move|p2a: Conkeldurr|Ice Punch|p1a: Uranusaur
|-crit|p1a: Uranusaur
|-supereffective|p1a: Uranusaur
|-damage|p1a: Uranusaur|26\/364 brn
|
|-heal|p2a: Conkeldurr|79\/404 psn|[from] item: Leftovers
|-damage|p1a: Uranusaur|0 fnt|[from] brn
|-damage|p2a: Conkeldurr|29\/404 psn|[from] psn
|faint|p1a: Uranusaur
|c| DevinOwnsYall|\/
|c|âaj14|lol
|c|âThe Dazzler Joe|Damn crits. XD
|
|switch|p1a: I Wasn't Ready!|Gliscor, M, shiny|354\/354 tox
|turn|132
|c| DevinOwnsYall|that sucks
|c|âaj14|i already wonnnnnnn
|c|âThe Dazzler Joe|Yup. Lol
|
|move|p1a: I Wasn't Ready!|Substitute|p1a: I Wasn't Ready!
|-start|p1a: I Wasn't Ready!|Substitute
|-damage|p1a: I Wasn't Ready!|266\/354 tox
|move|p2a: Conkeldurr|Ice Punch|p1a: I Wasn't Ready!
|-supereffective|p1a: I Wasn't Ready!
|-end|p1a: I Wasn't Ready!|Substitute
|
|-heal|p2a: Conkeldurr|54\/404 psn|[from] item: Leftovers
|-heal|p1a: I Wasn't Ready!|310\/354 tox|[from] ability: Poison Heal
|-damage|p2a: Conkeldurr|4\/404 psn|[from] psn
|turn|133
|c|âThe Dazzler Joe|Aj, never give yp. :P
|c|âThe Dazzler Joe|*Up
|
|move|p1a: I Wasn't Ready!|Substitute|p1a: I Wasn't Ready!
|-start|p1a: I Wasn't Ready!|Substitute
|-damage|p1a: I Wasn't Ready!|222\/354 tox
|move|p2a: Conkeldurr|Ice Punch|p1a: I Wasn't Ready!
|-supereffective|p1a: I Wasn't Ready!
|-end|p1a: I Wasn't Ready!|Substitute
|
|-heal|p2a: Conkeldurr|29\/404 psn|[from] item: Leftovers
|-heal|p1a: I Wasn't Ready!|266\/354 tox|[from] ability: Poison Heal
|-damage|p2a: Conkeldurr|0 fnt|[from] psn
|faint|p2a: Conkeldurr
|
|switch|p2a: Exeggutor|Exeggutor, M|198\/394
|turn|134
|
|switch|p2a: Clefable|Clefable, M|52\/394 tox
|move|p1a: I Wasn't Ready!|Protect|p1a: I Wasn't Ready!
|-fail|p1a: I Wasn't Ready!
|
|-heal|p2a: Clefable|76\/394 tox|[from] item: Leftovers
|-heal|p1a: I Wasn't Ready!|310\/354 tox|[from] ability: Poison Heal
|-damage|p2a: Clefable|52\/394 tox|[from] psn
|turn|135
|
|switch|p2a: Ampharos|Ampharos-Mega, F|254\/384 tox
|-ability|p2a: Ampharos|Mold Breaker
|move|p1a: I Wasn't Ready!|Protect|p1a: I Wasn't Ready!
|-fail|p1a: I Wasn't Ready!
|
|-heal|p1a: I Wasn't Ready!|354\/354 tox|[from] ability: Poison Heal
|-damage|p2a: Ampharos|230\/384 tox|[from] psn
|turn|136
|
|switch|p2a: Clefable|Clefable, M|52\/394 tox
|-activate|p1a: I Wasn't Ready!|move: Struggle
|move|p1a: I Wasn't Ready!|Struggle|p2a: Clefable
|-damage|p2a: Clefable|17\/394 tox
|-damage|p1a: I Wasn't Ready!|266\/354 tox
|
|-heal|p2a: Clefable|41\/394 tox|[from] item: Leftovers
|-heal|p1a: I Wasn't Ready!|310\/354 tox|[from] ability: Poison Heal
|-damage|p2a: Clefable|17\/394 tox|[from] psn
|turn|137
|c|âaj14|looool
|c| DevinOwnsYall|lolol
|c|âThe Dazzler Joe|XD
|c| DevinOwnsYall|i see
|
|move|p2a: Clefable|Protect|p2a: Clefable
|-singleturn|p2a: Clefable|Protect
|-activate|p1a: I Wasn't Ready!|move: Struggle
|move|p1a: I Wasn't Ready!|Struggle|p2a: Clefable
|-activate|p2a: Clefable|Protect
|
|-heal|p2a: Clefable|41\/394 tox|[from] item: Leftovers
|-heal|p1a: I Wasn't Ready!|354\/354 tox|[from] ability: Poison Heal
|-damage|p2a: Clefable|0 fnt|[from] psn
|faint|p2a: Clefable
|
|switch|p2a: Exeggutor|Exeggutor, M|198\/394
|turn|138
|
|-activate|p1a: I Wasn't Ready!|move: Struggle
|move|p1a: I Wasn't Ready!|Struggle|p2a: Exeggutor
|-damage|p2a: Exeggutor|167\/394
|-damage|p1a: I Wasn't Ready!|266\/354 tox
|-enditem|p2a: Exeggutor|Sitrus Berry|[eat]
|-heal|p2a: Exeggutor|265\/394|[from] item: Sitrus Berry
|move|p2a: Exeggutor|Leech Seed|p1a: I Wasn't Ready!
|-start|p1a: I Wasn't Ready!|move: Leech Seed
|
|-damage|p1a: I Wasn't Ready!|222\/354 tox|[from] Leech Seed|[of] p2a: Exeggutor
|-heal|p2a: Exeggutor|309\/394|[silent]
|-heal|p1a: I Wasn't Ready!|266\/354 tox|[from] ability: Poison Heal
|-item|p2a: Exeggutor|Sitrus Berry|[from] ability: Harvest
|turn|139
|c|âThe Dazzler Joe|XD
|
|-activate|p1a: I Wasn't Ready!|move: Struggle
|move|p1a: I Wasn't Ready!|Struggle|p2a: Exeggutor
|-damage|p2a: Exeggutor|279\/394
|-damage|p1a: I Wasn't Ready!|178\/354 tox
|move|p2a: Exeggutor|Infestation|p1a: I Wasn't Ready!
|-resisted|p1a: I Wasn't Ready!
|-damage|p1a: I Wasn't Ready!|165\/354 tox
|-activate|p1a: I Wasn't Ready!|move: Infestation|[of] p2a: Exeggutor
|
|-damage|p1a: I Wasn't Ready!|121\/354 tox|[from] Leech Seed|[of] p2a: Exeggutor
|-heal|p2a: Exeggutor|323\/394|[silent]
|-heal|p1a: I Wasn't Ready!|165\/354 tox|[from] ability: Poison Heal
|-damage|p1a: I Wasn't Ready!|121\/354 tox|[from] move: Infestation|[partiallytrapped]
|turn|140
|
|switch|p2a: Ampharos|Ampharos-Mega, F|230\/384 tox
|-ability|p2a: Ampharos|Mold Breaker
|-activate|p1a: I Wasn't Ready!|move: Struggle
|move|p1a: I Wasn't Ready!|Struggle|p2a: Ampharos
|-damage|p2a: Ampharos|195\/384 tox
|-damage|p1a: I Wasn't Ready!|33\/354 tox
|
|-damage|p1a: I Wasn't Ready!|0 fnt|[from] Leech Seed|[of] p2a: Ampharos
|-heal|p2a: Ampharos|228\/384 tox|[silent]
|-damage|p2a: Ampharos|204\/384 tox|[from] psn
|faint|p1a: I Wasn't Ready!
|
|win|aj14
|c|âThe Dazzler Joe|GG
|c|âaj14|gg
|leave|NukeTehSableye
|leave|aj14
|player|p2