|join|NukeTehSableye
|join|aj14
|player|p1|NukeTehSableye|260
|player|p2|aj14|279
|gametype|singles
|gen|6
|tier|OU
|clearpoke
|poke|p1|Charizard, F, shiny
|poke|p1|Sylveon, M
|poke|p1|Bisharp, F, shiny
|poke|p1|Latios, M, shiny
|poke|p1|Thundurus, M, shiny
|poke|p1|Manaphy, shiny
|poke|p2|Pinsir, M
|poke|p2|Gardevoir, M
|poke|p2|Galvantula, F
|poke|p2|Keldeo
|poke|p2|Azumarill, F
|poke|p2|Tyranitar, F
|rule|Swagger Clause: Swagger is banned
|rule|Baton Pass Clause: Limit one PokÃ©mon knowing Baton Pass
|rule|Sleep Clause Mod: Limit one foe put to sleep
|rule|Species Clause: Limit one of each PokÃ©mon
|rule|OHKO Clause: OHKO moves are banned
|rule|Moody Clause: Moody is banned
|rule|Evasion Moves Clause: Evasion moves are banned
|rule|Endless Battle Clause: Forcing endless battles is banned
|rule|HP Percentage Mod: HP is reported as percentages
|teampreview
|
|start
|switch|p1a: Manaphy|Manaphy, shiny|404\/404
|switch|p2a: Galvantula|Galvantula, F|281\/281
|turn|1
|
|move|p2a: Galvantula|Sticky Web|p1a: Manaphy
|-sidestart|p1: NukeTehSableye|move: Sticky Web
|move|p1a: Manaphy|Tail Glow|p1a: Manaphy
|-boost|p1a: Manaphy|spa|3
|
|turn|2
|
|move|p2a: Galvantula|Thunder Wave|p1a: Manaphy
|-status|p1a: Manaphy|par
|cant|p1a: Manaphy|par
|
|turn|3
|
|move|p2a: Galvantula|Bug Buzz|p1a: Manaphy
|-damage|p1a: Manaphy|283\/404 par
|move|p1a: Manaphy|Scald|p2a: Galvantula
|-enditem|p2a: Galvantula|Focus Sash
|-damage|p2a: Galvantula|1\/281
|-status|p2a: Galvantula|brn
|
|-heal|p1a: Manaphy|308\/404 par|[from] item: Leftovers
|-damage|p2a: Galvantula|0 fnt|[from] brn
|faint|p2a: Galvantula
|chat|NukeTehSableye|:p
|join|Slowbrother
|chat|Slowbrother|nuke them all!
|
|switch|p2a: Pinsir|Pinsir, M|271\/271
|turn|4
|
|detailschange|p2a: Pinsir|Pinsir-Mega, M
|message|Pinsir has Mega Evolved into Mega Pinsir!
|move|p2a: Pinsir|Return|p1a: Manaphy
|-damage|p1a: Manaphy|19\/404 par
|move|p1a: Manaphy|Scald|p2a: Pinsir
|-crit|p2a: Pinsir
|-damage|p2a: Pinsir|0 fnt
|faint|p2a: Pinsir
|
|-heal|p1a: Manaphy|44\/404 par|[from] item: Leftovers
|chat|NukeTehSableye|:p
|chat|NukeTehSableye|trololol
|
|switch|p2a: Keldeo|Keldeo|324\/324
|turn|5
|
|move|p2a: Keldeo|Secret Sword|p1a: Manaphy
|-damage|p1a: Manaphy|0 fnt
|-damage|p2a: Keldeo|292\/324|[from] item: Life Orb
|faint|p1a: Manaphy
|
|leave|Slowbrother
|
|switch|p1a: Sylveon|Sylveon, M|394\/394
|-activate|p1a: Sylveon|move: Sticky Web
|-unboost|p1a: Sylveon|spe|1
|turn|6
|
|move|p2a: Keldeo|Calm Mind|p2a: Keldeo
|-boost|p2a: Keldeo|spa|1
|-boost|p2a: Keldeo|spd|1
|move|p1a: Sylveon|Hyper Voice|p2a: Keldeo
|-supereffective|p2a: Keldeo
|-damage|p2a: Keldeo|82\/324
|
|turn|7
|
|move|p2a: Keldeo|Hydro Pump|p1a: Sylveon|[miss]
|-miss|p2a: Keldeo|p1a: Sylveon
|move|p1a: Sylveon|Hyper Voice|p2a: Keldeo
|-supereffective|p2a: Keldeo
|-damage|p2a: Keldeo|0 fnt
|faint|p2a: Keldeo
|
|chat|aj14|come the fuck on
|
|switch|p2a: Gardevoir|Gardevoir, M|340\/340
|-ability|p2a: Gardevoir|Pixilate|[from] ability: Trace|[of] p1a: Sylveon
|turn|8
|chat|NukeTehSableye|Dem hax today
|chat|NukeTehSableye|i like it
|
|move|p2a: Gardevoir|Light Screen|p2a: Gardevoir
|-sidestart|p2: aj14|move: Light Screen
|move|p1a: Sylveon|Hyper Voice|p2a: Gardevoir
|-damage|p2a: Gardevoir|280\/340
|
|turn|9
|
|move|p2a: Gardevoir|Reflect|p2a: Gardevoir
|-sidestart|p2: aj14|Reflect
|move|p1a: Sylveon|Hyper Voice|p2a: Gardevoir
|-crit|p2a: Gardevoir
|-damage|p2a: Gardevoir|84\/340
|
|turn|10
|chat|aj14|of course
|
|move|p2a: Gardevoir|Taunt|p1a: Sylveon
|-start|p1a: Sylveon|move: Taunt
|move|p1a: Sylveon|Hyper Voice|p2a: Gardevoir
|-damage|p2a: Gardevoir|13\/340
|
|turn|11
|
|move|p2a: Gardevoir|Memento|p1a: Sylveon
|-unboost|p1a: Sylveon|atk|2
|-unboost|p1a: Sylveon|spa|2
|faint|p2a: Gardevoir
|move|p1a: Sylveon|Hyper Voice|p2: Gardevoir|[notarget]
|-notarget
|
|
|switch|p2a: Azumarill|Azumarill, F|342\/342
|turn|12
|
|move|p2a: Azumarill|Belly Drum|p2a: Azumarill
|-damage|p2a: Azumarill|171\/342
|-setboost|p2a: Azumarill|atk|6|[from] move: Belly Drum
|-enditem|p2a: Azumarill|Sitrus Berry|[eat]
|-heal|p2a: Azumarill|256\/342|[from] item: Sitrus Berry
|move|p1a: Sylveon|Hyper Voice|p2a: Azumarill
|-damage|p2a: Azumarill|212\/342
|
|-end|p1a: Sylveon|move: Taunt
|turn|13
|
|move|p2a: Azumarill|Waterfall|p1a: Sylveon
|-damage|p1a: Sylveon|0 fnt
|faint|p1a: Sylveon
|
|
|switch|p1a: Bisharp|Bisharp, F, shiny|272\/272
|-activate|p1a: Bisharp|move: Sticky Web
|-unboost|p1a: Bisharp|spe|1
|turn|14
|
|move|p2a: Azumarill|Aqua Jet|p1a: Bisharp
|-damage|p1a: Bisharp|0 fnt
|faint|p1a: Bisharp
|
|
|switch|p1a: Thundurus|Thundurus, M, shiny|300\/300
|turn|15
|
|move|p1a: Thundurus|Thunder Wave|p2a: Azumarill
|-status|p2a: Azumarill|par
|cant|p2a: Azumarill|par
|
|-sideend|p2: aj14|move: Light Screen
|turn|16
|
|move|p2a: Azumarill|Aqua Jet|p1a: Thundurus
|-damage|p1a: Thundurus|0 fnt
|faint|p1a: Thundurus
|
|-sideend|p2: aj14|Reflect
|
|switch|p1a: Latios|Latios, M, shiny|302\/302
|turn|17
|
|move|p2a: Azumarill|Aqua Jet|p1a: Latios
|-resisted|p1a: Latios
|-damage|p1a: Latios|120\/302
|move|p1a: Latios|Psyshock|p2a: Azumarill
|-damage|p2a: Azumarill|25\/342 par
|
|turn|18
|
|move|p2a: Azumarill|Aqua Jet|p1a: Latios
|-resisted|p1a: Latios
|-damage|p1a: Latios|0 fnt
|faint|p1a: Latios
|
|
|switch|p1a: Charizard|Charizard, F, shiny|318\/318
|turn|19
|chat|NukeTehSableye|comeon paralyze
|
|detailschange|p1a: Charizard|Charizard-Mega-X, F, shiny
|message|Charizard has Mega Evolved into Mega Charizard!
|cant|p2a: Azumarill|par
|move|p1a: Charizard|Earthquake|p2a: Azumarill
|-damage|p2a: Azumarill|0 fnt
|faint|p2a: Azumarill
|
|chat|aj14|u got enough hax
|chat|aj14|WOW
|chat|NukeTehSableye|HAHAHA
|
|switch|p2a: Tyranitar|Tyranitar, F|404\/404
|-weather|Sandstorm
|turn|20
|chat|NukeTehSableye|HAHAHAHAHAHAH MUHAHAHAH
|
|move|p1a: Charizard|Earthquake|p2a: Tyranitar
|-supereffective|p2a: Tyranitar
|-damage|p2a: Tyranitar|260\/404
|move|p2a: Tyranitar|Stone Edge|p1a: Charizard|[miss]
|-miss|p2a: Tyranitar|p1a: Charizard
|
|-weather|Sandstorm|[upkeep]
|-damage|p1a: Charizard|299\/318|[from] sandstorm
|turn|21
|chat|aj14|of courseeeeeeeeeeee
|
|move|p1a: Charizard|Earthquake|p2a: Tyranitar
|-supereffective|p2a: Tyranitar
|-damage|p2a: Tyranitar|108\/404
|move|p2a: Tyranitar|Stone Edge|p1a: Charizard
|-supereffective|p1a: Charizard
|-damage|p1a: Charizard|47\/318
|
|-weather|Sandstorm|[upkeep]
|-damage|p1a: Charizard|28\/318|[from] sandstorm
|turn|22
|chat|NukeTehSableye|LOL
|chat|NukeTehSableye|GG
|
|move|p1a: Charizard|Earthquake|p2a: Tyranitar
|-supereffective|p2a: Tyranitar
|-damage|p2a: Tyranitar|0 fnt
|faint|p2a: Tyranitar
|
|win|NukeTehSableye
|chat|NukeTehSableye|HHAHAHAHAHAH
|chat|NukeTehSableye|:P IM THE HAX GOD!!!