|join|aj14
|join|ImmortalZac
|player|p1|aj14|152
|player|p2|ImmortalZac|291
|gametype|singles
|gen|6
|tier|OU
|clearpoke
|poke|p1|Clefable, F
|poke|p1|Magnezone
|poke|p1|Terrakion
|poke|p1|Drapion, F
|poke|p1|Dragonite, F
|poke|p1|Kabutops, F
|poke|p2|Tornadus-Therian, M
|poke|p2|Clefable, F
|poke|p2|Gyarados, F
|poke|p2|Sableye, F
|poke|p2|Venusaur, F
|poke|p2|Skarmory, F
|rule|Swagger Clause: Swagger is banned
|rule|Baton Pass Clause: Limit one PokÃ©mon knowing Baton Pass
|rule|Sleep Clause Mod: Limit one foe put to sleep
|rule|Species Clause: Limit one of each PokÃ©mon
|rule|OHKO Clause: OHKO moves are banned
|rule|Moody Clause: Moody is banned
|rule|Evasion Moves Clause: Evasion moves are banned
|rule|Endless Battle Clause: Forcing endless battles is banned
|rule|HP Percentage Mod: HP is shown in percentages
|teampreview
|c|âImmortalZac|drapion is mlg
|c|âImmortalZac|shit i don't have a name for skarmory
|c|âaj14|omg man
|c|âaj14|u have sab and venu
|c|âaj14|the 2 things my team hates
|c|âImmortalZac|you know i like venu.
|
|start
|switch|p1a: Clefable|Clefable, F|394\/394
|switch|p2a: Skarmory|Skarmory, F|334\/334
|turn|1
|
|move|p2a: Skarmory|Spikes|p1a: Clefable
|-sidestart|p1: aj14|Spikes
|move|p1a: Clefable|Calm Mind|p1a: Clefable
|-boost|p1a: Clefable|spa|1
|-boost|p1a: Clefable|spd|1
|
|turn|2
|c|âImmortalZac|shit
|
|move|p1a: Clefable|Moonblast|p2a: Skarmory
|-resisted|p2a: Skarmory
|-damage|p2a: Skarmory|218\/334
|move|p2a: Skarmory|Whirlwind|p1a: Clefable
|drag|p1a: Terrakion|Terrakion|324\/324
|-damage|p1a: Terrakion|284\/324|[from] Spikes
|
|-heal|p2a: Skarmory|238\/334|[from] item: Leftovers
|turn|3
|c|âImmortalZac|i said as i used whirl wind
|join|Cloud212223
|
|switch|p1a: Magnezone|Magnezone|281\/281
|-damage|p1a: Magnezone|246\/281|[from] Spikes
|move|p2a: Skarmory|Spikes|p1a: Magnezone
|-sidestart|p1: aj14|Spikes
|
|-heal|p2a: Skarmory|258\/334|[from] item: Leftovers
|turn|4
|c|âImmortalZac|dat did nice damage
|
|move|p1a: Magnezone|Thunderbolt|p2a: Skarmory
|-supereffective|p2a: Skarmory
|-damage|p2a: Skarmory|0 fnt
|faint|p2a: Skarmory
|
|
|switch|p2a: Garden On Drugs|Venusaur, F|364\/364
|turn|5
|
|switch|p1a: Drapion|Drapion, F|343\/343
|-damage|p1a: Drapion|286\/343|[from] Spikes
|detailschange|p2a: Garden On Drugs|Venusaur-Mega, F
|message|Venusaur has Mega Evolved into Mega Venusaur!
|move|p2a: Garden On Drugs|Sleep Powder|p1a: Drapion
|-status|p1a: Drapion|slp
|
|-heal|p1a: Drapion|307\/343 slp|[from] item: Black Sludge
|turn|6
|
|cant|p1a: Drapion|slp
|move|p2a: Garden On Drugs|Giga Drain|p1a: Drapion
|-resisted|p1a: Drapion
|-damage|p1a: Drapion|243\/343 slp
|
|-heal|p1a: Drapion|264\/343 slp|[from] item: Black Sludge
|turn|7
|leave|Cloud212223
|c|âImmortalZac|dat did nothing
|
|switch|p2a: Gyarados|Gyarados, F|331\/331
|-curestatus|p1a: Drapion|slp
|move|p1a: Drapion|Toxic Spikes|p2a: Gyarados
|-sidestart|p2: ImmortalZac|move: Toxic Spikes
|
|-heal|p1a: Drapion|285\/343|[from] item: Black Sludge
|turn|8
|
|move|p2a: Gyarados|Substitute|p2a: Gyarados
|-start|p2a: Gyarados|Substitute
|-damage|p2a: Gyarados|249\/331
|move|p1a: Drapion|Whirlwind|p2a: Gyarados
|drag|p2a: Bitch Bird|Tornadus-Therian, M|299\/299
|
|-heal|p1a: Drapion|306\/343|[from] item: Black Sludge
|turn|9
|
|switch|p2a: Garden On Drugs|Venusaur-Mega, F|364\/364
|-sideend|p2: ImmortalZac|move: Toxic Spikes|[of] p2a: Garden On Drugs
|move|p1a: Drapion|Knock Off|p2a: Garden On Drugs
|-damage|p2a: Garden On Drugs|306\/364
|
|-heal|p1a: Drapion|327\/343|[from] item: Black Sludge
|turn|10
|c|âImmortalZac|how you doin
|c|âaj14|yo
|
|move|p1a: Drapion|Toxic Spikes|p2a: Garden On Drugs
|-sidestart|p2: ImmortalZac|move: Toxic Spikes
|move|p2a: Garden On Drugs|Sleep Powder|p1a: Drapion
|-status|p1a: Drapion|slp
|
|-heal|p1a: Drapion|343\/343 slp|[from] item: Black Sludge
|turn|11
|c|âaj14|can we wait
|c|âaj14|10 min
|c|âaj14|doom is battling for tourney i need to watch
|c|âImmortalZac|.
|c|âImmortalZac|for?
|c|âaj14|u can leave ill stay in here
|c|âImmortalZac|why?
|c|âImmortalZac|just never mind the battle then lol
|c|âaj14|to keep our game as it is
|c|âImmortalZac|it's fine i just wanted to test this team fast
|c|âaj14|fine ill play
|c|âaj14|and watch
|
|switch|p2a: Bitch Bird|Tornadus-Therian, M|299\/299
|cant|p1a: Drapion|slp
|
|turn|12
|c|âImmortalZac|bitch bird to mlg
|c|âImmortalZac|tbh
|
|move|p2a: Bitch Bird|Hurricane|p1a: Drapion
|-damage|p1a: Drapion|189\/343 slp
|cant|p1a: Drapion|slp
|
|-heal|p1a: Drapion|210\/343 slp|[from] item: Black Sludge
|turn|13
|
|move|p2a: Bitch Bird|Heat Wave|p1a: Drapion
|-damage|p1a: Drapion|118\/343 slp
|cant|p1a: Drapion|slp
|
|-heal|p1a: Drapion|139\/343 slp|[from] item: Black Sludge
|turn|14
|
|move|p2a: Bitch Bird|U-turn|p1a: Drapion
|-damage|p1a: Drapion|87\/343 slp
|
|switch|p2a: Garden On Drugs|Venusaur-Mega, F|306\/364
|-sideend|p2: ImmortalZac|move: Toxic Spikes|[of] p2a: Garden On Drugs
|-curestatus|p1a: Drapion|slp
|move|p1a: Drapion|Knock Off|p2a: Garden On Drugs
|-damage|p2a: Garden On Drugs|248\/364
|
|-heal|p1a: Drapion|108\/343|[from] item: Black Sludge
|turn|15
|c|âImmortalZac|yummy
|
|move|p1a: Drapion|Toxic Spikes|p2a: Garden On Drugs
|-sidestart|p2: ImmortalZac|move: Toxic Spikes
|move|p2a: Garden On Drugs|Synthesis|p2a: Garden On Drugs
|-heal|p2a: Garden On Drugs|364\/364
|
|-heal|p1a: Drapion|129\/343|[from] item: Black Sludge
|turn|16
|
|move|p1a: Drapion|Knock Off|p2a: Garden On Drugs
|-damage|p2a: Garden On Drugs|307\/364
|move|p2a: Garden On Drugs|Sleep Powder|p1a: Drapion
|-status|p1a: Drapion|slp
|
|-heal|p1a: Drapion|150\/343 slp|[from] item: Black Sludge
|turn|17
|
|switch|p2a: Gyarados|Gyarados, F|249\/331
|cant|p1a: Drapion|slp
|
|-heal|p2a: Gyarados|269\/331|[from] item: Leftovers
|-heal|p1a: Drapion|171\/343 slp|[from] item: Black Sludge
|turn|18
|
|move|p2a: Gyarados|Dragon Dance|p2a: Gyarados
|-boost|p2a: Gyarados|atk|1
|-boost|p2a: Gyarados|spe|1
|-curestatus|p1a: Drapion|slp
|move|p1a: Drapion|Whirlwind|p2a: Gyarados
|drag|p2a: Bitch Bird|Tornadus-Therian, M|299\/299
|
|-heal|p1a: Drapion|192\/343|[from] item: Black Sludge
|turn|19
|
|move|p2a: Bitch Bird|Hurricane|p1a: Drapion
|-damage|p1a: Drapion|35\/343
|move|p1a: Drapion|Knock Off|p2a: Bitch Bird
|-damage|p2a: Bitch Bird|152\/299
|-enditem|p2a: Bitch Bird|Leftovers|[from] move: Knock Off|[of] p1a: Drapion
|
|-heal|p1a: Drapion|56\/343|[from] item: Black Sludge
|turn|20
|c|âaj14|kill me al;ready
|
|move|p2a: Bitch Bird|U-turn|p1a: Drapion
|-damage|p1a: Drapion|5\/343
|c|âImmortalZac|never
|
|switch|p2a: Garden On Drugs|Venusaur-Mega, F|307\/364
|-sideend|p2: ImmortalZac|move: Toxic Spikes|[of] p2a: Garden On Drugs
|move|p1a: Drapion|Whirlwind|p2a: Garden On Drugs
|drag|p2a: Gyarados|Gyarados, F|269\/331
|
|-heal|p2a: Gyarados|289\/331|[from] item: Leftovers
|-heal|p1a: Drapion|26\/343|[from] item: Black Sludge
|turn|21
|c|âImmortalZac|btw
|
|move|p2a: Gyarados|Waterfall|p1a: Drapion
|-damage|p1a: Drapion|0 fnt
|faint|p1a: Drapion
|-boost|p2a: Gyarados|atk|1|[from] ability: Moxie
|
|-heal|p2a: Gyarados|309\/331|[from] item: Leftovers
|c|âImmortalZac|should i add earth quake to gyarados
|
|switch|p1a: Kabutops|Kabutops, F|324\/324
|-damage|p1a: Kabutops|270\/324|[from] Spikes
|turn|22
|c|âaj14|na
|
|move|p2a: Gyarados|Substitute|p2a: Gyarados
|-start|p2a: Gyarados|Substitute
|-damage|p2a: Gyarados|227\/331
|move|p1a: Kabutops|Rapid Spin|p2a: Gyarados
|-activate|p2a: Gyarados|Substitute|[damage]
|-sideend|p1: aj14|Spikes|[from] move: Rapid Spin|[of] p1a: Kabutops
|
|-heal|p2a: Gyarados|247\/331|[from] item: Leftovers
|-heal|p1a: Kabutops|290\/324|[from] item: Leftovers
|turn|23
|c|âImmortalZac|k
|
|move|p2a: Gyarados|Dragon Dance|p2a: Gyarados
|-boost|p2a: Gyarados|atk|1
|-boost|p2a: Gyarados|spe|1
|move|p1a: Kabutops|Stealth Rock|p2a: Gyarados
|-sidestart|p2: ImmortalZac|move: Stealth Rock
|
|-heal|p2a: Gyarados|267\/331|[from] item: Leftovers
|-heal|p1a: Kabutops|310\/324|[from] item: Leftovers
|turn|24
|
|switch|p1a: Clefable|Clefable, F|394\/394
|move|p2a: Gyarados|Bounce|p1a: Clefable|[still]
|-prepare|p2a: Gyarados|Bounce|p1a: Clefable
|
|-heal|p2a: Gyarados|287\/331|[from] item: Leftovers
|turn|25
|
|move|p2a: Gyarados|Bounce|p1a: Clefable
|-damage|p1a: Clefable|268\/394
|-status|p1a: Clefable|par
|move|p1a: Clefable|Calm Mind|p1a: Clefable
|-boost|p1a: Clefable|spa|1
|-boost|p1a: Clefable|spd|1
|
|-heal|p2a: Gyarados|307\/331|[from] item: Leftovers
|-heal|p1a: Clefable|292\/394 par|[from] item: Leftovers
|turn|26
|c|âImmortalZac|tat
|c|âImmortalZac|yay *
|
|move|p2a: Gyarados|Waterfall|p1a: Clefable
|-damage|p1a: Clefable|171\/394 par
|cant|p1a: Clefable|par
|
|-heal|p2a: Gyarados|327\/331|[from] item: Leftovers
|-heal|p1a: Clefable|195\/394 par|[from] item: Leftovers
|turn|27
|
|move|p2a: Gyarados|Waterfall|p1a: Clefable
|-crit|p1a: Clefable
|-damage|p1a: Clefable|6\/394 par
|move|p1a: Clefable|Moonblast|p2a: Gyarados
|-end|p2a: Gyarados|Substitute
|
|-heal|p2a: Gyarados|331\/331|[from] item: Leftovers
|-heal|p1a: Clefable|30\/394 par|[from] item: Leftovers
|turn|28
|
|move|p2a: Gyarados|Dragon Dance|p2a: Gyarados
|-boost|p2a: Gyarados|atk|1
|-boost|p2a: Gyarados|spe|1
|move|p1a: Clefable|Moonlight|p1a: Clefable
|-heal|p1a: Clefable|227\/394 par
|
|-heal|p1a: Clefable|251\/394 par|[from] item: Leftovers
|turn|29
|
|move|p2a: Gyarados|Waterfall|p1a: Clefable
|-damage|p1a: Clefable|125\/394 par
|move|p1a: Clefable|Moonlight|p1a: Clefable
|-heal|p1a: Clefable|322\/394 par
|
|-heal|p1a: Clefable|346\/394 par|[from] item: Leftovers
|turn|30
|
|move|p2a: Gyarados|Waterfall|p1a: Clefable
|-damage|p1a: Clefable|214\/394 par
|cant|p1a: Clefable|flinch
|
|-heal|p1a: Clefable|238\/394 par|[from] item: Leftovers
|turn|31
|
|move|p2a: Gyarados|Waterfall|p1a: Clefable
|-damage|p1a: Clefable|108\/394 par
|cant|p1a: Clefable|par
|
|-heal|p1a: Clefable|132\/394 par|[from] item: Leftovers
|turn|32
|c|âImmortalZac|legit
|c|âaj14|this is fucking gay
|c|âImmortalZac|para pls
|
|move|p2a: Gyarados|Waterfall|p1a: Clefable
|-damage|p1a: Clefable|12\/394 par
|move|p1a: Clefable|Moonlight|p1a: Clefable
|-heal|p1a: Clefable|209\/394 par
|
|-heal|p1a: Clefable|233\/394 par|[from] item: Leftovers
|turn|33
|c|âImmortalZac|damn it
|
|move|p2a: Gyarados|Waterfall|p1a: Clefable
|-damage|p1a: Clefable|118\/394 par
|move|p1a: Clefable|Moonlight|p1a: Clefable
|-heal|p1a: Clefable|315\/394 par
|
|-heal|p1a: Clefable|339\/394 par|[from] item: Leftovers
|turn|34
|c|âImmortalZac|where is the para
|
|move|p2a: Gyarados|Bounce|p1a: Clefable|[still]
|-prepare|p2a: Gyarados|Bounce|p1a: Clefable
|cant|p1a: Clefable|par
|
|-heal|p1a: Clefable|363\/394 par|[from] item: Leftovers
|turn|35
|
|move|p2a: Gyarados|Bounce|p1a: Clefable
|-damage|p1a: Clefable|237\/394 par
|move|p1a: Clefable|Moonblast|p2a: Gyarados
|-damage|p2a: Gyarados|166\/331
|
|-heal|p2a: Gyarados|186\/331|[from] item: Leftovers
|-heal|p1a: Clefable|261\/394 par|[from] item: Leftovers
|turn|36
|c|âImmortalZac|yeaaa give me that like 80 more times
|
|move|p2a: Gyarados|Waterfall|p1a: Clefable
|-damage|p1a: Clefable|134\/394 par
|move|p1a: Clefable|Moonlight|p1a: Clefable
|-heal|p1a: Clefable|331\/394 par
|
|-heal|p2a: Gyarados|206\/331|[from] item: Leftovers
|-heal|p1a: Clefable|355\/394 par|[from] item: Leftovers
|turn|37
|
|move|p2a: Gyarados|Waterfall|p1a: Clefable
|-damage|p1a: Clefable|228\/394 par
|move|p1a: Clefable|Moonblast|p2a: Gyarados
|-damage|p2a: Gyarados|37\/331
|
|-heal|p2a: Gyarados|57\/331|[from] item: Leftovers
|-heal|p1a: Clefable|252\/394 par|[from] item: Leftovers
|turn|38
|c|âImmortalZac|how to go kno where in a fite
|
|move|p2a: Gyarados|Waterfall|p1a: Clefable
|-damage|p1a: Clefable|119\/394 par
|move|p1a: Clefable|Moonlight|p1a: Clefable
|-heal|p1a: Clefable|316\/394 par
|
|-heal|p2a: Gyarados|77\/331|[from] item: Leftovers
|-heal|p1a: Clefable|340\/394 par|[from] item: Leftovers
|turn|39
|
|move|p2a: Gyarados|Waterfall|p1a: Clefable
|-damage|p1a: Clefable|220\/394 par
|move|p1a: Clefable|Moonblast|p2a: Gyarados
|-damage|p2a: Gyarados|0 fnt
|faint|p2a: Gyarados
|
|-heal|p1a: Clefable|244\/394 par|[from] item: Leftovers
|c|âImmortalZac|parrra
|c|âImmortalZac|para
|c|âImmortalZac|para
|c|âImmortalZac|ninfsfs
|
|switch|p2a: Phat Nurse|Clefable, F|394\/394
|-damage|p2a: Phat Nurse|345\/394|[from] Stealth Rock
|turn|40
|
|switch|p1a: Magnezone|Magnezone|246\/281
|move|p2a: Phat Nurse|Calm Mind|p2a: Phat Nurse
|-boost|p2a: Phat Nurse|spa|1
|-boost|p2a: Phat Nurse|spd|1
|
|-heal|p2a: Phat Nurse|369\/394|[from] item: Leftovers
|turn|41
|
|move|p1a: Magnezone|Flash Cannon|p2a: Phat Nurse
|-supereffective|p2a: Phat Nurse
|-damage|p2a: Phat Nurse|147\/394
|move|p2a: Phat Nurse|Moonlight|p2a: Phat Nurse
|-heal|p2a: Phat Nurse|344\/394
|
|-heal|p2a: Phat Nurse|368\/394|[from] item: Leftovers
|turn|42
|
|move|p1a: Magnezone|Flash Cannon|p2a: Phat Nurse
|-crit|p2a: Phat Nurse
|-supereffective|p2a: Phat Nurse
|-damage|p2a: Phat Nurse|0 fnt
|faint|p2a: Phat Nurse
|
|c|âImmortalZac|.
|c|âImmortalZac|fuck you
|
|switch|p2a: Bitch Bird|Tornadus-Therian, M|251\/299
|-damage|p2a: Bitch Bird|177\/299|[from] Stealth Rock
|turn|43
|
|switch|p1a: Kabutops|Kabutops, F|310\/324
|move|p2a: Bitch Bird|Heat Wave|p1a: Kabutops
|-resisted|p1a: Kabutops
|-damage|p1a: Kabutops|279\/324
|
|-heal|p1a: Kabutops|299\/324|[from] item: Leftovers
|turn|44
|c|âaj14|shoulda used battle armor
|
|move|p2a: Bitch Bird|Hurricane|p1a: Kabutops
|-resisted|p1a: Kabutops
|-damage|p1a: Kabutops|179\/324
|move|p1a: Kabutops|Stone Edge|p2a: Bitch Bird
|-supereffective|p2a: Bitch Bird
|-damage|p2a: Bitch Bird|0 fnt
|faint|p2a: Bitch Bird
|
|-heal|p1a: Kabutops|199\/324|[from] item: Leftovers
|
|switch|p2a: Mime|Sableye, F|262\/262
|-damage|p2a: Mime|230\/262|[from] Stealth Rock
|turn|45
|
|switch|p1a: Clefable|Clefable, F|244\/394 par
|move|p2a: Mime|Will-O-Wisp|p1a: Clefable
|-fail|p1a: Clefable
|
|-heal|p2a: Mime|246\/262|[from] item: Leftovers
|-heal|p1a: Clefable|268\/394 par|[from] item: Leftovers
|turn|46
|c|âImmortalZac|how dare you
|
|move|p2a: Mime|Taunt|p1a: Clefable
|-start|p1a: Clefable|move: Taunt
|cant|p1a: Clefable|move: Taunt|Calm Mind
|
|-heal|p2a: Mime|262\/262|[from] item: Leftovers
|-heal|p1a: Clefable|292\/394 par|[from] item: Leftovers
|turn|47
|
|switch|p1a: Kabutops|Kabutops, F|199\/324
|move|p2a: Mime|Foul Play|p1a: Kabutops
|-damage|p1a: Kabutops|115\/324
|
|-heal|p1a: Kabutops|135\/324|[from] item: Leftovers
|turn|48
|
|move|p1a: Kabutops|Stone Edge|p2a: Mime
|-damage|p2a: Mime|117\/262
|move|p2a: Mime|Foul Play|p1a: Kabutops
|-crit|p1a: Kabutops
|-damage|p1a: Kabutops|12\/324
|
|-heal|p1a: Kabutops|32\/324|[from] item: Leftovers
|-heal|p2a: Mime|133\/262|[from] item: Leftovers
|turn|49
|
|move|p2a: Mime|Recover|p2a: Mime
|-heal|p2a: Mime|262\/262
|move|p1a: Kabutops|Stone Edge|p2a: Mime
|-damage|p2a: Mime|123\/262
|
|-heal|p1a: Kabutops|52\/324|[from] item: Leftovers
|-heal|p2a: Mime|139\/262|[from] item: Leftovers
|turn|50
|
|move|p2a: Mime|Will-O-Wisp|p1a: Kabutops
|-status|p1a: Kabutops|brn
|move|p1a: Kabutops|Waterfall|p2a: Mime
|-crit|p2a: Mime
|-damage|p2a: Mime|46\/262
|
|-heal|p1a: Kabutops|72\/324 brn|[from] item: Leftovers
|-heal|p2a: Mime|62\/262|[from] item: Leftovers
|-damage|p1a: Kabutops|32\/324 brn|[from] brn
|turn|51
|c|âImmortalZac|ffs
|c|âImmortalZac|where were my crits <\/3
|
|switch|p1a: Clefable|Clefable, F|292\/394 par
|move|p2a: Mime|Recover|p2a: Mime
|-heal|p2a: Mime|193\/262
|
|-heal|p2a: Mime|209\/262|[from] item: Leftovers
|-heal|p1a: Clefable|316\/394 par|[from] item: Leftovers
|turn|52
|
|switch|p2a: Garden On Drugs|Venusaur-Mega, F|307\/364
|-damage|p2a: Garden On Drugs|262\/364|[from] Stealth Rock
|cant|p1a: Clefable|par
|
|-heal|p1a: Clefable|340\/394 par|[from] item: Leftovers
|turn|53
|
|switch|p1a: Kabutops|Kabutops, F|32\/324 brn
|move|p2a: Garden On Drugs|Sludge Bomb|p1a: Kabutops
|-resisted|p1a: Kabutops
|-damage|p1a: Kabutops|0 fnt
|faint|p1a: Kabutops
|
|
|switch|p1a: Dragonite|Dragonite, F|323\/323
|turn|54
|
|switch|p1a: Magnezone|Magnezone|246\/281
|move|p2a: Garden On Drugs|Sleep Powder|p1a: Magnezone
|-status|p1a: Magnezone|slp
|
|turn|55
|
|switch|p1a: Terrakion|Terrakion|284\/324
|move|p2a: Garden On Drugs|Giga Drain|p1a: Terrakion
|-supereffective|p1a: Terrakion
|-damage|p1a: Terrakion|0 fnt
|-heal|p2a: Garden On Drugs|364\/364|[from] drain|[of] p1a: Terrakion
|faint|p1a: Terrakion
|
|
|switch|p1a: Dragonite|Dragonite, F|323\/323
|turn|56
|c|âImmortalZac|sending this gonna take a while
|
|move|p1a: Dragonite|Dragon Dance|p1a: Dragonite
|-boost|p1a: Dragonite|atk|1
|-boost|p1a: Dragonite|spe|1
|move|p2a: Garden On Drugs|Sludge Bomb|p1a: Dragonite
|-damage|p1a: Dragonite|221\/323
|-status|p1a: Dragonite|psn
|
|-damage|p1a: Dragonite|181\/323 psn|[from] psn
|turn|57
|c|âImmortalZac|lel
|c|âaj14|omfg
|
|move|p1a: Dragonite|Dragon Claw|p2a: Garden On Drugs
|-damage|p2a: Garden On Drugs|169\/364
|move|p2a: Garden On Drugs|Sludge Bomb|p1a: Dragonite
|-damage|p1a: Dragonite|0 fnt
|faint|p1a: Dragonite
|
|c|âImmortalZac|30%
|c|âImmortalZac|to be fair
|
|switch|p1a: Magnezone|Magnezone|246\/281 slp
|turn|58
|
|cant|p1a: Magnezone|slp
|move|p2a: Garden On Drugs|Sleep Powder|p1a: Magnezone|[miss]
|-miss|p2a: Garden On Drugs|p1a: Magnezone
|
|turn|59
|c|âImmortalZac|shit
|c|âImmortalZac|missclick
|
|-curestatus|p1a: Magnezone|slp
|move|p1a: Magnezone|Flash Cannon|p2a: Garden On Drugs
|-damage|p2a: Garden On Drugs|43\/364
|move|p2a: Garden On Drugs|Synthesis|p2a: Garden On Drugs
|-heal|p2a: Garden On Drugs|225\/364
|
|turn|60
|
|move|p1a: Magnezone|Flash Cannon|p2a: Garden On Drugs
|-damage|p2a: Garden On Drugs|98\/364
|move|p2a: Garden On Drugs|Sleep Powder|p1a: Magnezone
|-status|p1a: Magnezone|slp
|
|turn|61
|
|cant|p1a: Magnezone|slp
|move|p2a: Garden On Drugs|Synthesis|p2a: Garden On Drugs
|-heal|p2a: Garden On Drugs|280\/364
|
|turn|62
|
|-curestatus|p1a: Magnezone|slp
|move|p1a: Magnezone|Flash Cannon|p2a: Garden On Drugs
|-damage|p2a: Garden On Drugs|153\/364
|move|p2a: Garden On Drugs|Giga Drain|p1a: Magnezone
|-resisted|p1a: Magnezone
|-damage|p1a: Magnezone|176\/281
|-heal|p2a: Garden On Drugs|188\/364|[from] drain|[of] p1a: Magnezone
|
|turn|63
|
|move|p1a: Magnezone|Flash Cannon|p2a: Garden On Drugs
|-damage|p2a: Garden On Drugs|73\/364
|move|p2a: Garden On Drugs|Synthesis|p2a: Garden On Drugs
|-heal|p2a: Garden On Drugs|255\/364
|
|turn|64
|
|move|p1a: Magnezone|Flash Cannon|p2a: Garden On Drugs
|-damage|p2a: Garden On Drugs|126\/364
|move|p2a: Garden On Drugs|Synthesis|p2a: Garden On Drugs
|-heal|p2a: Garden On Drugs|308\/364
|
|turn|65
|
|move|p1a: Magnezone|Flash Cannon|p2a: Garden On Drugs
|-damage|p2a: Garden On Drugs|178\/364
|-unboost|p2a: Garden On Drugs|spd|1
|move|p2a: Garden On Drugs|Sleep Powder|p1a: Magnezone
|-status|p1a: Magnezone|slp
|
|turn|66
|
|cant|p1a: Magnezone|slp
|move|p2a: Garden On Drugs|Giga Drain|p1a: Magnezone
|-resisted|p1a: Magnezone
|-damage|p1a: Magnezone|98\/281 slp
|-heal|p2a: Garden On Drugs|217\/364|[from] drain|[of] p1a: Magnezone
|
|turn|67
|c|âImmortalZac|ooh...
|
|-curestatus|p1a: Magnezone|slp
|move|p1a: Magnezone|Flash Cannon|p2a: Garden On Drugs
|-damage|p2a: Garden On Drugs|31\/364
|move|p2a: Garden On Drugs|Synthesis|p2a: Garden On Drugs
|-heal|p2a: Garden On Drugs|213\/364
|
|turn|68
|
|switch|p2a: Mime|Sableye, F|209\/262
|-damage|p2a: Mime|177\/262|[from] Stealth Rock
|move|p1a: Magnezone|Flash Cannon|p2a: Mime
|-damage|p2a: Mime|2\/262
|
|-heal|p2a: Mime|18\/262|[from] item: Leftovers
|turn|69
|
|move|p2a: Mime|Will-O-Wisp|p1a: Magnezone
|-status|p1a: Magnezone|brn
|move|p1a: Magnezone|Flash Cannon|p2a: Mime
|-damage|p2a: Mime|0 fnt
|faint|p2a: Mime
|
|-damage|p1a: Magnezone|63\/281 brn|[from] brn
|
|switch|p2a: Garden On Drugs|Venusaur-Mega, F|213\/364
|-damage|p2a: Garden On Drugs|168\/364|[from] Stealth Rock
|turn|70
|c|âaj14|crit plz ty
|
|move|p1a: Magnezone|Flash Cannon|p2a: Garden On Drugs
|-damage|p2a: Garden On Drugs|48\/364
|move|p2a: Garden On Drugs|Synthesis|p2a: Garden On Drugs
|-heal|p2a: Garden On Drugs|230\/364
|
|-damage|p1a: Magnezone|28\/281 brn|[from] brn
|turn|71
|
|move|p1a: Magnezone|Flash Cannon|p2a: Garden On Drugs
|-damage|p2a: Garden On Drugs|113\/364
|move|p2a: Garden On Drugs|Synthesis|p2a: Garden On Drugs
|-heal|p2a: Garden On Drugs|295\/364
|
|-damage|p1a: Magnezone|0 fnt|[from] brn
|faint|p1a: Magnezone
|c|âImmortalZac|gg if no crit
|c|âImmortalZac|gg
|
|switch|p1a: Clefable|Clefable, F|340\/394 par
|turn|72
|c|âImmortalZac|phew
|
|move|p2a: Garden On Drugs|Sludge Bomb|p1a: Clefable
|-supereffective|p1a: Clefable
|-damage|p1a: Clefable|0 fnt
|faint|p1a: Clefable
|
|win|ImmortalZac
|c|âaj14|gg
|c|âImmortalZac|gg
|leave|aj14
|player|p1