|join|aj14
|join|xXTaiXx
|player|p1|aj14|285
|player|p2|xXTaiXx|290
|gametype|singles
|gen|6
|tier|OU
|clearpoke
|poke|p1|Dragalge, M, shiny
|poke|p1|Camerupt, F
|poke|p1|Cresselia, F
|poke|p1|Porygon2
|poke|p1|Wailord, F
|poke|p1|Bronzong
|poke|p2|Arcanine, M
|poke|p2|Talonflame, M
|poke|p2|Escavalier, M
|poke|p2|Dragalge, F, shiny
|poke|p2|Azumarill, M, shiny
|poke|p2|Sharpedo, M
|rule|Swagger Clause: Swagger is banned
|rule|Baton Pass Clause: Limit one PokÃ©mon knowing Baton Pass
|rule|Sleep Clause Mod: Limit one foe put to sleep
|rule|Species Clause: Limit one of each PokÃ©mon
|rule|OHKO Clause: OHKO moves are banned
|rule|Moody Clause: Moody is banned
|rule|Evasion Moves Clause: Evasion moves are banned
|rule|Endless Battle Clause: Forcing endless battles is banned
|rule|HP Percentage Mod: HP is shown in percentages
|teampreview
|c|âxXTaiXx|that wailord
|c|âxXTaiXx|big ass
|c|âaj14|why do u always use the firrst 3 mons wtf
|c|âxXTaiXx|?
|
|start
|switch|p1a: Bronzong|Bronzong|337\/337
|switch|p2a: DarkArca9|Arcanine, M|340\/340
|turn|1
|
|move|p2a: DarkArca9|Flare Blitz|p1a: Bronzong
|-supereffective|p1a: Bronzong
|-damage|p1a: Bronzong|0 fnt
|-damage|p2a: DarkArca9|229\/340|[from] recoil|[of] p1a: Bronzong
|-damage|p2a: DarkArca9|195\/340|[from] item: Life Orb
|faint|p1a: Bronzong
|
|
|switch|p1a: Dragalge|Dragalge, M, shiny|333\/333
|turn|2
|
|switch|p2a: Azumarill|Azumarill, M, shiny|404\/404
|move|p1a: Dragalge|Scald|p2a: Azumarill
|-resisted|p2a: Azumarill
|-damage|p2a: Azumarill|354\/404
|
|turn|3
|
|switch|p1a: Cresselia|Cresselia, F|444\/444
|move|p2a: Azumarill|Waterfall|p1a: Cresselia
|-damage|p1a: Cresselia|291\/444
|
|turn|4
|
|move|p1a: Cresselia|Trick|p2a: Azumarill
|-activate|p1a: Cresselia|move: Trick|[of] p2a: Azumarill
|-item|p2a: Azumarill|Choice Scarf|[from] move: Trick
|-item|p1a: Cresselia|Assault Vest|[from] move: Trick
|move|p2a: Azumarill|Play Rough|p1a: Cresselia
|-damage|p1a: Cresselia|126\/444
|
|turn|5
|c|âxXTaiXx|thanks
|c|âaj14|np
|c|âxXTaiXx|choice scarf gonna be fun
|
|switch|p1a: Camerupt|Camerupt, F|281\/281
|move|p2a: Azumarill|Play Rough|p1a: Camerupt
|-resisted|p1a: Camerupt
|-damage|p1a: Camerupt|162\/281
|
|turn|6
|c|âxXTaiXx| :)
|
|switch|p2a: DarkArca9|Arcanine, M|195\/340
|detailschange|p1a: Camerupt|Camerupt-Mega, F
|message|Camerupt has Mega Evolved into Mega Camerupt!
|move|p1a: Camerupt|Earth Power|p2a: DarkArca9
|-supereffective|p2a: DarkArca9
|-damage|p2a: DarkArca9|0 fnt
|faint|p2a: DarkArca9
|
|
|switch|p2a: Azumarill|Azumarill, M, shiny|354\/404
|turn|7
|
|switch|p1a: Dragalge|Dragalge, M, shiny|333\/333
|move|p2a: Azumarill|Waterfall|p1a: Dragalge
|-resisted|p1a: Dragalge
|-damage|p1a: Dragalge|243\/333
|
|turn|8
|
|move|p2a: Azumarill|Waterfall|p1a: Dragalge
|-resisted|p1a: Dragalge
|-damage|p1a: Dragalge|141\/333
|move|p1a: Dragalge|Draco Meteor|p2a: Azumarill
|-immune|p2a: Azumarill|[msg]
|
|turn|9
|c|âaj14|.
|
|switch|p1a: Wailord|Wailord, F|481\/481
|move|p2a: Azumarill|Waterfall|p1a: Wailord
|-resisted|p1a: Wailord
|-damage|p1a: Wailord|325\/481
|
|turn|10
|c|âxXTaiXx|lmao
|
|switch|p2a: Sharpedo|Sharpedo, M|281\/281
|move|p1a: Wailord|Self-Destruct|p2a: Sharpedo
|-damage|p2a: Sharpedo|0 fnt
|faint|p1a: Wailord
|faint|p2a: Sharpedo
|
|c|âxXTaiXx|wow
|c|âaj14|lol
|
|switch|p2a: Azumarill|Azumarill, M, shiny|354\/404
|switch|p1a: Cresselia|Cresselia, F|126\/444
|turn|11
|c|âxXTaiXx|gay
|join|DoomX
|
|move|p2a: Azumarill|Waterfall|p1a: Cresselia
|-damage|p1a: Cresselia|0 fnt
|faint|p1a: Cresselia
|
|c|âxXTaiXx|i love this scarf
|c|âxXTaiXx|AJ
|
|switch|p1a: Porygon2|Porygon2|374\/374
|-boost|p1a: Porygon2|atk|1|[from] ability: Download
|turn|12
|c|âxXTaiXx|it looks nice
|c|âxXTaiXx| :)
|c|âaj14|that assault vest i took fucked me up hard
|
|switch|p2a: Knight|Escavalier, M|344\/344
|move|p1a: Porygon2|Trick Room|p1a: Porygon2
|-fieldstart|move: Trick Room|[of] p1a: Porygon2
|
|turn|13
|c| DoomX|rofl
|c|âxXTaiXx|oh yis
|
|move|p2a: Knight|Swords Dance|p2a: Knight
|-boost|p2a: Knight|atk|2
|move|p1a: Porygon2|Tri Attack|p2a: Knight
|-resisted|p2a: Knight
|-damage|p2a: Knight|284\/344
|
|-heal|p2a: Knight|305\/344|[from] item: Leftovers
|turn|14
|c|âxXTaiXx|thanks AJ
|c|âxXTaiXx| :)
|c|âaj14|what teh fuck
|c| DoomX|damn gg
|c|âxXTaiXx|lmao
|
|switch|p1a: Dragalge|Dragalge, M, shiny|141\/333
|move|p2a: Knight|Megahorn|p1a: Dragalge
|-crit|p1a: Dragalge
|-resisted|p1a: Dragalge
|-damage|p1a: Dragalge|0 fnt
|faint|p1a: Dragalge
|
|-heal|p2a: Knight|326\/344|[from] item: Leftovers
|
|switch|p1a: Camerupt|Camerupt-Mega, F|162\/281
|turn|15
|
|move|p1a: Camerupt|Fire Blast|p2a: Knight
|-supereffective|p2a: Knight
|-damage|p2a: Knight|0 fnt
|faint|p2a: Knight
|
|c|âxXTaiXx|aww
|c| DoomX|oh same base speeds
|
|switch|p2a: Azumarill|Azumarill, M, shiny|354\/404
|turn|16
|
|switch|p1a: Porygon2|Porygon2|374\/374
|-boost|p1a: Porygon2|atk|1|[from] ability: Download
|move|p2a: Azumarill|Brick Break|p1a: Porygon2
|-supereffective|p1a: Porygon2
|-damage|p1a: Porygon2|214\/374
|
|-fieldend|move: Trick Room
|turn|17
|c| DoomX|oo
|
|move|p2a: Azumarill|Brick Break|p1a: Porygon2
|-crit|p1a: Porygon2
|-supereffective|p1a: Porygon2
|-damage|p1a: Porygon2|0 fnt
|faint|p1a: Porygon2
|
|c|âaj14|seriously
|c| DoomX|ooooo
|c|âxXTaiXx|aj got rekt
|c|âaj14|there goes my sweep
|c|âaj14|ffs
|
|switch|p1a: Camerupt|Camerupt-Mega, F|162\/281
|turn|18
|
|move|p2a: Azumarill|Brick Break|p1a: Camerupt
|-damage|p1a: Camerupt|60\/281
|move|p1a: Camerupt|Rock Slide|p2a: Azumarill
|-miss|p1a: Camerupt|p2a: Azumarill
|
|turn|19
|c|âaj14|smh
|c|âxXTaiXx|lol
|
|move|p2a: Azumarill|Brick Break|p1a: Camerupt
|-damage|p1a: Camerupt|0 fnt
|faint|p1a: Camerupt
|
|win|xXTaiXx
|leave|aj14
|player|p1