|join|TheFieriestCorona
|join|aj14
|player|p1|TheFieriestCorona|291
|player|p2|aj14|279
|gametype|singles
|gen|6
|tier|OU
|clearpoke
|poke|p1|Scizor, M, shiny
|poke|p1|Landorus-Therian, M, shiny
|poke|p1|Clefable, F, shiny
|poke|p1|Goodra, M
|poke|p1|Rotom-Wash
|poke|p1|Talonflame, F
|poke|p2|Greninja, M, shiny
|poke|p2|Azumarill, F, shiny
|poke|p2|Breloom, F
|poke|p2|Tyranitar, M
|poke|p2|Latios, M
|poke|p2|Clefable, F
|rule|Swagger Clause: Swagger is banned
|rule|Baton Pass Clause: Limit one PokÃ©mon knowing Baton Pass
|rule|Sleep Clause Mod: Limit one foe put to sleep
|rule|Species Clause: Limit one of each PokÃ©mon
|rule|OHKO Clause: OHKO moves are banned
|rule|Moody Clause: Moody is banned
|rule|Evasion Moves Clause: Evasion moves are banned
|rule|Endless Battle Clause: Forcing endless battles is banned
|rule|HP Percentage Mod: HP is shown in percentages
|teampreview
|c|âTheFieriestCorona|Ah fuck
|
|start
|switch|p1a: Landorus-Therian|Landorus-Therian, M, shiny|319\/319
|switch|p2a: Tyranitar|Tyranitar, M|404\/404
|-ability|p1a: Landorus-Therian|Intimidate|[of] p2a: Tyranitar
|-unboost|p2a: Tyranitar|atk|1
|-weather|Sandstorm
|turn|1
|
|switch|p2a: Latios|Latios, M|301\/301
|move|p1a: Landorus-Therian|Stealth Rock|p2a: Latios
|-sidestart|p2: aj14|move: Stealth Rock
|
|-weather|Sandstorm|[upkeep]
|-damage|p2a: Latios|283\/301|[from] sandstorm
|turn|2
|
|switch|p1a: Clefable|Clefable, F, shiny|394\/394
|move|p2a: Latios|Defog|p1a: Clefable
|-unboost|p1a: Clefable|evasion|1
|-sideend|p2: aj14|Stealth Rock|[from] move: Defog|[of] p2a: Latios
|
|-weather|Sandstorm|[upkeep]
|-damage|p2a: Latios|265\/301|[from] sandstorm
|turn|3
|
|switch|p2a: Tyranitar|Tyranitar, M|404\/404
|move|p1a: Clefable|Moonblast|p2a: Tyranitar
|-supereffective|p2a: Tyranitar
|-damage|p2a: Tyranitar|272\/404
|-unboost|p2a: Tyranitar|spa|1
|
|-weather|Sandstorm|[upkeep]
|turn|4
|c|âTheFieriestCorona|oooh
|
|move|p1a: Clefable|Moonblast|p2a: Tyranitar
|-crit|p2a: Tyranitar
|-supereffective|p2a: Tyranitar
|-damage|p2a: Tyranitar|66\/404
|-unboost|p2a: Tyranitar|spa|1
|move|p2a: Tyranitar|Stealth Rock|p1a: Clefable
|-sidestart|p1: TheFieriestCorona|move: Stealth Rock
|
|-weather|Sandstorm|[upkeep]
|turn|5
|
|switch|p1a: Scizor|Scizor, M, shiny|343\/343
|-damage|p1a: Scizor|301\/343|[from] Stealth Rock
|switch|p2a: Priscilla|Clefable, F|394\/394
|
|-weather|none
|turn|6
|
|detailschange|p1a: Scizor|Scizor-Mega, M, shiny
|message|Scizor has Mega Evolved into Mega Scizor!
|move|p1a: Scizor|Bullet Punch|p2a: Priscilla
|-supereffective|p2a: Priscilla
|-damage|p2a: Priscilla|196\/394
|move|p2a: Priscilla|Flamethrower|p1a: Scizor
|-supereffective|p1a: Scizor
|-damage|p1a: Scizor|29\/343
|
|-heal|p2a: Priscilla|220\/394|[from] item: Leftovers
|turn|7
|
|switch|p2a: Tyranitar|Tyranitar, M|66\/404
|-weather|Sandstorm
|move|p1a: Scizor|Bullet Punch|p2a: Tyranitar
|-supereffective|p2a: Tyranitar
|-damage|p2a: Tyranitar|0 fnt
|faint|p2a: Tyranitar
|
|-weather|Sandstorm|[upkeep]
|
|switch|p2a: Artorias|Greninja, M, shiny|285\/285
|turn|8
|
|move|p2a: Artorias|Extrasensory|p1a: Scizor
|-start|p2a: Artorias|typechange|Psychic|[from] Protean
|-crit|p1a: Scizor
|-resisted|p1a: Scizor
|-damage|p1a: Scizor|0 fnt
|-damage|p2a: Artorias|257\/285|[from] item: Life Orb
|faint|p1a: Scizor
|
|-weather|Sandstorm|[upkeep]
|-damage|p2a: Artorias|240\/285|[from] sandstorm
|c|âTheFieriestCorona|Wiw
|
|switch|p1a: Talonflame|Talonflame, F|297\/297
|-damage|p1a: Talonflame|149\/297|[from] Stealth Rock
|turn|9
|
|move|p1a: Talonflame|Brave Bird|p2a: Artorias
|-damage|p2a: Artorias|0 fnt
|-damage|p1a: Talonflame|70\/297|[from] recoil|[of] p2a: Artorias
|faint|p2a: Artorias
|
|-weather|Sandstorm|[upkeep]
|-damage|p1a: Talonflame|52\/297|[from] sandstorm
|
|switch|p2a: Latios|Latios, M|265\/301
|turn|10
|
|move|p1a: Talonflame|Roost|p1a: Talonflame
|-heal|p1a: Talonflame|201\/297
|move|p2a: Latios|Thunderbolt|p1a: Talonflame
|-damage|p1a: Talonflame|10\/297
|-status|p1a: Talonflame|par
|-damage|p2a: Latios|235\/301|[from] item: Life Orb
|
|-weather|Sandstorm|[upkeep]
|-damage|p2a: Latios|217\/301|[from] sandstorm
|-damage|p1a: Talonflame|0 fnt|[from] sandstorm
|faint|p1a: Talonflame
|c|âTheFieriestCorona|SERIOUSLY
|c|âaj14|?
|
|switch|p1a: Rotom-Wash|Rotom-Wash|303\/303
|-damage|p1a: Rotom-Wash|266\/303|[from] Stealth Rock
|turn|11
|
|switch|p2a: Priscilla|Clefable, F|220\/394
|move|p1a: Rotom-Wash|Will-O-Wisp|p2a: Priscilla
|-status|p2a: Priscilla|brn
|
|-weather|none
|-heal|p1a: Rotom-Wash|284\/303|[from] item: Leftovers
|-heal|p2a: Priscilla|244\/394 brn|[from] item: Leftovers
|turn|12
|
|move|p1a: Rotom-Wash|Volt Switch|p2a: Priscilla
|-damage|p2a: Priscilla|169\/394 brn
|
|switch|p1a: Clefable|Clefable, F, shiny|394\/394
|move|p2a: Priscilla|Soft-Boiled|p2a: Priscilla
|-heal|p2a: Priscilla|366\/394 brn
|
|-heal|p2a: Priscilla|390\/394 brn|[from] item: Leftovers
|turn|13
|c|âTheFieriestCorona|welp
|c|âaj14|i have nothing for this
|
|move|p2a: Priscilla|Moonblast|p1a: Clefable
|-damage|p1a: Clefable|306\/394
|-unboost|p1a: Clefable|spa|1
|move|p1a: Clefable|Moonblast|p2a: Priscilla
|-damage|p2a: Priscilla|329\/394 brn
|
|-heal|p1a: Clefable|330\/394|[from] item: Leftovers
|-heal|p2a: Priscilla|353\/394 brn|[from] item: Leftovers
|turn|14
|
|switch|p1a: Rotom-Wash|Rotom-Wash|284\/303
|-damage|p1a: Rotom-Wash|247\/303|[from] Stealth Rock
|move|p2a: Priscilla|Moonblast|p1a: Rotom-Wash
|-damage|p1a: Rotom-Wash|136\/303
|
|-heal|p1a: Rotom-Wash|154\/303|[from] item: Leftovers
|-heal|p2a: Priscilla|377\/394 brn|[from] item: Leftovers
|turn|15
|
|move|p1a: Rotom-Wash|Pain Split|p2a: Priscilla
|-sethp|p2a: Priscilla|265\/394 brn|p1a: Rotom-Wash|265\/303|[from] move: Pain Split
|move|p2a: Priscilla|Moonblast|p1a: Rotom-Wash
|-damage|p1a: Rotom-Wash|159\/303
|-unboost|p1a: Rotom-Wash|spa|1
|
|-heal|p1a: Rotom-Wash|177\/303|[from] item: Leftovers
|-heal|p2a: Priscilla|289\/394 brn|[from] item: Leftovers
|turn|16
|
|move|p1a: Rotom-Wash|Pain Split|p2a: Priscilla
|-sethp|p2a: Priscilla|233\/394 brn|p1a: Rotom-Wash|233\/303|[from] move: Pain Split
|move|p2a: Priscilla|Moonblast|p1a: Rotom-Wash
|-damage|p1a: Rotom-Wash|130\/303
|
|-heal|p1a: Rotom-Wash|148\/303|[from] item: Leftovers
|-heal|p2a: Priscilla|257\/394 brn|[from] item: Leftovers
|turn|17
|
|move|p1a: Rotom-Wash|Hydro Pump|p2a: Priscilla
|-damage|p2a: Priscilla|181\/394 brn
|move|p2a: Priscilla|Thunder Wave|p1a: Rotom-Wash
|-fail|p1a: Rotom-Wash
|
|-heal|p1a: Rotom-Wash|166\/303|[from] item: Leftovers
|-heal|p2a: Priscilla|205\/394 brn|[from] item: Leftovers
|turn|18
|
|move|p1a: Rotom-Wash|Hydro Pump|p2a: Priscilla
|-damage|p2a: Priscilla|118\/394 brn
|move|p2a: Priscilla|Moonblast|p1a: Rotom-Wash
|-damage|p1a: Rotom-Wash|69\/303
|-unboost|p1a: Rotom-Wash|spa|1
|
|-heal|p1a: Rotom-Wash|87\/303|[from] item: Leftovers
|-heal|p2a: Priscilla|142\/394 brn|[from] item: Leftovers
|turn|19
|
|move|p1a: Rotom-Wash|Volt Switch|p2a: Priscilla
|-damage|p2a: Priscilla|103\/394 brn
|
|switch|p1a: Clefable|Clefable, F, shiny|330\/394
|move|p2a: Priscilla|Moonblast|p1a: Clefable
|-damage|p1a: Clefable|236\/394
|
|-heal|p1a: Clefable|260\/394|[from] item: Leftovers
|-heal|p2a: Priscilla|127\/394 brn|[from] item: Leftovers
|turn|20
|
|move|p1a: Clefable|Moonblast|p2a: Priscilla
|-damage|p2a: Priscilla|34\/394 brn
|move|p2a: Priscilla|Moonblast|p1a: Clefable
|-damage|p1a: Clefable|157\/394
|
|-heal|p2a: Priscilla|58\/394 brn|[from] item: Leftovers
|-heal|p1a: Clefable|181\/394|[from] item: Leftovers
|turn|21
|
|move|p1a: Clefable|Moonblast|p2a: Priscilla
|-damage|p2a: Priscilla|0 fnt
|faint|p2a: Priscilla
|
|-heal|p1a: Clefable|205\/394|[from] item: Leftovers
|
|switch|p2a: Latios|Latios, M|217\/301
|turn|22
|
|move|p2a: Latios|Memento|p1a: Clefable
|-unboost|p1a: Clefable|atk|2
|-unboost|p1a: Clefable|spa|2
|faint|p2a: Latios
|move|p1a: Clefable|Moonblast|p2: Latios|[notarget]
|-notarget
|
|-heal|p1a: Clefable|229\/394|[from] item: Leftovers
|
|switch|p2a: Azumarill|Azumarill, F, shiny|342\/342
|turn|23
|
|move|p2a: Azumarill|Belly Drum|p2a: Azumarill
|-damage|p2a: Azumarill|171\/342
|-setboost|p2a: Azumarill|atk|6|[from] move: Belly Drum
|-enditem|p2a: Azumarill|Sitrus Berry|[eat]
|-heal|p2a: Azumarill|256\/342|[from] item: Sitrus Berry
|move|p1a: Clefable|Moonblast|p2a: Azumarill
|-damage|p2a: Azumarill|187\/342
|
|-heal|p1a: Clefable|253\/394|[from] item: Leftovers
|turn|24
|
|switch|p1a: Landorus-Therian|Landorus-Therian, M, shiny|319\/319
|-damage|p1a: Landorus-Therian|280\/319|[from] Stealth Rock
|-ability|p1a: Landorus-Therian|Intimidate|[of] p2a: Azumarill
|-unboost|p2a: Azumarill|atk|1
|move|p2a: Azumarill|Waterfall|p1a: Landorus-Therian
|-supereffective|p1a: Landorus-Therian
|-damage|p1a: Landorus-Therian|0 fnt
|faint|p1a: Landorus-Therian
|
|
|switch|p1a: Rotom-Wash|Rotom-Wash|87\/303
|-damage|p1a: Rotom-Wash|50\/303|[from] Stealth Rock
|turn|25
|
|move|p2a: Azumarill|Aqua Jet|p1a: Rotom-Wash
|-resisted|p1a: Rotom-Wash
|-damage|p1a: Rotom-Wash|0 fnt
|faint|p1a: Rotom-Wash
|
|
|switch|p1a: Goodra|Goodra, M|383\/383
|-damage|p1a: Goodra|336\/383|[from] Stealth Rock
|turn|26
|
|move|p2a: Azumarill|Play Rough|p1a: Goodra|[miss]
|-miss|p2a: Azumarill|p1a: Goodra
|move|p1a: Goodra|Sludge Bomb|p2a: Azumarill
|-crit|p2a: Azumarill
|-supereffective|p2a: Azumarill
|-damage|p2a: Azumarill|0 fnt
|faint|p2a: Azumarill
|
|c|âaj14|EVERY FUCKING TIME
|c|âTheFieriestCorona|THAT WAS LUCK
|
|switch|p2a: Capra Demon|Breloom, F|261\/261
|turn|27
|c|âTheFieriestCorona|HOLY SHIT
|
|move|p2a: Capra Demon|Swords Dance|p2a: Capra Demon
|-boost|p2a: Capra Demon|atk|2
|move|p1a: Goodra|Fire Blast|p2a: Capra Demon
|-supereffective|p2a: Capra Demon
|-damage|p2a: Capra Demon|0 fnt
|faint|p2a: Capra Demon
|
|win|TheFieriestCorona
|c|âaj14|ffs
|c|âaj14|gg
|leave|aj14
|player|p2