|join|Super Saiyan 3 Zac
|join|aj14
|player|p1|Super Saiyan 3 Zac|291
|player|p2|aj14|190
|gametype|singles
|gen|6
|tier|ORAS OU
|rule|Sleep Clause Mod: Limit one foe put to sleep
|rule|Species Clause: Limit one of each PokÃ©mon
|rule|OHKO Clause: OHKO moves are banned
|rule|Moody Clause: Moody is banned
|rule|Evasion Moves Clause: Evasion moves are banned
|rule|Endless Battle Clause: Forcing endless battles is banned
|rule|HP Percentage Mod: HP is shown in percentages
|clearpoke
|poke|p1|Ditto
|poke|p1|Slowking, F
|poke|p1|Tyranitar, M
|poke|p1|Dusclops, M
|poke|p1|Camerupt, F
|poke|p1|Conkeldurr, M
|poke|p2|Ampharos, F
|poke|p2|Greninja, F, shiny
|poke|p2|Ferrothorn, M
|poke|p2|Dugtrio, M
|poke|p2|Weavile, M, shiny
|poke|p2|Azelf
|rule|Swagger Clause: Swagger is banned
|rule|Baton Pass Clause: Limit one PokÃ©mon knowing Baton Pass
|teampreview
|c|âSuper Saiyan 3 Zac|rdy for the worst team ever :)
|c|âaj14|.
|
|start
|switch|p1a: Slowking|Slowking, F|394\/394
|switch|p2a: Azelf|Azelf|291\/291
|turn|1
|
|move|p2a: Azelf|Stealth Rock|p1a: Slowking
|-sidestart|p1: Super Saiyan 3 Zac|move: Stealth Rock
|move|p1a: Slowking|Trick Room|p1a: Slowking
|-fieldstart|move: Trick Room|[of] p1a: Slowking
|
|turn|2
|c|âSuper Saiyan 3 Zac|sry
|c|âSuper Saiyan 3 Zac|bad internet
|c|âSuper Saiyan 3 Zac|:<
|c|âaj14|._.
|
|switch|p1a: Ditto|Ditto|300\/300
|-damage|p1a: Ditto|263\/300|[from] Stealth Rock
|-transform|p1a: Ditto|p2a: Azelf
|move|p2a: Azelf|Explosion|p1a: Ditto
|-damage|p1a: Ditto|0 fnt
|faint|p2a: Azelf
|faint|p1a: Ditto
|
|c|âSuper Saiyan 3 Zac|but i'm back 8-)
|
|switch|p2a: god|Ampharos, F|371\/371
|switch|p1a: Camerupt|Camerupt, F|344\/344
|-damage|p1a: Camerupt|301\/344|[from] Stealth Rock
|turn|3
|
|detailschange|p1a: Camerupt|Camerupt-Mega, F
|message|Camerupt has Mega Evolved into Mega Camerupt!
|detailschange|p2a: god|Ampharos-Mega, F
|message|Ampharos has Mega Evolved into Mega Ampharos!
|-ability|p2a: god|Mold Breaker
|move|p1a: Camerupt|Earth Power|p2a: god
|-supereffective|p2a: god
|-damage|p2a: god|0 fnt
|faint|p2a: god
|
|c|âaj14|damnnnnnnnnnnn
|c|âSuper Saiyan 3 Zac|ikr :)
|
|switch|p2a: Ferrothorn|Ferrothorn, M|351\/351
|turn|4
|
|move|p1a: Camerupt|Substitute|p1a: Camerupt
|-start|p1a: Camerupt|Substitute
|-damage|p1a: Camerupt|215\/344
|move|p2a: Ferrothorn|Spikes|p1a: Camerupt
|-sidestart|p1: Super Saiyan 3 Zac|Spikes
|
|turn|5
|
|move|p1a: Camerupt|Fire Blast|p2a: Ferrothorn
|-supereffective|p2a: Ferrothorn
|-damage|p2a: Ferrothorn|0 fnt
|faint|p2a: Ferrothorn
|
|-fieldend|move: Trick Room
|c|âSuper Saiyan 3 Zac|yummy set up emm emm emm
|c|âSuper Saiyan 3 Zac|my favorite :)
|c|âSuper Saiyan 3 Zac|lol
|
|switch|p2a: Greninja|Greninja, F, shiny|285\/285
|turn|6
|
|move|p2a: Greninja|Hydro Pump|p1a: Camerupt
|-start|p2a: Greninja|typechange|Water|[from] Protean
|-supereffective|p1a: Camerupt
|-end|p1a: Camerupt|Substitute
|move|p1a: Camerupt|Substitute|p1a: Camerupt
|-start|p1a: Camerupt|Substitute
|-damage|p1a: Camerupt|129\/344
|
|turn|7
|
|move|p2a: Greninja|Hydro Pump|p1a: Camerupt|[miss]
|-miss|p2a: Greninja|p1a: Camerupt
|move|p1a: Camerupt|Earth Power|p2a: Greninja
|-damage|p2a: Greninja|0 fnt
|faint|p2a: Greninja
|
|c|âaj14|oh come on
|leave|aj14
|player|p2
|c|âSuper Saiyan 3 Zac|:P
|-message|Player 2 lost due to inactivity.
|
|win|Super Saiyan 3 Zac