|join|aj14
|join|NukeTehSableye
|player|p1|aj14|283
|player|p2|NukeTehSableye|153
|gametype|singles
|gen|6
|tier|OU
|clearpoke
|poke|p1|Conkeldurr, M
|poke|p1|Latias, F
|poke|p1|Clefable, F
|poke|p1|Ampharos, M
|poke|p1|Tyranitar, M
|poke|p1|Exeggutor, M
|poke|p2|Malamar, F, shiny
|poke|p2|Greninja, M, shiny
|poke|p2|Garchomp, M
|poke|p2|Clefable, F
|poke|p2|Gardevoir, F, shiny
|poke|p2|Heatran, M
|rule|Swagger Clause: Swagger is banned
|rule|Baton Pass Clause: Limit one PokÃ©mon knowing Baton Pass
|rule|Sleep Clause Mod: Limit one foe put to sleep
|rule|Species Clause: Limit one of each PokÃ©mon
|rule|OHKO Clause: OHKO moves are banned
|rule|Moody Clause: Moody is banned
|rule|Evasion Moves Clause: Evasion moves are banned
|rule|Endless Battle Clause: Forcing endless battles is banned
|rule|HP Percentage Mod: HP is shown in percentages
|teampreview
|
|start
|switch|p1a: Ampharos|Ampharos, M|384\/384
|switch|p2a: TooFamous|Clefable, F|394\/394
|turn|1
|
|move|p2a: TooFamous|Cosmic Power|p2a: TooFamous
|-boost|p2a: TooFamous|def|1
|-boost|p2a: TooFamous|spd|1
|move|p1a: Ampharos|Volt Switch|p2a: TooFamous
|-damage|p2a: TooFamous|343\/394
|
|switch|p1a: Exeggutor|Exeggutor, M|394\/394
|
|-status|p2a: TooFamous|brn|[from] item: Flame Orb
|turn|2
|c|âaj14|ok then
|c|âaj14|ill stall u too
|
|switch|p1a: Clefable|Clefable, F|394\/394
|move|p2a: TooFamous|Cosmic Power|p2a: TooFamous
|-boost|p2a: TooFamous|def|1
|-boost|p2a: TooFamous|spd|1
|
|turn|3
|join|The Dazzler Joe
|
|move|p1a: Clefable|Stealth Rock|p2a: TooFamous
|-sidestart|p2: NukeTehSableye|move: Stealth Rock
|move|p2a: TooFamous|Stored Power|p1a: Clefable
|-damage|p1a: Clefable|312\/394
|
|-heal|p1a: Clefable|336\/394|[from] item: Leftovers
|turn|4
|
|move|p1a: Clefable|Stealth Rock|p2a: TooFamous
|-fail|p2a: TooFamous
|move|p2a: TooFamous|Charge Beam|p1a: Clefable
|-damage|p1a: Clefable|298\/394
|-boost|p2a: TooFamous|spa|1
|
|-heal|p1a: Clefable|322\/394|[from] item: Leftovers
|turn|5
|
|move|p1a: Clefable|Stealth Rock|p2a: TooFamous
|-fail|p2a: TooFamous
|move|p2a: TooFamous|Cosmic Power|p2a: TooFamous
|-boost|p2a: TooFamous|def|1
|-boost|p2a: TooFamous|spd|1
|
|-heal|p1a: Clefable|346\/394|[from] item: Leftovers
|turn|6
|
|move|p1a: Clefable|Stealth Rock|p2a: TooFamous
|-fail|p2a: TooFamous
|move|p2a: TooFamous|Cosmic Power|p2a: TooFamous
|-boost|p2a: TooFamous|def|1
|-boost|p2a: TooFamous|spd|1
|
|-heal|p1a: Clefable|370\/394|[from] item: Leftovers
|turn|7
|c|âaj14|!data stored power
|c|~|\/data-move Stored Power

|
|move|p1a: Clefable|Stealth Rock|p2a: TooFamous
|-fail|p2a: TooFamous
|move|p2a: TooFamous|Cosmic Power|p2a: TooFamous
|-boost|p2a: TooFamous|def|1
|-boost|p2a: TooFamous|spd|1
|
|-heal|p1a: Clefable|394\/394|[from] item: Leftovers
|turn|8
|
|move|p1a: Clefable|Stealth Rock|p2a: TooFamous
|-fail|p2a: TooFamous
|move|p2a: TooFamous|Cosmic Power|p2a: TooFamous
|-boost|p2a: TooFamous|def|1
|-boost|p2a: TooFamous|spd|1
|
|turn|9
|
|move|p1a: Clefable|Wish|p1a: Clefable
|move|p2a: TooFamous|Charge Beam|p1a: Clefable
|-damage|p1a: Clefable|355\/394
|-boost|p2a: TooFamous|spa|1
|
|-heal|p1a: Clefable|379\/394|[from] item: Leftovers
|turn|10
|
|move|p1a: Clefable|Stealth Rock|p2a: TooFamous
|-fail|p2a: TooFamous
|move|p2a: TooFamous|Charge Beam|p1a: Clefable
|-damage|p1a: Clefable|339\/394
|-boost|p2a: TooFamous|spa|1
|
|-heal|p1a: Clefable|394\/394|[from] move: Wish|[wisher] Clefable
|turn|11
|
|move|p1a: Clefable|Stealth Rock|p2a: TooFamous
|-fail|p2a: TooFamous
|move|p2a: TooFamous|Charge Beam|p1a: Clefable|[miss]
|-miss|p2a: TooFamous|p1a: Clefable
|
|turn|12
|
|move|p1a: Clefable|Stealth Rock|p2a: TooFamous
|-fail|p2a: TooFamous
|move|p2a: TooFamous|Charge Beam|p1a: Clefable
|-damage|p1a: Clefable|355\/394
|-boost|p2a: TooFamous|spa|1
|
|-heal|p1a: Clefable|379\/394|[from] item: Leftovers
|turn|13
|
|move|p1a: Clefable|Stealth Rock|p2a: TooFamous
|-fail|p2a: TooFamous
|move|p2a: TooFamous|Charge Beam|p1a: Clefable
|-damage|p1a: Clefable|340\/394
|-boost|p2a: TooFamous|spa|1
|
|-heal|p1a: Clefable|364\/394|[from] item: Leftovers
|turn|14
|
|move|p1a: Clefable|Stealth Rock|p2a: TooFamous
|-fail|p2a: TooFamous
|move|p2a: TooFamous|Charge Beam|p1a: Clefable
|-damage|p1a: Clefable|324\/394
|
|-heal|p1a: Clefable|348\/394|[from] item: Leftovers
|turn|15
|
|move|p1a: Clefable|Stealth Rock|p2a: TooFamous
|-fail|p2a: TooFamous
|move|p2a: TooFamous|Charge Beam|p1a: Clefable
|-damage|p1a: Clefable|307\/394
|-boost|p2a: TooFamous|spa|1
|
|-heal|p1a: Clefable|331\/394|[from] item: Leftovers
|turn|16
|
|move|p1a: Clefable|Protect|p1a: Clefable
|-singleturn|p1a: Clefable|Protect
|move|p2a: TooFamous|Stored Power|p1a: Clefable
|-activate|p1a: Clefable|Protect
|
|-heal|p1a: Clefable|355\/394|[from] item: Leftovers
|turn|17
|
|move|p1a: Clefable|Wish|p1a: Clefable
|move|p2a: TooFamous|Soft-Boiled|p2a: TooFamous
|-heal|p2a: TooFamous|394\/394 brn
|
|-heal|p1a: Clefable|379\/394|[from] item: Leftovers
|turn|18
|
|move|p1a: Clefable|Stealth Rock|p2a: TooFamous
|-fail|p2a: TooFamous
|move|p2a: TooFamous|Stored Power|p1a: Clefable
|-damage|p1a: Clefable|62\/394
|
|-heal|p1a: Clefable|259\/394|[from] move: Wish|[wisher] Clefable
|-heal|p1a: Clefable|283\/394|[from] item: Leftovers
|turn|19
|
|move|p1a: Clefable|Protect|p1a: Clefable
|-singleturn|p1a: Clefable|Protect
|move|p2a: TooFamous|Stored Power|p1a: Clefable
|-activate|p1a: Clefable|Protect
|
|-heal|p1a: Clefable|307\/394|[from] item: Leftovers
|turn|20
|
|switch|p1a: Tyranitar|Tyranitar, M|381\/381
|-weather|Sandstorm
|move|p2a: TooFamous|Charge Beam|p1a: Tyranitar
|-damage|p1a: Tyranitar|273\/381
|
|-weather|Sandstorm|[upkeep]
|turn|21
|
|switch|p1a: Ampharos|Ampharos, M|384\/384
|move|p2a: TooFamous|Stored Power|p1a: Ampharos
|-damage|p1a: Ampharos|0 fnt
|faint|p1a: Ampharos
|
|-weather|Sandstorm|[upkeep]
|c| The Dazzler Joe|DAMN! XD
|
|switch|p1a: Exeggutor|Exeggutor, M|394\/394
|turn|22
|
|move|p1a: Exeggutor|Protect|p1a: Exeggutor
|-singleturn|p1a: Exeggutor|Protect
|move|p2a: TooFamous|Stored Power|p1a: Exeggutor
|-activate|p1a: Exeggutor|Protect
|
|-weather|Sandstorm|[upkeep]
|-damage|p1a: Exeggutor|370\/394|[from] sandstorm
|turn|23
|c|âaj14|!data clefable
|c|~|\/data-pokemon Clefable

|
|move|p1a: Exeggutor|Substitute|p1a: Exeggutor
|-start|p1a: Exeggutor|Substitute
|-damage|p1a: Exeggutor|272\/394
|move|p2a: TooFamous|Stored Power|p1a: Exeggutor
|-crit|p1a: Exeggutor
|-resisted|p1a: Exeggutor
|-end|p1a: Exeggutor|Substitute
|
|-weather|Sandstorm|[upkeep]
|-damage|p1a: Exeggutor|248\/394|[from] sandstorm
|turn|24
|c|âaj14|thank god im faster
|c| The Dazzler Joe|XD
|c|âNukeTehSableye|Stop it :(
|
|move|p1a: Exeggutor|Protect|p1a: Exeggutor
|-singleturn|p1a: Exeggutor|Protect
|move|p2a: TooFamous|Charge Beam|p1a: Exeggutor
|-activate|p1a: Exeggutor|Protect
|
|-weather|none
|turn|25
|
|move|p1a: Exeggutor|Substitute|p1a: Exeggutor
|-start|p1a: Exeggutor|Substitute
|-damage|p1a: Exeggutor|150\/394
|-enditem|p1a: Exeggutor|Sitrus Berry|[eat]
|-heal|p1a: Exeggutor|248\/394|[from] item: Sitrus Berry
|move|p2a: TooFamous|Cosmic Power|p2a: TooFamous
|-fail|p2a: TooFamous
|
|turn|26
|c|âaj14|free sub yummy
|
|move|p1a: Exeggutor|Leech Seed|p2a: TooFamous
|-start|p2a: TooFamous|move: Leech Seed
|move|p2a: TooFamous|Charge Beam|p1a: Exeggutor
|-crit|p1a: Exeggutor
|-resisted|p1a: Exeggutor
|-end|p1a: Exeggutor|Substitute
|
|-item|p1a: Exeggutor|Sitrus Berry|[from] ability: Harvest
|turn|27
|
|move|p1a: Exeggutor|Protect|p1a: Exeggutor
|-singleturn|p1a: Exeggutor|Protect
|move|p2a: TooFamous|Charge Beam|p1a: Exeggutor
|-activate|p1a: Exeggutor|Protect
|
|turn|28
|c| The Dazzler Joe|Mr. Nuclear, you kind of fucked up. XP
|c| The Dazzler Joe|But then again,,...
|
|move|p1a: Exeggutor|Substitute|p1a: Exeggutor
|-start|p1a: Exeggutor|Substitute
|-damage|p1a: Exeggutor|150\/394
|-enditem|p1a: Exeggutor|Sitrus Berry|[eat]
|-heal|p1a: Exeggutor|248\/394|[from] item: Sitrus Berry
|move|p2a: TooFamous|Charge Beam|p1a: Exeggutor
|-resisted|p1a: Exeggutor
|-end|p1a: Exeggutor|Substitute
|
|turn|29
|c| The Dazzler Joe|You might be safe! :D
|c|âaj14|!data charge beam
|c|~|\/data-move Charge Beam

|c|âaj14|!data cosmic power
|c|~|\/data-move Cosmic Power

|
|move|p1a: Exeggutor|Protect|p1a: Exeggutor
|-singleturn|p1a: Exeggutor|Protect
|move|p2a: TooFamous|Charge Beam|p1a: Exeggutor
|-activate|p1a: Exeggutor|Protect
|
|-item|p1a: Exeggutor|Sitrus Berry|[from] ability: Harvest
|turn|30
|
|move|p1a: Exeggutor|Substitute|p1a: Exeggutor
|-start|p1a: Exeggutor|Substitute
|-damage|p1a: Exeggutor|150\/394
|-enditem|p1a: Exeggutor|Sitrus Berry|[eat]
|-heal|p1a: Exeggutor|248\/394|[from] item: Sitrus Berry
|move|p2a: TooFamous|Charge Beam|p1a: Exeggutor
|-resisted|p1a: Exeggutor
|-end|p1a: Exeggutor|Substitute
|
|-item|p1a: Exeggutor|Sitrus Berry|[from] ability: Harvest
|turn|31
|c|âNukeTehSableye|omfg
|
|move|p1a: Exeggutor|Protect|p1a: Exeggutor
|-singleturn|p1a: Exeggutor|Protect
|move|p2a: TooFamous|Charge Beam|p1a: Exeggutor
|-activate|p1a: Exeggutor|Protect
|
|turn|32
|c| The Dazzler Joe|Mr. Nuclear, I say keep it up. :P
|c| The Dazzler Joe|He's losing more PP than you are.
|
|move|p1a: Exeggutor|Substitute|p1a: Exeggutor
|-start|p1a: Exeggutor|Substitute
|-damage|p1a: Exeggutor|150\/394
|-enditem|p1a: Exeggutor|Sitrus Berry|[eat]
|-heal|p1a: Exeggutor|248\/394|[from] item: Sitrus Berry
|move|p2a: TooFamous|Cosmic Power|p2a: TooFamous
|-fail|p2a: TooFamous
|
|turn|33
|c|âaj14|not rly
|
|move|p1a: Exeggutor|Leech Seed|p2a: TooFamous|[miss]
|-miss|p1a: Exeggutor|p2a: TooFamous
|move|p2a: TooFamous|Stored Power|p1a: Exeggutor
|-resisted|p1a: Exeggutor
|-end|p1a: Exeggutor|Substitute
|
|turn|34
|c| The Dazzler Joe|With the Protect you are.
|
|move|p1a: Exeggutor|Substitute|p1a: Exeggutor
|-start|p1a: Exeggutor|Substitute
|-damage|p1a: Exeggutor|150\/394
|move|p2a: TooFamous|Stored Power|p1a: Exeggutor
|-resisted|p1a: Exeggutor
|-end|p1a: Exeggutor|Substitute
|
|-item|p1a: Exeggutor|Sitrus Berry|[from] ability: Harvest
|-enditem|p1a: Exeggutor|Sitrus Berry|[eat]
|-heal|p1a: Exeggutor|248\/394|[from] item: Sitrus Berry
|turn|35
|c| The Dazzler Joe|He keeps the PP for one turn but you don't when you use Protect.
|
|move|p1a: Exeggutor|Protect|p1a: Exeggutor
|-singleturn|p1a: Exeggutor|Protect
|move|p2a: TooFamous|Stored Power|p1a: Exeggutor
|-activate|p1a: Exeggutor|Protect
|
|-item|p1a: Exeggutor|Sitrus Berry|[from] ability: Harvest
|turn|36
|c|âaj14|wrong
|c| The Dazzler Joe|How do you think I lost with GLiscor? :P
|c| The Dazzler Joe|Protect.
|
|move|p1a: Exeggutor|Substitute|p1a: Exeggutor
|-start|p1a: Exeggutor|Substitute
|-damage|p1a: Exeggutor|150\/394
|-enditem|p1a: Exeggutor|Sitrus Berry|[eat]
|-heal|p1a: Exeggutor|248\/394|[from] item: Sitrus Berry
|move|p2a: TooFamous|Stored Power|p1a: Exeggutor
|-resisted|p1a: Exeggutor
|-end|p1a: Exeggutor|Substitute
|
|-item|p1a: Exeggutor|Sitrus Berry|[from] ability: Harvest
|turn|37
|c|âaj14|thats wrong lol
|c| The Dazzler Joe|How so?
|c|âNukeTehSableye|MY FUCKEN GOD
|c|âaj14|the pp still gets used
|
|move|p1a: Exeggutor|Protect|p1a: Exeggutor
|-singleturn|p1a: Exeggutor|Protect
|move|p2a: TooFamous|Stored Power|p1a: Exeggutor
|-activate|p1a: Exeggutor|Protect
|
|turn|38
|c| The Dazzler Joe|Aj, no it doesn't. 0_0
|c| The Dazzler Joe|It stays the same.
|c|âaj14|yes it does....
|
|move|p1a: Exeggutor|Substitute|p1a: Exeggutor
|-start|p1a: Exeggutor|Substitute
|-damage|p1a: Exeggutor|150\/394
|-enditem|p1a: Exeggutor|Sitrus Berry|[eat]
|-heal|p1a: Exeggutor|248\/394|[from] item: Sitrus Berry
|move|p2a: TooFamous|Stored Power|p1a: Exeggutor
|-resisted|p1a: Exeggutor
|-end|p1a: Exeggutor|Substitute
|
|-item|p1a: Exeggutor|Sitrus Berry|[from] ability: Harvest
|turn|39
|c| The Dazzler Joe|Let's test it out.
|c| The Dazzler Joe|MR. Nuclear.
|c| The Dazzler Joe|Look at your PP
|
|move|p1a: Exeggutor|Protect|p1a: Exeggutor
|-singleturn|p1a: Exeggutor|Protect
|move|p2a: TooFamous|Cosmic Power|p2a: TooFamous
|-fail|p2a: TooFamous
|
|turn|40
|c| The Dazzler Joe|And when AJ uses Protect, tell me if the PP of the move changes
|c| The Dazzler Joe|Like an attack move, I mean.
|
|move|p1a: Exeggutor|Substitute|p1a: Exeggutor
|-start|p1a: Exeggutor|Substitute
|-damage|p1a: Exeggutor|150\/394
|-enditem|p1a: Exeggutor|Sitrus Berry|[eat]
|-heal|p1a: Exeggutor|248\/394|[from] item: Sitrus Berry
|move|p2a: TooFamous|Cosmic Power|p2a: TooFamous
|-fail|p2a: TooFamous
|
|-item|p1a: Exeggutor|Sitrus Berry|[from] ability: Harvest
|turn|41
|c|âNukeTehSableye|we are gonna be here for a long time
|
|move|p1a: Exeggutor|Leech Seed|p2a: TooFamous
|-fail|p2a: TooFamous
|move|p2a: TooFamous|Cosmic Power|p2a: TooFamous
|-fail|p2a: TooFamous
|
|turn|42
|c| The Dazzler Joe|Yup. Lol
|c|âaj14|ur fault
|c| The Dazzler Joe|XD
|
|move|p1a: Exeggutor|Leech Seed|p2a: TooFamous
|-fail|p2a: TooFamous
|move|p2a: TooFamous|Cosmic Power|p2a: TooFamous
|-fail|p2a: TooFamous
|
|turn|43
|c|âaj14|you coulda switched to gardevoir and OHKO my whole team by now
|c|âaj14|and eggy through sub lol
|c|âaj14|ur fualt
|
|move|p1a: Exeggutor|Protect|p1a: Exeggutor
|-singleturn|p1a: Exeggutor|Protect
|move|p2a: TooFamous|Cosmic Power|p2a: TooFamous
|-fail|p2a: TooFamous
|
|turn|44
|
|move|p1a: Exeggutor|Leech Seed|p2a: TooFamous
|-fail|p2a: TooFamous
|move|p2a: TooFamous|Cosmic Power|p2a: TooFamous
|-fail|p2a: TooFamous
|
|turn|45
|
|move|p1a: Exeggutor|Leech Seed|p2a: TooFamous
|-fail|p2a: TooFamous
|move|p2a: TooFamous|Cosmic Power|p2a: TooFamous
|-fail|p2a: TooFamous
|
|turn|46
|
|move|p1a: Exeggutor|Leech Seed|p2a: TooFamous
|-fail|p2a: TooFamous
|move|p2a: TooFamous|Cosmic Power|p2a: TooFamous
|-fail|p2a: TooFamous
|
|turn|47
|
|move|p1a: Exeggutor|Leech Seed|p2a: TooFamous
|-fail|p2a: TooFamous
|move|p2a: TooFamous|Cosmic Power|p2a: TooFamous
|-fail|p2a: TooFamous
|
|turn|48
|
|move|p1a: Exeggutor|Leech Seed|p2a: TooFamous
|-fail|p2a: TooFamous
|move|p2a: TooFamous|Cosmic Power|p2a: TooFamous
|-fail|p2a: TooFamous
|
|turn|49
|
|move|p1a: Exeggutor|Leech Seed|p2a: TooFamous
|-fail|p2a: TooFamous
|move|p2a: TooFamous|Cosmic Power|p2a: TooFamous
|-fail|p2a: TooFamous
|
|turn|50
|
|move|p1a: Exeggutor|Leech Seed|p2a: TooFamous
|-fail|p2a: TooFamous
|move|p2a: TooFamous|Cosmic Power|p2a: TooFamous
|-fail|p2a: TooFamous
|
|turn|51
|c|âaj14|:]
|leave|NukeTehSableye
|player|p2
|c|âaj14|lol
|join|NukeTehSableye
|c| The Dazzler Joe|Omg. XD
|player|p2|NukeTehSableye|153
|c| The Dazzler Joe|Get back in the game, Mr. Nuclear! XD
|c| The Dazzler Joe|There we go. Lol
|c|âNukeTehSableye|I was trying to open calculator
|c| The Dazzler Joe|Ah
|
|move|p1a: Exeggutor|Leech Seed|p2a: TooFamous
|-fail|p2a: TooFamous
|move|p2a: TooFamous|Cosmic Power|p2a: TooFamous
|-fail|p2a: TooFamous
|
|turn|52
|c|âNukeTehSableye|I can stall for like 40 more turns
|
|move|p1a: Exeggutor|Leech Seed|p2a: TooFamous
|-fail|p2a: TooFamous
|move|p2a: TooFamous|Cosmic Power|p2a: TooFamous
|-fail|p2a: TooFamous
|
|turn|53
|c|âaj14|me too
|c|âNukeTehSableye|!dt leech seed
|c|~|\/data-move Leech Seed
|raw|<font size="1"><font color=#585858>Priority:<\/font> 0&nbsp;|&ThickSpace;<font color=#585858>Target:<\/font> Adjacent Pokemon<\/font>
|
|move|p1a: Exeggutor|Infestation|p2a: TooFamous
|-resisted|p2a: TooFamous
|-damage|p2a: TooFamous|392\/394 brn
|-activate|p2a: TooFamous|move: Infestation|[of] p1a: Exeggutor
|move|p2a: TooFamous|Cosmic Power|p2a: TooFamous
|-fail|p2a: TooFamous
|
|turn|54
|join|DevinOwnsYall
|c|âNukeTehSableye|!dt infection
No Pokemon, item, move, ability or nature named 'infection' was found. Showing the data of 'Infestation' instead.
|c|~|\/data-move Infestation
|raw|<font size="1"><font color=#585858>Priority:<\/font> 0&nbsp;|&ThickSpace;<font color=#585858><font color=black>&#10003; Contact<\/font><\/font>&nbsp;|&ThickSpace;<font color=#585858>Target:<\/font> Adjacent Pokemon<\/font>
|
|move|p1a: Exeggutor|Infestation|p2a: TooFamous
|-resisted|p2a: TooFamous
|-damage|p2a: TooFamous|390\/394 brn
|move|p2a: TooFamous|Cosmic Power|p2a: TooFamous
|-fail|p2a: TooFamous
|
|turn|55
|
|move|p1a: Exeggutor|Infestation|p2a: TooFamous
|-resisted|p2a: TooFamous
|-damage|p2a: TooFamous|388\/394 brn
|move|p2a: TooFamous|Stored Power|p1a: Exeggutor
|-resisted|p1a: Exeggutor
|-end|p1a: Exeggutor|Substitute
|
|turn|56
|
|move|p1a: Exeggutor|Substitute|p1a: Exeggutor
|-start|p1a: Exeggutor|Substitute
|-damage|p1a: Exeggutor|150\/394
|-enditem|p1a: Exeggutor|Sitrus Berry|[eat]
|-heal|p1a: Exeggutor|248\/394|[from] item: Sitrus Berry
|move|p2a: TooFamous|Stored Power|p1a: Exeggutor
|-resisted|p1a: Exeggutor
|-end|p1a: Exeggutor|Substitute
|
|-item|p1a: Exeggutor|Sitrus Berry|[from] ability: Harvest
|turn|57
|
|move|p1a: Exeggutor|Protect|p1a: Exeggutor
|-singleturn|p1a: Exeggutor|Protect
|move|p2a: TooFamous|Soft-Boiled|p2a: TooFamous
|-heal|p2a: TooFamous|394\/394 brn
|
|-end|p2a: TooFamous|Infestation|[partiallytrapped]
|turn|58
|
|move|p1a: Exeggutor|Substitute|p1a: Exeggutor
|-start|p1a: Exeggutor|Substitute
|-damage|p1a: Exeggutor|150\/394
|-enditem|p1a: Exeggutor|Sitrus Berry|[eat]
|-heal|p1a: Exeggutor|248\/394|[from] item: Sitrus Berry
|move|p2a: TooFamous|Cosmic Power|p2a: TooFamous
|-fail|p2a: TooFamous
|
|turn|59
|
|move|p1a: Exeggutor|Infestation|p2a: TooFamous
|-resisted|p2a: TooFamous
|-damage|p2a: TooFamous|392\/394 brn
|-activate|p2a: TooFamous|move: Infestation|[of] p1a: Exeggutor
|move|p2a: TooFamous|Cosmic Power|p2a: TooFamous
|-fail|p2a: TooFamous
|
|turn|60
|
|move|p1a: Exeggutor|Infestation|p2a: TooFamous
|-resisted|p2a: TooFamous
|-damage|p2a: TooFamous|390\/394 brn
|move|p2a: TooFamous|Cosmic Power|p2a: TooFamous
|-fail|p2a: TooFamous
|
|turn|61
|
|move|p1a: Exeggutor|Infestation|p2a: TooFamous
|-resisted|p2a: TooFamous
|-damage|p2a: TooFamous|388\/394 brn
|move|p2a: TooFamous|Cosmic Power|p2a: TooFamous
|-fail|p2a: TooFamous
|
|turn|62
|c|âaj14|:]
|
|move|p1a: Exeggutor|Infestation|p2a: TooFamous
|-resisted|p2a: TooFamous
|-damage|p2a: TooFamous|386\/394 brn
|move|p2a: TooFamous|Cosmic Power|p2a: TooFamous
|-fail|p2a: TooFamous
|
|turn|63
|c|âaj14|devin
|c|âaj14|this guy
|c| The Dazzler Joe|I'm curious to see who has more PP in total.
|c|âaj14|coulda won already lol
|c| DevinOwnsYall|exeggutor for ou
|c| DevinOwnsYall|Ik
|c| DevinOwnsYall|lol
|c|âaj14|gardevoir 
|
|move|p1a: Exeggutor|Infestation|p2a: TooFamous
|-resisted|p2a: TooFamous
|-damage|p2a: TooFamous|384\/394 brn
|move|p2a: TooFamous|Cosmic Power|p2a: TooFamous
|-fail|p2a: TooFamous
|
|-end|p2a: TooFamous|Infestation|[partiallytrapped]
|turn|64
|c| DevinOwnsYall|missplays  tho
|
|move|p1a: Exeggutor|Infestation|p2a: TooFamous
|-resisted|p2a: TooFamous
|-damage|p2a: TooFamous|382\/394 brn
|-activate|p2a: TooFamous|move: Infestation|[of] p1a: Exeggutor
|move|p2a: TooFamous|Cosmic Power|p2a: TooFamous
|-fail|p2a: TooFamous
|
|-item|p1a: Exeggutor|Sitrus Berry|[from] ability: Harvest
|turn|65
|c|âaj14|GO TO GARDEVOIR OMFG
|
|move|p1a: Exeggutor|Infestation|p2a: TooFamous
|-resisted|p2a: TooFamous
|-damage|p2a: TooFamous|380\/394 brn
|move|p2a: TooFamous|Cosmic Power|p2a: TooFamous
|-fail|p2a: TooFamous
|
|turn|66
|c| The Dazzler Joe|XD
|c|âNukeTehSableye|nah I got all day
|c|âaj14|OHKOS MY WHOLE TEAM
|c|âaj14|k
|c| The Dazzler Joe|Aj, you'd want that wouldn't you? :P
|c| DevinOwnsYall|joel
|c| The Dazzler Joe|Yes, Devin?
|c| DevinOwnsYall|joe*
|
|move|p1a: Exeggutor|Infestation|p2a: TooFamous
|-resisted|p2a: TooFamous
|-damage|p2a: TooFamous|378\/394 brn
|move|p2a: TooFamous|Soft-Boiled|p2a: TooFamous
|-heal|p2a: TooFamous|394\/394 brn
|
|turn|67
|c| The Dazzler Joe|XD
|c| DevinOwnsYall|battle in the meanwhile?
|c| The Dazzler Joe|SUre. :)
|
|move|p1a: Exeggutor|Infestation|p2a: TooFamous
|-resisted|p2a: TooFamous
|-damage|p2a: TooFamous|392\/394 brn
|move|p2a: TooFamous|Soft-Boiled|p2a: TooFamous
|-heal|p2a: TooFamous|394\/394 brn
|
|turn|68
|
|move|p1a: Exeggutor|Infestation|p2a: TooFamous
|-resisted|p2a: TooFamous
|-damage|p2a: TooFamous|392\/394 brn
|move|p2a: TooFamous|Soft-Boiled|p2a: TooFamous
|-heal|p2a: TooFamous|394\/394 brn
|
|-end|p2a: TooFamous|Infestation|[partiallytrapped]
|turn|69
|leave|DevinOwnsYall
|
|move|p1a: Exeggutor|Infestation|p2a: TooFamous
|-resisted|p2a: TooFamous
|-damage|p2a: TooFamous|392\/394 brn
|-activate|p2a: TooFamous|move: Infestation|[of] p1a: Exeggutor
|move|p2a: TooFamous|Soft-Boiled|p2a: TooFamous
|-heal|p2a: TooFamous|394\/394 brn
|
|turn|70
|
|move|p1a: Exeggutor|Infestation|p2a: TooFamous
|-resisted|p2a: TooFamous
|-damage|p2a: TooFamous|392\/394 brn
|move|p2a: TooFamous|Soft-Boiled|p2a: TooFamous
|-heal|p2a: TooFamous|394\/394 brn
|
|turn|71
|
|move|p1a: Exeggutor|Infestation|p2a: TooFamous
|-resisted|p2a: TooFamous
|-damage|p2a: TooFamous|392\/394 brn
|move|p2a: TooFamous|Soft-Boiled|p2a: TooFamous
|-heal|p2a: TooFamous|394\/394 brn
|
|turn|72
|
|move|p1a: Exeggutor|Infestation|p2a: TooFamous
|-resisted|p2a: TooFamous
|-damage|p2a: TooFamous|392\/394 brn
|move|p2a: TooFamous|Soft-Boiled|p2a: TooFamous
|-heal|p2a: TooFamous|394\/394 brn
|
|turn|73
|
|move|p1a: Exeggutor|Infestation|p2a: TooFamous
|-resisted|p2a: TooFamous
|-damage|p2a: TooFamous|392\/394 brn
|move|p2a: TooFamous|Soft-Boiled|p2a: TooFamous
|-heal|p2a: TooFamous|394\/394 brn
|
|-end|p2a: TooFamous|Infestation|[partiallytrapped]
|turn|74
|
|move|p1a: Exeggutor|Infestation|p2a: TooFamous
|-resisted|p2a: TooFamous
|-damage|p2a: TooFamous|392\/394 brn
|-activate|p2a: TooFamous|move: Infestation|[of] p1a: Exeggutor
|move|p2a: TooFamous|Soft-Boiled|p2a: TooFamous
|-heal|p2a: TooFamous|394\/394 brn
|
|turn|75
|
|move|p1a: Exeggutor|Infestation|p2a: TooFamous
|-resisted|p2a: TooFamous
|-damage|p2a: TooFamous|392\/394 brn
|move|p2a: TooFamous|Soft-Boiled|p2a: TooFamous
|-heal|p2a: TooFamous|394\/394 brn
|
|turn|76
|
|move|p1a: Exeggutor|Infestation|p2a: TooFamous
|-resisted|p2a: TooFamous
|-damage|p2a: TooFamous|392\/394 brn
|move|p2a: TooFamous|Soft-Boiled|p2a: TooFamous
|-heal|p2a: TooFamous|394\/394 brn
|
|turn|77
|
|move|p1a: Exeggutor|Infestation|p2a: TooFamous
|-resisted|p2a: TooFamous
|-damage|p2a: TooFamous|391\/394 brn
|move|p2a: TooFamous|Soft-Boiled|p2a: TooFamous
|-heal|p2a: TooFamous|394\/394 brn
|
|turn|78
|
|move|p1a: Exeggutor|Infestation|p2a: TooFamous
|-resisted|p2a: TooFamous
|-damage|p2a: TooFamous|392\/394 brn
|move|p2a: TooFamous|Soft-Boiled|p2a: TooFamous
|-heal|p2a: TooFamous|394\/394 brn
|
|-end|p2a: TooFamous|Infestation|[partiallytrapped]
|turn|79
|
|move|p1a: Exeggutor|Infestation|p2a: TooFamous
|-resisted|p2a: TooFamous
|-damage|p2a: TooFamous|392\/394 brn
|-activate|p2a: TooFamous|move: Infestation|[of] p1a: Exeggutor
|move|p2a: TooFamous|Soft-Boiled|p2a: TooFamous
|-heal|p2a: TooFamous|394\/394 brn
|
|turn|80
|
|move|p1a: Exeggutor|Infestation|p2a: TooFamous
|-resisted|p2a: TooFamous
|-damage|p2a: TooFamous|392\/394 brn
|move|p2a: TooFamous|Stored Power|p1a: Exeggutor
|-resisted|p1a: Exeggutor
|-end|p1a: Exeggutor|Substitute
|
|turn|81
|
|move|p1a: Exeggutor|Protect|p1a: Exeggutor
|-singleturn|p1a: Exeggutor|Protect
|-activate|p2a: TooFamous|move: Struggle
|move|p2a: TooFamous|Struggle|p1a: Exeggutor
|-activate|p1a: Exeggutor|Protect
|
|turn|82
|c|âNukeTehSableye|damn
|c|âaj14|HAHAHAHAHA
|
|move|p1a: Exeggutor|Substitute|p1a: Exeggutor
|-start|p1a: Exeggutor|Substitute
|-damage|p1a: Exeggutor|150\/394
|-enditem|p1a: Exeggutor|Sitrus Berry|[eat]
|-heal|p1a: Exeggutor|248\/394|[from] item: Sitrus Berry
|-activate|p2a: TooFamous|move: Struggle
|move|p2a: TooFamous|Struggle|p1a: Exeggutor
|-activate|p1a: Exeggutor|Substitute|[damage]
|-damage|p2a: TooFamous|294\/394 brn
|
|-item|p1a: Exeggutor|Sitrus Berry|[from] ability: Harvest
|turn|83
|
|move|p1a: Exeggutor|Infestation|p2a: TooFamous
|-resisted|p2a: TooFamous
|-damage|p2a: TooFamous|292\/394 brn
|-activate|p2a: TooFamous|move: Struggle
|move|p2a: TooFamous|Struggle|p1a: Exeggutor
|-activate|p1a: Exeggutor|Substitute|[damage]
|-damage|p2a: TooFamous|194\/394 brn
|
|turn|84
|
|move|p1a: Exeggutor|Infestation|p2a: TooFamous
|-resisted|p2a: TooFamous
|-damage|p2a: TooFamous|192\/394 brn
|-activate|p2a: TooFamous|move: Struggle
|move|p2a: TooFamous|Struggle|p1a: Exeggutor
|-crit|p1a: Exeggutor
|-activate|p1a: Exeggutor|Substitute|[damage]
|-damage|p2a: TooFamous|94\/394 brn
|
|-end|p2a: TooFamous|Infestation|[partiallytrapped]
|turn|85
|c|âaj14|i warned u
|
|move|p1a: Exeggutor|Infestation|p2a: TooFamous
|-resisted|p2a: TooFamous
|-damage|p2a: TooFamous|92\/394 brn
|-activate|p2a: TooFamous|move: Infestation|[of] p1a: Exeggutor
|-activate|p2a: TooFamous|move: Struggle
|move|p2a: TooFamous|Struggle|p1a: Exeggutor
|-activate|p1a: Exeggutor|Substitute|[damage]
|-damage|p2a: TooFamous|0 fnt
|faint|p2a: TooFamous
|
|
|switch|p2a: InternetHo|Gardevoir, F, shiny|277\/277
|-damage|p2a: InternetHo|243\/277|[from] Stealth Rock
|-ability|p2a: InternetHo|Harvest|[from] ability: Trace|[of] p1a: Exeggutor
|turn|86
|c| The Dazzler Joe|How's it going? :P
|c|âaj14|now you finally fuckiong listen
|c|âaj14|after wasting 86 turns
|
|detailschange|p2a: InternetHo|Gardevoir-Mega, F, shiny
|message|Gardevoir has Mega Evolved into Mega Gardevoir!
|move|p2a: InternetHo|Calm Mind|p2a: InternetHo
|-boost|p2a: InternetHo|spa|1
|-boost|p2a: InternetHo|spd|1
|move|p1a: Exeggutor|Leech Seed|p2a: InternetHo
|-start|p2a: InternetHo|move: Leech Seed
|
|-damage|p2a: InternetHo|209\/277|[from] Leech Seed|[of] p1a: Exeggutor
|-heal|p1a: Exeggutor|282\/394|[silent]
|turn|87
|c|âaj14|and you fucked up
|
|move|p1a: Exeggutor|Protect|p1a: Exeggutor
|-singleturn|p1a: Exeggutor|Protect
|move|p2a: InternetHo|Hyper Voice|p1a: Exeggutor
|-activate|p1a: Exeggutor|Protect
|
|-damage|p2a: InternetHo|175\/277|[from] Leech Seed|[of] p1a: Exeggutor
|-heal|p1a: Exeggutor|316\/394|[silent]
|turn|88
|
|move|p2a: InternetHo|Hyper Voice|p1a: Exeggutor
|-damage|p1a: Exeggutor|0 fnt
|faint|p1a: Exeggutor
|
|c|âaj14|how hard was that?
|
|switch|p1a: Clefable|Clefable, F|307\/394
|turn|89
|c|âNukeTehSableye|really hard :(
|
|move|p1a: Clefable|Protect|p1a: Clefable
|-singleturn|p1a: Clefable|Protect
|move|p2a: InternetHo|Hyper Voice|p1a: Clefable
|-activate|p1a: Clefable|Protect
|
|-heal|p1a: Clefable|331\/394|[from] item: Leftovers
|-damage|p2a: InternetHo|141\/277|[from] Leech Seed|[of] p1a: Clefable
|-heal|p1a: Clefable|365\/394|[silent]
|turn|90
|
|switch|p1a: Tyranitar|Tyranitar, M|273\/381
|-weather|Sandstorm
|move|p2a: InternetHo|Hyper Voice|p1a: Tyranitar
|-supereffective|p1a: Tyranitar
|-damage|p1a: Tyranitar|0 fnt
|faint|p1a: Tyranitar
|
|-weather|Sandstorm|[upkeep]
|-damage|p2a: InternetHo|124\/277|[from] sandstorm
|
|switch|p1a: Clefable|Clefable, F|365\/394
|turn|91
|
|switch|p2a: Hell's Fury|Malamar, F, shiny|313\/313
|-damage|p2a: Hell's Fury|274\/313|[from] Stealth Rock
|move|p1a: Clefable|Moonblast|p2a: Hell's Fury
|-supereffective|p2a: Hell's Fury
|-damage|p2a: Hell's Fury|0 fnt
|faint|p2a: Hell's Fury
|
|-weather|Sandstorm|[upkeep]
|-damage|p1a: Clefable|341\/394|[from] sandstorm
|-heal|p1a: Clefable|365\/394|[from] item: Leftovers
|c|âaj14|lmfao
|
|switch|p2a: Chomperz|Garchomp, M|358\/358
|-damage|p2a: Chomperz|336\/358|[from] Stealth Rock
|turn|92
|
|move|p2a: Chomperz|Earthquake|p1a: Clefable
|-damage|p1a: Clefable|197\/394
|move|p1a: Clefable|Stealth Rock|p2a: Chomperz
|-fail|p2a: Chomperz
|
|-weather|Sandstorm|[upkeep]
|-damage|p1a: Clefable|173\/394|[from] sandstorm
|-heal|p1a: Clefable|197\/394|[from] item: Leftovers
|turn|93
|
|move|p1a: Clefable|Protect|p1a: Clefable
|-singleturn|p1a: Clefable|Protect
|move|p2a: Chomperz|Rock Slide|p1a: Clefable
|-activate|p1a: Clefable|Protect
|
|-weather|Sandstorm|[upkeep]
|-damage|p1a: Clefable|173\/394|[from] sandstorm
|-heal|p1a: Clefable|197\/394|[from] item: Leftovers
|turn|94
|
|move|p2a: Chomperz|Rock Slide|p1a: Clefable
|-damage|p1a: Clefable|124\/394
|cant|p1a: Clefable|flinch
|
|-weather|none
|-heal|p1a: Clefable|148\/394|[from] item: Leftovers
|turn|95
|
|switch|p1a: Latias|Latias, F|364\/364
|move|p2a: Chomperz|Swords Dance|p2a: Chomperz
|-boost|p2a: Chomperz|atk|2
|
|-status|p1a: Latias|brn|[from] item: Flame Orb
|turn|96
|
|switch|p1a: Clefable|Clefable, F|148\/394
|move|p2a: Chomperz|Dragon Claw|p1a: Clefable
|-immune|p1a: Clefable|[msg]
|
|-heal|p1a: Clefable|172\/394|[from] item: Leftovers
|turn|97
|
|move|p1a: Clefable|Protect|p1a: Clefable
|-singleturn|p1a: Clefable|Protect
|move|p2a: Chomperz|Rock Slide|p1a: Clefable
|-activate|p1a: Clefable|Protect
|
|-heal|p1a: Clefable|196\/394|[from] item: Leftovers
|turn|98
|c| The Dazzler Joe|XD
|
|move|p2a: Chomperz|Rock Slide|p1a: Clefable
|-damage|p1a: Clefable|123\/394
|cant|p1a: Clefable|flinch
|
|-heal|p1a: Clefable|147\/394|[from] item: Leftovers
|turn|99
|c| The Dazzler Joe|This is the best fucking battle of all time! XDDD
|c|âaj14|this is gay as fuck
|
|move|p1a: Clefable|Protect|p1a: Clefable
|-singleturn|p1a: Clefable|Protect
|move|p2a: Chomperz|Rock Slide|p1a: Clefable
|-activate|p1a: Clefable|Protect
|
|-heal|p1a: Clefable|171\/394|[from] item: Leftovers
|turn|100
|c|âNukeTehSableye|^
|c|âaj14|stop haxing me
|
|move|p2a: Chomperz|Earthquake|p1a: Clefable
|-damage|p1a: Clefable|0 fnt
|faint|p1a: Clefable
|
|c|âaj14|unreal
|
|switch|p1a: Latias|Latias, F|364\/364 brn
|turn|101
|
|move|p2a: Chomperz|Dragon Claw|p1a: Latias
|-supereffective|p1a: Latias
|-damage|p1a: Latias|0 fnt
|faint|p1a: Latias
|
|leave|aj14
|player|p1
|c|âNukeTehSableye|HAAHHA
|c| The Dazzler Joe|How much PP do you each hvae? XD
|c|âNukeTehSableye|idk
|c| The Dazzler Joe|This battle is fucking amazing. XD
|c|âNukeTehSableye|Lol
|c|âNukeTehSableye|indeed it was
|-message|Player 1 lost due to inactivity.
|
|win|NukeTehSableye
|c| The Dazzler Joe|And there it is. XD
|c|âNukeTehSableye|http:\/\/replay.pokemonshowdown.com\/battletower-ou-306725
|c| The Dazzler Joe|Damn. AMazing prediction. 0_0
|c| The Dazzler Joe|XD