|join|TakaJJ
|join|aj14
|player|p1|TakaJJ|281
|player|p2|aj14|279
|gametype|singles
|gen|6
|tier|OU
|clearpoke
|poke|p1|Garchomp, M, shiny
|poke|p1|Roserade, F, shiny
|poke|p1|Hippowdon, M
|poke|p1|Sharpedo, M
|poke|p1|Smeargle, M, shiny
|poke|p1|Tyrantrum, M, shiny
|poke|p2|Galvantula, M
|poke|p2|Charizard, M
|poke|p2|Gothitelle, M
|poke|p2|Bisharp, F
|poke|p2|Sableye, F
|poke|p2|Starmie
|rule|Swagger Clause: Swagger is banned
|rule|Baton Pass Clause: Limit one PokÃ©mon knowing Baton Pass
|rule|Sleep Clause Mod: Limit one foe put to sleep
|rule|Species Clause: Limit one of each PokÃ©mon
|rule|OHKO Clause: OHKO moves are banned
|rule|Moody Clause: Moody is banned
|rule|Evasion Moves Clause: Evasion moves are banned
|rule|Endless Battle Clause: Forcing endless battles is banned
|rule|HP Percentage Mod: HP is reported as percentages
|teampreview
|
|start
|switch|p1a: Leonardo|Smeargle, M, shiny|314\/314
|switch|p2a: Galvantula|Galvantula, M|344\/344
|turn|1
|
|move|p2a: Galvantula|Sticky Web|p1a: Leonardo
|-sidestart|p1: TakaJJ|move: Sticky Web
|move|p1a: Leonardo|Dark Void|p2a: Galvantula
|-miss|p1a: Leonardo|p2a: Galvantula
|
|turn|2
|chat|TakaJJ|these misses
|
|move|p2a: Galvantula|Bug Buzz|p1a: Leonardo
|-damage|p1a: Leonardo|109\/314
|move|p1a: Leonardo|Sticky Web|p2a: Galvantula
|-sidestart|p2: aj14|move: Sticky Web
|
|-heal|p1a: Leonardo|128\/314|[from] item: Leftovers
|turn|3
|chat|aj14|i already win
|chat|TakaJJ|nah
|
|move|p2a: Galvantula|Volt Switch|p1a: Leonardo
|-damage|p1a: Leonardo|0 fnt
|faint|p1a: Leonardo
|
|switch|p2a: Bisharp|Bisharp, F|271\/271
|-activate|p2a: Bisharp|move: Sticky Web
|-unboost|p2a: Bisharp|spe|1
|-boost|p2a: Bisharp|atk|2|[from] ability: Defiant
|
|chat|aj14|yep
|chat|aj14|you done fucked up
|chat|aj14|lol
|
|switch|p1a: Mr. Sandman|Hippowdon, M|420\/420
|-activate|p1a: Mr. Sandman|move: Sticky Web
|-unboost|p1a: Mr. Sandman|spe|1
|turn|4
|
|move|p2a: Bisharp|Knock Off|p1a: Mr. Sandman
|-damage|p1a: Mr. Sandman|72\/420
|-enditem|p1a: Mr. Sandman|Leftovers|[from] move: Knock Off|[of] p2a: Bisharp
|-damage|p2a: Bisharp|244\/271|[from] item: Life Orb
|move|p1a: Mr. Sandman|Curse|p1a: Mr. Sandman
|-boost|p1a: Mr. Sandman|atk|1
|-boost|p1a: Mr. Sandman|def|1
|-unboost|p1a: Mr. Sandman|spe|1
|
|turn|5
|chat|aj14|lmao
|chat|TakaJJ|damn
|
|move|p2a: Bisharp|Knock Off|p1a: Mr. Sandman
|-damage|p1a: Mr. Sandman|0 fnt
|-damage|p2a: Bisharp|217\/271|[from] item: Life Orb
|faint|p1a: Mr. Sandman
|
|
|switch|p1a: Kratos|Garchomp, M, shiny|358\/358
|-activate|p1a: Kratos|move: Sticky Web
|-unboost|p1a: Kratos|spe|1
|turn|6
|
|detailschange|p1a: Kratos|Garchomp-Mega, M, shiny
|message|Garchomp has Mega Evolved into Mega Garchomp!
|move|p2a: Bisharp|Sucker Punch|p1a: Kratos
|-crit|p1a: Kratos
|-damage|p1a: Kratos|0 fnt
|-damage|p2a: Bisharp|190\/271|[from] item: Life Orb
|faint|p1a: Kratos
|
|chat|TakaJJ|fuuuuuuuuck
|chat|TakaJJ|you win
|
|switch|p1a: Rex|Tyrantrum, M, shiny|306\/306
|-activate|p1a: Rex|move: Sticky Web
|-unboost|p1a: Rex|spe|1
|turn|7
|chat|aj14|lol
|
|move|p2a: Bisharp|Iron Head|p1a: Rex
|-supereffective|p1a: Rex
|-enditem|p1a: Rex|Focus Sash
|-damage|p1a: Rex|1\/306
|-damage|p2a: Bisharp|163\/271|[from] item: Life Orb
|cant|p1a: Rex|flinch
|
|turn|8
|chat|aj14|fliunch
|chat|aj14|yesss
|chat|aj14|LOL
|chat|TakaJJ|damn hacx
|chat|TakaJJ|hhhhhaaaaxs
|chat|TakaJJ|hhhhhhhhhhhhhhhhhhhhhhhhhhhhhhhhhhhhhhhhaaaaaaaaxxxxxxx
|chat|aj14|your fault giving me an attack boost
|chat|aj14|lol
|
|move|p2a: Bisharp|Knock Off|p1a: Rex
|-damage|p1a: Rex|0 fnt
|-damage|p2a: Bisharp|136\/271|[from] item: Life Orb
|faint|p1a: Rex
|
|
|switch|p1a: Poison Ivy|Roserade, F, shiny|324\/324
|-activate|p1a: Poison Ivy|move: Sticky Web
|-unboost|p1a: Poison Ivy|spe|1
|turn|9
|chat|TakaJJ|hp fire mucst kill it
|chat|TakaJJ|T^T
|chat|aj14|you think im falling for that?>
|
|move|p2a: Bisharp|Knock Off|p1a: Poison Ivy
|-damage|p1a: Poison Ivy|0 fnt
|-enditem|p1a: Poison Ivy|Black Sludge|[from] move: Knock Off|[of] p2a: Bisharp
|-damage|p2a: Bisharp|109\/271|[from] item: Life Orb
|faint|p1a: Poison Ivy
|
|chat|TakaJJ|damn
|chat|TakaJJ|lol
|chat|TakaJJ|it works on nuc
|join|ImmortalZac
|
|switch|p1a: sharknado|Sharpedo, M|281\/281
|-activate|p1a: sharknado|move: Sticky Web
|-unboost|p1a: sharknado|spe|1
|turn|10
|
|move|p1a: sharknado|Protect|p1a: sharknado
|-singleturn|p1a: sharknado|Protect
|move|p2a: Bisharp|Sucker Punch|p1a: sharknado
|-fail|p1a: sharknado
|
|-boost|p1a: sharknado|spe|1|[from] ability: Speed Boost
|turn|11
|chat|ImmortalZac|Getting wrecked JJ lmao oh well AJ battle my new test team after k??
|chat|aj14|ok
|
|move|p1a: sharknado|Protect|p1a: sharknado
|-fail|p1a: sharknado
|move|p2a: Bisharp|Sucker Punch|p1a: sharknado
|-fail|p1a: sharknado
|
|-boost|p1a: sharknado|spe|1|[from] ability: Speed Boost
|turn|12
|chat|TakaJJ|Zav remember
|chat|ImmortalZac|?
|chat|TakaJJ|tht time
|chat|TakaJJ|when you joined
|chat|TakaJJ|and
|chat|ImmortalZac|i beat you yes
|chat|aj14|lol
|chat|ImmortalZac|JJ it's like 3>1
|chat|TakaJJ|and started battlen
|chat|TakaJJ|and
|chat|ImmortalZac|you only beat me because
|chat|TakaJJ|i beat
|chat|TakaJJ|you
|chat|ImmortalZac|i had one pokemon
|chat|TakaJJ|all ha time
|chat|TakaJJ|i have  the replays bro
|chat|ImmortalZac|JJ you've never beat me in a legit battle
|chat|aj14|come on stop arguing
|
|move|p2a: Bisharp|Sucker Punch|p1a: sharknado
|-resisted|p1a: sharknado
|-damage|p1a: sharknado|0 fnt
|-damage|p2a: Bisharp|82\/271|[from] item: Life Orb
|faint|p1a: sharknado
|
|win|aj14
|chat|ImmortalZac|okay show me then
|chat|ImmortalZac|XD
|chat|TakaJJ|yh i have zav