|join|aj14
|join|TheHumanLatios1
|player|p1|aj14|265
|player|p2|TheHumanLatios1|170
|gametype|singles
|gen|6
|tier|ORAS OU
|rated
|rule|Sleep Clause Mod: Limit one foe put to sleep
|rule|Species Clause: Limit one of each PokÃ©mon
|rule|OHKO Clause: OHKO moves are banned
|rule|Moody Clause: Moody is banned
|rule|Evasion Moves Clause: Evasion moves are banned
|rule|Endless Battle Clause: Forcing endless battles is banned
|rule|HP Percentage Mod: HP is shown in percentages
|clearpoke
|poke|p1|Talonflame, F
|poke|p1|Excadrill, M
|poke|p1|Salamence, M
|poke|p1|Mamoswine, F
|poke|p1|Scizor, M
|poke|p1|Raikou, shiny
|poke|p2|Metagross
|poke|p2|Rotom-Wash
|poke|p2|Landorus-Therian, M
|poke|p2|Sylveon, F
|poke|p2|Azumarill, M
|poke|p2|Heatran, F
|rule|Swagger Clause: Swagger is banned
|rule|Baton Pass Clause: Limit one PokÃ©mon knowing Baton Pass
|teampreview
|
|start
|switch|p1a: Scizor|Scizor, M|342\/342
|switch|p2a: Landorus-Therian|Landorus-Therian, M|320\/320
|-ability|p2a: Landorus-Therian|Intimidate|[of] p1a: Scizor
|-unboost|p1a: Scizor|atk|1
|turn|1
|
|switch|p2a: Rotom-Wash|Rotom-Wash|304\/304
|move|p1a: Scizor|U-turn|p2a: Rotom-Wash
|-damage|p2a: Rotom-Wash|198\/304
|
|switch|p1a: Salamence|Salamence, M|377\/377
|-ability|p1a: Salamence|Intimidate|[of] p2a: Rotom-Wash
|-unboost|p2a: Rotom-Wash|atk|1
|
|-heal|p2a: Rotom-Wash|217\/304|[from] item: Leftovers
|turn|2
|
|detailschange|p1a: Salamence|Salamence-Mega, M
|message|Salamence has Mega Evolved into Mega Salamence!
|move|p1a: Salamence|Substitute|p1a: Salamence
|-start|p1a: Salamence|Substitute
|-damage|p1a: Salamence|283\/377
|move|p2a: Rotom-Wash|Will-O-Wisp|p1a: Salamence
|
|-heal|p2a: Rotom-Wash|236\/304|[from] item: Leftovers
|turn|3
|
|move|p1a: Salamence|Dragon Dance|p1a: Salamence
|-boost|p1a: Salamence|atk|1
|-boost|p1a: Salamence|spe|1
|move|p2a: Rotom-Wash|Volt Switch|p1a: Salamence
|-end|p1a: Salamence|Substitute
|
|switch|p2a: Metagross|Metagross|302\/302
|
|turn|4
|
|detailschange|p2a: Metagross|Metagross-Mega
|message|Metagross has Mega Evolved into Mega Metagross!
|move|p1a: Salamence|Substitute|p1a: Salamence
|-start|p1a: Salamence|Substitute
|-damage|p1a: Salamence|189\/377
|move|p2a: Metagross|Ice Punch|p1a: Salamence
|-supereffective|p1a: Salamence
|-end|p1a: Salamence|Substitute
|
|turn|5
|
|switch|p1a: Scizor|Scizor, M|342\/342
|move|p2a: Metagross|Ice Punch|p1a: Scizor
|-resisted|p1a: Scizor
|-damage|p1a: Scizor|279\/342
|
|turn|6
|
|switch|p2a: Rotom-Wash|Rotom-Wash|236\/304
|move|p1a: Scizor|U-turn|p2a: Rotom-Wash
|-damage|p2a: Rotom-Wash|88\/304
|
|switch|p1a: Mamoswine|Mamoswine, F|361\/361
|
|-heal|p2a: Rotom-Wash|107\/304|[from] item: Leftovers
|turn|7
|
|move|p1a: Mamoswine|Freeze-Dry|p2a: Rotom-Wash
|-supereffective|p2a: Rotom-Wash
|-damage|p2a: Rotom-Wash|0 fnt
|-damage|p1a: Mamoswine|325\/361|[from] item: Life Orb
|faint|p2a: Rotom-Wash
|
|
|switch|p2a: Metagross|Metagross-Mega|302\/302
|turn|8
|
|switch|p1a: Talonflame|Talonflame, F|297\/297
|move|p2a: Metagross|Meteor Mash|p1a: Talonflame
|-resisted|p1a: Talonflame
|-damage|p1a: Talonflame|135\/297
|-boost|p2a: Metagross|atk|1
|
|turn|9
|
|switch|p2a: Heatran|Heatran, F|386\/386
|move|p1a: Talonflame|Flare Blitz|p2a: Heatran
|-start|p2a: Heatran|ability: Flash Fire
|
|turn|10
|
|switch|p1a: Salamence|Salamence-Mega, M|189\/377
|move|p2a: Heatran|Substitute|p2a: Heatran
|-start|p2a: Heatran|Substitute
|-damage|p2a: Heatran|290\/386
|
|-heal|p2a: Heatran|314\/386|[from] item: Leftovers
|turn|11
|
|move|p1a: Salamence|Substitute|p1a: Salamence
|-start|p1a: Salamence|Substitute
|-damage|p1a: Salamence|95\/377
|move|p2a: Heatran|Magma Storm|p1a: Salamence
|-resisted|p1a: Salamence
|-end|p1a: Salamence|Substitute
|
|-heal|p2a: Heatran|338\/386|[from] item: Leftovers
|turn|12
|
|move|p1a: Salamence|Substitute|p1a: Salamence
|-start|p1a: Salamence|Substitute
|-damage|p1a: Salamence|1\/377
|move|p2a: Heatran|Magma Storm|p1a: Salamence
|-resisted|p1a: Salamence
|-end|p1a: Salamence|Substitute
|
|-heal|p2a: Heatran|362\/386|[from] item: Leftovers
|turn|13
|
|move|p1a: Salamence|Roost|p1a: Salamence
|-heal|p1a: Salamence|190\/377
|move|p2a: Heatran|Toxic|p1a: Salamence
|-status|p1a: Salamence|tox
|
|-heal|p2a: Heatran|386\/386|[from] item: Leftovers
|-damage|p1a: Salamence|167\/377 tox|[from] psn
|turn|14
|
|move|p2a: Heatran|Protect|p2a: Heatran
|-singleturn|p2a: Heatran|Protect
|move|p1a: Salamence|Roost|p1a: Salamence
|-heal|p1a: Salamence|356\/377 tox
|
|-damage|p1a: Salamence|310\/377 tox|[from] psn
|turn|15
|
|switch|p1a: Raikou|Raikou, shiny|321\/321
|-ability|p1a: Raikou|Pressure
|move|p2a: Heatran|Magma Storm|p1a: Raikou
|-crit|p1a: Raikou
|-damage|p1a: Raikou|0 fnt
|faint|p1a: Raikou
|
|
|switch|p1a: Talonflame|Talonflame, F|135\/297
|turn|16
|
|move|p1a: Talonflame|Brave Bird|p2a: Heatran
|-resisted|p2a: Heatran
|-end|p2a: Heatran|Substitute
|-damage|p1a: Talonflame|103\/297|[from] recoil|[of] p2a: Heatran
|move|p2a: Heatran|Toxic|p1a: Talonflame
|-status|p1a: Talonflame|tox
|
|-damage|p1a: Talonflame|85\/297 tox|[from] psn
|turn|17
|
|switch|p1a: Mamoswine|Mamoswine, F|325\/361
|move|p2a: Heatran|Substitute|p2a: Heatran
|-start|p2a: Heatran|Substitute
|-damage|p2a: Heatran|290\/386
|
|-heal|p2a: Heatran|314\/386|[from] item: Leftovers
|turn|18
|
|move|p2a: Heatran|Protect|p2a: Heatran
|-singleturn|p2a: Heatran|Protect
|move|p1a: Mamoswine|Earthquake|p2a: Heatran
|-activate|p2a: Heatran|Protect
|
|-heal|p2a: Heatran|338\/386|[from] item: Leftovers
|turn|19
|
|move|p1a: Mamoswine|Earthquake|p2a: Heatran
|-supereffective|p2a: Heatran
|-end|p2a: Heatran|Substitute
|-damage|p1a: Mamoswine|289\/361|[from] item: Life Orb
|move|p2a: Heatran|Magma Storm|p1a: Mamoswine
|-supereffective|p1a: Mamoswine
|-damage|p1a: Mamoswine|0 fnt
|faint|p1a: Mamoswine
|
|-heal|p2a: Heatran|362\/386|[from] item: Leftovers
|
|switch|p1a: Excadrill|Excadrill, M|424\/424
|-ability|p1a: Excadrill|Mold Breaker
|turn|20
|
|switch|p2a: Landorus-Therian|Landorus-Therian, M|320\/320
|-ability|p2a: Landorus-Therian|Intimidate|[of] p1a: Excadrill
|-unboost|p1a: Excadrill|atk|1
|move|p1a: Excadrill|Earthquake|p2a: Landorus-Therian
|-immune|p2a: Landorus-Therian|[msg]
|
|turn|21
|
|switch|p1a: Salamence|Salamence-Mega, M|310\/377 tox
|move|p2a: Landorus-Therian|Knock Off|p1a: Salamence
|-damage|p1a: Salamence|248\/377 tox
|
|-damage|p1a: Salamence|225\/377 tox|[from] psn
|turn|22
|
|switch|p2a: Metagross|Metagross-Mega|302\/302
|move|p1a: Salamence|Return|p2a: Metagross
|-resisted|p2a: Metagross
|-damage|p2a: Metagross|211\/302
|
|-damage|p1a: Salamence|179\/377 tox|[from] psn
|turn|23
|
|move|p2a: Metagross|Meteor Mash|p1a: Salamence
|-damage|p1a: Salamence|22\/377 tox
|move|p1a: Salamence|Return|p2a: Metagross
|-resisted|p2a: Metagross
|-damage|p2a: Metagross|134\/302
|
|-damage|p1a: Salamence|0 fnt|[from] psn
|faint|p1a: Salamence
|
|switch|p1a: Scizor|Scizor, M|279\/342
|turn|24
|
|move|p2a: Metagross|Earthquake|p1a: Scizor
|-damage|p1a: Scizor|144\/342
|move|p1a: Scizor|U-turn|p2a: Metagross
|-damage|p2a: Metagross|0 fnt
|faint|p2a: Metagross
|
|switch|p1a: Talonflame|Talonflame, F|85\/297 tox
|
|-damage|p1a: Talonflame|67\/297 tox|[from] psn
|
|switch|p2a: Heatran|Heatran, F|362\/386
|turn|25
|-message|aj14 forfeited.
|
|win|TheHumanLatios1
|raw|Ladder updating...
|leave|aj14
|player|p1
|raw|aj14's rating: 1300 &rarr; <strong>1269<\/strong><br \/>(-31 for losing)
|raw|TheHumanLatios1's rating: 1225 &rarr; <strong>1255<\/strong><br \/>(+30 for winning)