|join|aj14
|join|Gotag0fast
|player|p1|aj14|190
|player|p2|Gotag0fast|1
|gametype|singles
|gen|6
|tier|ORAS OU
|rated
|rule|Sleep Clause Mod: Limit one foe put to sleep
|rule|Species Clause: Limit one of each PokÃ©mon
|rule|OHKO Clause: OHKO moves are banned
|rule|Moody Clause: Moody is banned
|rule|Evasion Moves Clause: Evasion moves are banned
|rule|Endless Battle Clause: Forcing endless battles is banned
|rule|HP Percentage Mod: HP is shown in percentages
|clearpoke
|poke|p1|Latios, M
|poke|p1|Latias, F
|poke|p1|Weavile, M
|poke|p1|Magnezone
|poke|p1|Greninja, F, shiny
|poke|p1|Terrakion
|poke|p2|Salamence, F, shiny
|poke|p2|Greninja, F, shiny
|poke|p2|Entei, shiny
|poke|p2|Bisharp, M, shiny
|poke|p2|Clefable, F
|poke|p2|Starmie
|rule|Swagger Clause: Swagger is banned
|rule|Baton Pass Clause: Limit one PokÃ©mon knowing Baton Pass
|teampreview
|
|start
|switch|p1a: Terrakion|Terrakion|324\/324
|switch|p2a: Broken|Salamence, F, shiny|331\/331
|-ability|p2a: Broken|Intimidate|[of] p1a: Terrakion
|-unboost|p1a: Terrakion|atk|1
|turn|1
|
|detailschange|p2a: Broken|Salamence-Mega, F, shiny
|message|Salamence has Mega Evolved into Mega Salamence!
|move|p1a: Terrakion|Taunt|p2a: Broken
|-start|p2a: Broken|move: Taunt
|move|p2a: Broken|Hyper Voice|p1a: Terrakion
|-damage|p1a: Terrakion|119\/324
|
|turn|2
|
|move|p2a: Broken|Hyper Voice|p1a: Terrakion
|-damage|p1a: Terrakion|0 fnt
|faint|p1a: Terrakion
|
|
|switch|p1a: Greninja|Greninja, F, shiny|285\/285
|turn|3
|
|switch|p2a: Osiris|Entei, shiny|371\/371
|-ability|p2a: Osiris|Pressure
|move|p1a: Greninja|Hydro Pump|p2a: Osiris|[miss]
|-start|p1a: Greninja|typechange|Water|[from] Protean
|-miss|p1a: Greninja|p2a: Osiris
|
|turn|4
|
|switch|p2a: spin|Starmie|261\/261
|move|p1a: Greninja|Hydro Pump|p2a: spin
|-resisted|p2a: spin
|-damage|p2a: spin|186\/261
|-damage|p1a: Greninja|257\/285|[from] item: Life Orb
|
|turn|5
|
|move|p1a: Greninja|Dark Pulse|p2a: spin
|-start|p1a: Greninja|typechange|Dark|[from] Protean
|-supereffective|p2a: spin
|-damage|p2a: spin|0 fnt
|-damage|p1a: Greninja|229\/285|[from] item: Life Orb
|faint|p2a: spin
|
|
|switch|p2a: Osiris|Entei, shiny|371\/371
|-ability|p2a: Osiris|Pressure
|turn|6
|
|switch|p1a: Magnezone|Magnezone|299\/299
|move|p2a: Osiris|Extreme Speed|p1a: Magnezone
|-resisted|p1a: Magnezone
|-damage|p1a: Magnezone|239\/299
|-damage|p2a: Osiris|334\/371|[from] item: Life Orb
|
|turn|7
|
|move|p2a: Osiris|Sacred Fire|p1a: Magnezone
|-supereffective|p1a: Magnezone
|-damage|p1a: Magnezone|0 fnt
|-damage|p2a: Osiris|297\/371|[from] item: Life Orb
|faint|p1a: Magnezone
|
|
|switch|p1a: Weavile|Weavile, M|287\/287
|-ability|p1a: Weavile|Pressure
|turn|8
|
|switch|p2a: Cuty|Clefable, F|394\/394
|move|p1a: Weavile|Knock Off|p2a: Cuty
|-resisted|p2a: Cuty
|-damage|p2a: Cuty|290\/394
|-enditem|p2a: Cuty|Life Orb|[from] move: Knock Off|[of] p1a: Weavile
|-damage|p1a: Weavile|259\/287|[from] item: Life Orb
|
|turn|9
|
|move|p1a: Weavile|Icicle Crash|p2a: Cuty
|-damage|p2a: Cuty|95\/394
|-damage|p1a: Weavile|231\/287|[from] item: Life Orb
|move|p2a: Cuty|Moonblast|p1a: Weavile
|-supereffective|p1a: Weavile
|-damage|p1a: Weavile|1\/287
|-unboost|p1a: Weavile|spa|1
|
|turn|10
|
|move|p1a: Weavile|Icicle Crash|p2a: Cuty
|-damage|p2a: Cuty|0 fnt
|-damage|p1a: Weavile|0 fnt|[from] item: Life Orb
|faint|p2a: Cuty
|faint|p1a: Weavile
|
|
|switch|p2a: Bruklin|Greninja, F, shiny|285\/285
|switch|p1a: Greninja|Greninja, F, shiny|229\/285
|turn|11
|
|move|p2a: Bruklin|Gunk Shot|p1a: Greninja|[miss]
|-start|p2a: Bruklin|typechange|Poison|[from] Protean
|-miss|p2a: Bruklin|p1a: Greninja
|move|p1a: Greninja|Hydro Pump|p2a: Bruklin
|-start|p1a: Greninja|typechange|Water|[from] Protean
|-damage|p2a: Bruklin|0 fnt
|-damage|p1a: Greninja|201\/285|[from] item: Life Orb
|faint|p2a: Bruklin
|
|
|switch|p2a: Osiris|Entei, shiny|297\/371
|-ability|p2a: Osiris|Pressure
|turn|12
|
|switch|p1a: Latias|Latias, F|301\/301
|move|p2a: Osiris|Extreme Speed|p1a: Latias
|-damage|p1a: Latias|167\/301
|-damage|p2a: Osiris|260\/371|[from] item: Life Orb
|
|-heal|p1a: Latias|185\/301|[from] item: Leftovers
|turn|13
|
|switch|p2a: Power Ranger|Bisharp, M, shiny|271\/271
|move|p1a: Latias|Surf|p2a: Power Ranger
|-damage|p2a: Power Ranger|141\/271
|
|-heal|p1a: Latias|203\/301|[from] item: Leftovers
|turn|14
|
|move|p1a: Latias|Surf|p2a: Power Ranger
|-damage|p2a: Power Ranger|15\/271
|move|p2a: Power Ranger|Knock Off|p1a: Latias
|-supereffective|p1a: Latias
|-damage|p1a: Latias|0 fnt
|-enditem|p1a: Latias|Leftovers|[from] move: Knock Off|[of] p2a: Power Ranger
|-damage|p2a: Power Ranger|0 fnt|[from] item: Life Orb
|faint|p1a: Latias
|faint|p2a: Power Ranger
|
|
|switch|p2a: Broken|Salamence-Mega, F, shiny|331\/331
|switch|p1a: Latios|Latios, M|301\/301
|turn|15
|
|detailschange|p1a: Latios|Latios-Mega, M
|message|Latios has Mega Evolved into Mega Latios!
|move|p2a: Broken|Draco Meteor|p1a: Latios
|-supereffective|p1a: Latios
|-damage|p1a: Latios|0 fnt
|-unboost|p2a: Broken|spa|2
|faint|p1a: Latios
|
|
|switch|p1a: Greninja|Greninja, F, shiny|201\/285
|turn|16
|c|âGotag0fast|gg
|
|move|p1a: Greninja|Ice Beam|p2a: Broken
|-start|p1a: Greninja|typechange|Ice|[from] Protean
|-supereffective|p2a: Broken
|-damage|p2a: Broken|0 fnt
|-damage|p1a: Greninja|173\/285|[from] item: Life Orb
|faint|p2a: Broken
|
|
|switch|p2a: Osiris|Entei, shiny|260\/371
|-ability|p2a: Osiris|Pressure
|turn|17
|
|move|p2a: Osiris|Extreme Speed|p1a: Greninja
|-damage|p1a: Greninja|0 fnt
|-damage|p2a: Osiris|223\/371|[from] item: Life Orb
|faint|p1a: Greninja
|
|win|Gotag0fast
|raw|Ladder updating...
|raw|aj14's rating: 1377 &rarr; <strong>1359<\/strong><br \/>(-18 for losing)
|raw|Gotag0fast's rating: 1397 &rarr; <strong>1416<\/strong><br \/>(+19 for winning)
|leave|aj14
|player|p1