|join|Matt0116
|join|aj14
|player|p1|Matt0116|169
|player|p2|aj14|190
|gametype|singles
|gen|6
|tier|ORAS OU
|rated
|rule|Sleep Clause Mod: Limit one foe put to sleep
|rule|Species Clause: Limit one of each PokÃ©mon
|rule|OHKO Clause: OHKO moves are banned
|rule|Moody Clause: Moody is banned
|rule|Evasion Moves Clause: Evasion moves are banned
|rule|Endless Battle Clause: Forcing endless battles is banned
|rule|HP Percentage Mod: HP is shown in percentages
|clearpoke
|poke|p1|Gallade, M
|poke|p1|Slowbro, M
|poke|p1|Heatran, M
|poke|p1|Bisharp, M
|poke|p1|Gengar, F
|poke|p1|Magnezone
|poke|p2|Roserade, M
|poke|p2|Gliscor, F
|poke|p2|Gyarados, F
|poke|p2|Gothitelle, M
|poke|p2|Latias, F
|poke|p2|Mamoswine, F
|rule|Swagger Clause: Swagger is banned
|rule|Baton Pass Clause: Limit one PokÃ©mon knowing Baton Pass
|teampreview
|
|start
|switch|p1a: Gallade|Gallade, M|277\/277
|switch|p2a: Gyarados|Gyarados, F|331\/331
|-ability|p2a: Gyarados|Intimidate|[of] p1a: Gallade
|-unboost|p1a: Gallade|atk|1
|turn|1
|
|switch|p1a: Slowbro|Slowbro, M|394\/394
|move|p2a: Gyarados|Dragon Dance|p2a: Gyarados
|-boost|p2a: Gyarados|atk|1
|-boost|p2a: Gyarados|spe|1
|
|turn|2
|
|move|p2a: Gyarados|Substitute|p2a: Gyarados
|-start|p2a: Gyarados|Substitute
|-damage|p2a: Gyarados|249\/331
|move|p1a: Slowbro|Thunder Wave|p2a: Gyarados
|
|turn|3
|
|detailschange|p2a: Gyarados|Gyarados-Mega, F
|message|Gyarados has Mega Evolved into Mega Gyarados!
|-ability|p2a: Gyarados|Mold Breaker
|move|p2a: Gyarados|Crunch|p1a: Slowbro
|-supereffective|p1a: Slowbro
|-damage|p1a: Slowbro|62\/394
|-damage|p2a: Gyarados|194\/331|[from] item: Rocky Helmet|[of] p1a: Slowbro
|-unboost|p1a: Slowbro|def|1
|move|p1a: Slowbro|Psyshock|p2a: Gyarados
|-immune|p2a: Gyarados|[msg]
|
|turn|4
|
|move|p2a: Gyarados|Dragon Dance|p2a: Gyarados
|-boost|p2a: Gyarados|atk|1
|-boost|p2a: Gyarados|spe|1
|move|p1a: Slowbro|Scald|p2a: Gyarados
|-resisted|p2a: Gyarados
|-activate|p2a: Gyarados|Substitute|[damage]
|
|turn|5
|
|move|p2a: Gyarados|Waterfall|p1a: Slowbro
|-resisted|p1a: Slowbro
|-damage|p1a: Slowbro|0 fnt
|-damage|p2a: Gyarados|139\/331|[from] item: Rocky Helmet|[of] p1a: Slowbro
|faint|p1a: Slowbro
|
|
|switch|p1a: Magnezone|Magnezone|344\/344
|turn|6
|
|move|p2a: Gyarados|Waterfall|p1a: Magnezone
|-damage|p1a: Magnezone|74\/344
|move|p1a: Magnezone|Thunderbolt|p2a: Gyarados
|-supereffective|p2a: Gyarados
|-end|p2a: Gyarados|Substitute
|
|turn|7
|
|move|p2a: Gyarados|Waterfall|p1a: Magnezone
|-damage|p1a: Magnezone|0 fnt
|faint|p1a: Magnezone
|
|
|switch|p1a: Gallade|Gallade, M|277\/277
|turn|8
|
|detailschange|p1a: Gallade|Gallade-Mega, M
|message|Gallade has Mega Evolved into Mega Gallade!
|move|p2a: Gyarados|Waterfall|p1a: Gallade
|-damage|p1a: Gallade|0 fnt
|faint|p1a: Gallade
|
|-message|Matt0116 forfeited.
|leave|Matt0116
|
|win|aj14
|raw|Ladder updating...
|player|p1
|raw|Matt0116's rating: 1192 &rarr; <strong>1171<\/strong><br \/>(-21 for losing)
|raw|aj14's rating: 1240 &rarr; <strong>1262<\/strong><br \/>(+22 for winning)