|join|aj14
|join|DevinOwnsYall
|player|p1|aj14|283
|player|p2|DevinOwnsYall|102
|gametype|singles
|gen|6
|tier|OU
|clearpoke
|poke|p1|Raikou
|poke|p1|Gothitelle, F
|poke|p1|Ferrothorn, F
|poke|p1|Salamence, F
|poke|p1|Clefable, F
|poke|p1|Excadrill, M
|poke|p2|Garchomp, M
|poke|p2|Politoed, F
|poke|p2|Tyranitar, M
|poke|p2|Tornadus-Therian, M
|poke|p2|Venusaur, M
|poke|p2|Keldeo
|rule|Swagger Clause: Swagger is banned
|rule|Baton Pass Clause: Limit one PokÃ©mon knowing Baton Pass
|rule|Sleep Clause Mod: Limit one foe put to sleep
|rule|Species Clause: Limit one of each PokÃ©mon
|rule|OHKO Clause: OHKO moves are banned
|rule|Moody Clause: Moody is banned
|rule|Evasion Moves Clause: Evasion moves are banned
|rule|Endless Battle Clause: Forcing endless battles is banned
|rule|HP Percentage Mod: HP is shown in percentages
|teampreview
|join|LT2B DoomXFTW
|c|âaj14|wetsand
|c|âaj14|not bad
|c|âDevinOwnsYall|yup  another team me nd doom made
|c|âDevinOwnsYall|is 15-0 
|c|âDevinOwnsYall|lets see how it does against u
|c|âaj14|raikou is gonna rekt it cuz doom made it
|c|âDevinOwnsYall|sure
|c|âDevinOwnsYall|leggo
|
|start
|switch|p1a: Ferrothorn|Ferrothorn, F|351\/351
|switch|p2a: Garchomp|Garchomp, M|358\/358
|turn|1
|
|switch|p1a: Clefable|Clefable, F|394\/394
|move|p2a: Garchomp|Swords Dance|p2a: Garchomp
|-boost|p2a: Garchomp|atk|2
|
|turn|2
|
|move|p2a: Garchomp|Earthquake|p1a: Clefable
|-damage|p1a: Clefable|0 fnt
|-damage|p2a: Garchomp|323\/358|[from] item: Life Orb
|faint|p1a: Clefable
|
|c|âDevinOwnsYall|coughs
|
|switch|p1a: Raikou|Raikou|369\/369
|-ability|p1a: Raikou|Pressure
|turn|3
|c| LT2B DoomXFTW|raikou is a threat
|c|âDevinOwnsYall|yea
|c|âDevinOwnsYall|but no worries
|
|switch|p2a: Venusaur|Venusaur, M|364\/364
|move|p1a: Raikou|Substitute|p1a: Raikou
|-start|p1a: Raikou|Substitute
|-damage|p1a: Raikou|277\/369
|
|-heal|p1a: Raikou|300\/369|[from] item: Leftovers
|turn|4
|c|âaj14|gg
|
|detailschange|p2a: Venusaur|Venusaur-Mega, M
|message|Venusaur has Mega Evolved into Mega Venusaur!
|move|p1a: Raikou|Calm Mind|p1a: Raikou
|-boost|p1a: Raikou|spa|1
|-boost|p1a: Raikou|spd|1
|move|p2a: Venusaur|Sludge Bomb|p1a: Raikou
|-activate|p1a: Raikou|Substitute|[damage]
|
|-heal|p1a: Raikou|323\/369|[from] item: Leftovers
|turn|5
|
|switch|p2a: Tyranitar|Tyranitar, M|403\/403
|-weather|Sandstorm
|move|p1a: Raikou|Calm Mind|p1a: Raikou
|-boost|p1a: Raikou|spa|1
|-boost|p1a: Raikou|spd|1
|
|-weather|Sandstorm|[upkeep]
|-damage|p1a: Raikou|300\/369|[from] sandstorm
|-heal|p1a: Raikou|323\/369|[from] item: Leftovers
|turn|6
|c|âDevinOwnsYall|ugh god
|
|move|p1a: Raikou|Thunderbolt|p2a: Tyranitar
|-damage|p2a: Tyranitar|270\/403
|move|p2a: Tyranitar|Crunch|p1a: Raikou
|-end|p1a: Raikou|Substitute
|
|-weather|Sandstorm|[upkeep]
|-damage|p1a: Raikou|300\/369|[from] sandstorm
|-heal|p1a: Raikou|323\/369|[from] item: Leftovers
|-heal|p2a: Tyranitar|295\/403|[from] item: Leftovers
|turn|7
|c| LT2B DoomXFTW|raikou is really good
|c|âDevinOwnsYall|yea
|c| LT2B DoomXFTW|this gen
|c|âDevinOwnsYall|it  is
|c|âDevinOwnsYall|previous gen
|
|switch|p1a: Excadrill|Excadrill, M|362\/362
|-ability|p1a: Excadrill|Mold Breaker
|-item|p1a: Excadrill|Air Balloon
|move|p2a: Tyranitar|Crunch|p1a: Excadrill
|-damage|p1a: Excadrill|167\/362
|-enditem|p1a: Excadrill|Air Balloon
|
|-weather|Sandstorm|[upkeep]
|-heal|p2a: Tyranitar|320\/403|[from] item: Leftovers
|turn|8
|c|âDevinOwnsYall|it was also good
|
|switch|p2a: Politoed|Politoed, F|384\/384
|-weather|RainDance
|move|p1a: Excadrill|Earthquake|p2a: Politoed
|-damage|p2a: Politoed|216\/384
|
|-weather|RainDance|[upkeep]
|-heal|p2a: Politoed|240\/384|[from] item: Leftovers
|turn|9
|c| LT2B DoomXFTW|i skipped gen 5
|c| LT2B DoomXFTW|:\/
|
|switch|p1a: Ferrothorn|Ferrothorn, F|351\/351
|switch|p2a: Tornadus-Therian|Tornadus-Therian, M|299\/299
|
|-weather|RainDance|[upkeep]
|turn|10
|c|âDevinOwnsYall|Tornadus  is pro
|
|move|p2a: Tornadus-Therian|Hurricane|p1a: Ferrothorn
|-crit|p1a: Ferrothorn
|-damage|p1a: Ferrothorn|66\/351
|-start|p1a: Ferrothorn|confusion
|-damage|p2a: Tornadus-Therian|270\/299|[from] item: Life Orb
|-activate|p1a: Ferrothorn|confusion
|move|p1a: Ferrothorn|Stealth Rock|p2a: Tornadus-Therian
|-sidestart|p2: DevinOwnsYall|move: Stealth Rock
|
|-weather|RainDance|[upkeep]
|-heal|p1a: Ferrothorn|87\/351|[from] item: Leftovers
|turn|11
|
|move|p2a: Tornadus-Therian|Hurricane|p1a: Ferrothorn
|-damage|p1a: Ferrothorn|0 fnt
|-damage|p2a: Tornadus-Therian|241\/299|[from] item: Life Orb
|faint|p1a: Ferrothorn
|
|-weather|RainDance|[upkeep]
|
|switch|p1a: Raikou|Raikou|323\/369
|-ability|p1a: Raikou|Pressure
|turn|12
|
|move|p2a: Tornadus-Therian|U-turn|p1a: Raikou
|-damage|p1a: Raikou|236\/369
|-damage|p2a: Tornadus-Therian|212\/299|[from] item: Life Orb
|
|switch|p2a: Tyranitar|Tyranitar, M|320\/403
|-damage|p2a: Tyranitar|270\/403|[from] Stealth Rock
|-weather|Sandstorm
|move|p1a: Raikou|Thunderbolt|p2a: Tyranitar
|-damage|p2a: Tyranitar|210\/403
|
|-weather|Sandstorm|[upkeep]
|-damage|p1a: Raikou|213\/369|[from] sandstorm
|-heal|p1a: Raikou|236\/369|[from] item: Leftovers
|-heal|p2a: Tyranitar|235\/403|[from] item: Leftovers
|turn|13
|
|switch|p1a: Salamence|Salamence, F|394\/394
|-ability|p1a: Salamence|Intimidate|[of] p2a: Tyranitar
|-unboost|p2a: Tyranitar|atk|1
|move|p2a: Tyranitar|Crunch|p1a: Salamence
|-damage|p1a: Salamence|324\/394
|-unboost|p1a: Salamence|def|1
|
|-weather|Sandstorm|[upkeep]
|-damage|p1a: Salamence|300\/394|[from] sandstorm
|-heal|p1a: Salamence|324\/394|[from] item: Leftovers
|-heal|p2a: Tyranitar|260\/403|[from] item: Leftovers
|turn|14
|c|âDevinOwnsYall|really hate mence
|c|âaj14|this hax is bullshit
|
|switch|p1a: Excadrill|Excadrill, M|167\/362
|-ability|p1a: Excadrill|Mold Breaker
|move|p2a: Tyranitar|Ice Beam|p1a: Excadrill
|-damage|p1a: Excadrill|68\/362
|
|-weather|Sandstorm|[upkeep]
|-heal|p2a: Tyranitar|285\/403|[from] item: Leftovers
|turn|15
|c|âDevinOwnsYall|:P
|
|switch|p2a: Venusaur|Venusaur-Mega, M|364\/364
|-damage|p2a: Venusaur|319\/364|[from] Stealth Rock
|move|p1a: Excadrill|Earthquake|p2a: Venusaur
|-damage|p2a: Venusaur|201\/364
|
|-weather|Sandstorm|[upkeep]
|-damage|p2a: Venusaur|179\/364|[from] sandstorm
|turn|16
|c| LT2B DoomXFTW|hax saved u
|c|âaj14|um no
|c|âDevinOwnsYall|^
|c| LT2B DoomXFTW|u wouldnt switch
|c|âaj14|i have fucking protect to scount
|c|âaj14|genius
|c| LT2B DoomXFTW|oh
|c|âaj14|scout
|c|âDevinOwnsYall|oooo
|c|âDevinOwnsYall|aj  
|c|âDevinOwnsYall|like that mattered
|c|âDevinOwnsYall|xD
|c|âDevinOwnsYall|i still have the upper hand
|
|switch|p1a: Gothitelle|Gothitelle, F|343\/343
|move|p2a: Venusaur|Leech Seed|p1a: Gothitelle
|-start|p1a: Gothitelle|move: Leech Seed
|
|-weather|none
|-damage|p1a: Gothitelle|301\/343|[from] Leech Seed|[of] p2a: Venusaur
|-heal|p2a: Venusaur|221\/364|[silent]
|turn|17
|c|âDevinOwnsYall|nd
|
|switch|p1a: Excadrill|Excadrill, M|68\/362
|-ability|p1a: Excadrill|Mold Breaker
|move|p2a: Venusaur|Sleep Powder|p1a: Excadrill|[miss]
|-miss|p2a: Venusaur|p1a: Excadrill
|
|turn|18
|c|âDevinOwnsYall|imfucked
|c|âaj14|LOOK AT THIS HAX
|c|âaj14|omfg
|c|âaj14|fuck it
|-message|aj14 forfeited.
|
|win|DevinOwnsYall