|join|Yelloow
|join|aj14
|player|p1|Yelloow|47
|player|p2|aj14|283
|gametype|singles
|gen|6
|tier|OU
|rated
|clearpoke
|poke|p1|Rotom-Wash
|poke|p1|Landorus-Therian, M
|poke|p1|Heracross, F
|poke|p1|Jirachi
|poke|p1|Latias, F
|poke|p1|Kyurem-Black
|poke|p2|Charizard, M, shiny
|poke|p2|Latios, M
|poke|p2|Keldeo-Resolute
|poke|p2|Clefable, F
|poke|p2|Ferrothorn, F
|poke|p2|Landorus, M
|rule|Swagger Clause: Swagger is banned
|rule|Baton Pass Clause: Limit one PokÃ©mon knowing Baton Pass
|rule|Sleep Clause Mod: Limit one foe put to sleep
|rule|Species Clause: Limit one of each PokÃ©mon
|rule|OHKO Clause: OHKO moves are banned
|rule|Moody Clause: Moody is banned
|rule|Evasion Moves Clause: Evasion moves are banned
|rule|Endless Battle Clause: Forcing endless battles is banned
|rule|HP Percentage Mod: HP is shown in percentages
|teampreview
|
|start
|switch|p1a: Rotom-Wash|Rotom-Wash|304\/304
|switch|p2a: Ferrothorn|Ferrothorn, F|351\/351
|turn|1
|
|move|p1a: Rotom-Wash|Will-O-Wisp|p2a: Ferrothorn|[miss]
|-miss|p1a: Rotom-Wash|p2a: Ferrothorn
|move|p2a: Ferrothorn|Leech Seed|p1a: Rotom-Wash
|-start|p1a: Rotom-Wash|move: Leech Seed
|
|-damage|p1a: Rotom-Wash|266\/304|[from] Leech Seed|[of] p2a: Ferrothorn
|turn|2
|
|move|p1a: Rotom-Wash|Volt Switch|p2a: Ferrothorn
|-resisted|p2a: Ferrothorn
|-damage|p2a: Ferrothorn|312\/351
|
|switch|p1a: Latias|Latias, F|301\/301
|move|p2a: Ferrothorn|Power Whip|p1a: Latias|[miss]
|-miss|p2a: Ferrothorn|p1a: Latias
|
|-heal|p2a: Ferrothorn|333\/351|[from] item: Leftovers
|turn|3
|
|move|p1a: Latias|Psyshock|p2a: Ferrothorn
|-resisted|p2a: Ferrothorn
|-damage|p2a: Ferrothorn|294\/351
|move|p2a: Ferrothorn|Thunder Wave|p1a: Latias
|-status|p1a: Latias|par
|
|-heal|p2a: Ferrothorn|315\/351|[from] item: Leftovers
|turn|4
|
|switch|p2a: Clefable|Clefable, F|394\/394
|move|p1a: Latias|Hidden Power|p2a: Clefable
|-damage|p2a: Clefable|339\/394
|
|-heal|p2a: Clefable|363\/394|[from] item: Leftovers
|turn|5
|
|switch|p1a: Jirachi|Jirachi|404\/404
|move|p2a: Clefable|Stealth Rock|p1a: Jirachi
|-sidestart|p1: Yelloow|move: Stealth Rock
|
|-heal|p2a: Clefable|387\/394|[from] item: Leftovers
|turn|6
|
|switch|p2a: Ferrothorn|Ferrothorn, F|315\/351
|move|p1a: Jirachi|Substitute|p1a: Jirachi
|-start|p1a: Jirachi|Substitute
|-damage|p1a: Jirachi|303\/404
|
|-heal|p1a: Jirachi|328\/404|[from] item: Leftovers
|-heal|p2a: Ferrothorn|336\/351|[from] item: Leftovers
|turn|7
|
|switch|p2a: Landorus|Landorus, M|319\/319
|move|p1a: Jirachi|Fire Punch|p2a: Landorus
|-damage|p2a: Landorus|252\/319
|
|-heal|p1a: Jirachi|353\/404|[from] item: Leftovers
|turn|8
|
|move|p2a: Landorus|Earth Power|p1a: Jirachi
|-supereffective|p1a: Jirachi
|-end|p1a: Jirachi|Substitute
|move|p1a: Jirachi|Iron Head|p2a: Landorus
|-damage|p2a: Landorus|134\/319
|
|-heal|p1a: Jirachi|378\/404|[from] item: Leftovers
|turn|9
|
|switch|p2a: Latios|Latios, M|301\/301
|switch|p1a: Rotom-Wash|Rotom-Wash|266\/304
|-damage|p1a: Rotom-Wash|228\/304|[from] Stealth Rock
|
|turn|10
|
|move|p2a: Latios|Draco Meteor|p1a: Rotom-Wash
|-damage|p1a: Rotom-Wash|28\/304
|-unboost|p2a: Latios|spa|2
|-damage|p2a: Latios|271\/301|[from] item: Life Orb
|move|p1a: Rotom-Wash|Volt Switch|p2a: Latios
|-resisted|p2a: Latios
|-damage|p2a: Latios|235\/301
|
|switch|p1a: Jirachi|Jirachi|378\/404
|-damage|p1a: Jirachi|353\/404|[from] Stealth Rock
|
|-heal|p1a: Jirachi|378\/404|[from] item: Leftovers
|turn|11
|
|switch|p2a: Landorus|Landorus, M|134\/319
|move|p1a: Jirachi|Substitute|p1a: Jirachi
|-start|p1a: Jirachi|Substitute
|-damage|p1a: Jirachi|277\/404
|
|-heal|p1a: Jirachi|302\/404|[from] item: Leftovers
|turn|12
|
|move|p2a: Landorus|Knock Off|p1a: Jirachi
|-supereffective|p1a: Jirachi
|-end|p1a: Jirachi|Substitute
|move|p1a: Jirachi|Iron Head|p2a: Landorus
|-crit|p2a: Landorus
|-damage|p2a: Landorus|0 fnt
|faint|p2a: Landorus
|
|-heal|p1a: Jirachi|327\/404|[from] item: Leftovers
|
|switch|p2a: Charizard|Charizard, M, shiny|297\/297
|turn|13
|
|switch|p1a: Rotom-Wash|Rotom-Wash|28\/304
|-damage|p1a: Rotom-Wash|0 fnt|[from] Stealth Rock
|faint|p1a: Rotom-Wash
|detailschange|p2a: Charizard|Charizard-Mega-X, M, shiny
|message|Charizard has Mega Evolved into Mega Charizard!
|move|p2a: Charizard|Flare Blitz|p1: Rotom-Wash|[notarget]
|-notarget
|
|
|switch|p1a: Landorus-Therian|Landorus-Therian, M|379\/379
|-damage|p1a: Landorus-Therian|332\/379|[from] Stealth Rock
|-ability|p1a: Landorus-Therian|Intimidate|[of] p2a: Charizard
|-unboost|p2a: Charizard|atk|1
|turn|14
|
|switch|p2a: Ferrothorn|Ferrothorn, F|336\/351
|move|p1a: Landorus-Therian|Stealth Rock|p2a: Ferrothorn
|-sidestart|p2: aj14|move: Stealth Rock
|
|-heal|p1a: Landorus-Therian|355\/379|[from] item: Leftovers
|-heal|p2a: Ferrothorn|351\/351|[from] item: Leftovers
|turn|15
|
|move|p1a: Landorus-Therian|U-turn|p2a: Ferrothorn
|-damage|p2a: Ferrothorn|305\/351
|-damage|p1a: Landorus-Therian|308\/379|[from] ability: Iron Barbs|[of] p2a: Ferrothorn
|
|switch|p1a: Latias|Latias, F|301\/301 par
|-damage|p1a: Latias|264\/301 par|[from] Stealth Rock
|move|p2a: Ferrothorn|Leech Seed|p1a: Latias
|-start|p1a: Latias|move: Leech Seed
|
|-heal|p1a: Latias|282\/301 par|[from] item: Leftovers
|-heal|p2a: Ferrothorn|326\/351|[from] item: Leftovers
|-damage|p1a: Latias|245\/301 par|[from] Leech Seed|[of] p2a: Ferrothorn
|-heal|p2a: Ferrothorn|351\/351|[silent]
|turn|16
|
|switch|p1a: Jirachi|Jirachi|327\/404
|-damage|p1a: Jirachi|302\/404|[from] Stealth Rock
|move|p2a: Ferrothorn|Thunder Wave|p1a: Jirachi
|-status|p1a: Jirachi|par
|
|-heal|p1a: Jirachi|327\/404 par|[from] item: Leftovers
|turn|17
|
|switch|p2a: Charizard|Charizard-Mega-X, M, shiny|297\/297
|-damage|p2a: Charizard|223\/297|[from] Stealth Rock
|cant|p1a: Jirachi|par
|
|-heal|p1a: Jirachi|352\/404 par|[from] item: Leftovers
|turn|18
|
|switch|p1a: Latias|Latias, F|245\/301 par
|-damage|p1a: Latias|208\/301 par|[from] Stealth Rock
|move|p2a: Charizard|Flare Blitz|p1a: Latias
|-resisted|p1a: Latias
|-damage|p1a: Latias|53\/301 par
|-damage|p2a: Charizard|172\/297|[from] recoil|[of] p1a: Latias
|
|-heal|p1a: Latias|71\/301 par|[from] item: Leftovers
|turn|19
|
|move|p2a: Charizard|Dragon Claw|p1a: Latias
|-supereffective|p1a: Latias
|-damage|p1a: Latias|0 fnt
|faint|p1a: Latias
|
|
|switch|p1a: Landorus-Therian|Landorus-Therian, M|308\/379
|-damage|p1a: Landorus-Therian|261\/379|[from] Stealth Rock
|-ability|p1a: Landorus-Therian|Intimidate|[of] p2a: Charizard
|-unboost|p2a: Charizard|atk|1
|turn|20
|
|switch|p2a: Latios|Latios, M|235\/301
|-damage|p2a: Latios|198\/301|[from] Stealth Rock
|move|p1a: Landorus-Therian|Earthquake|p2a: Latios
|-immune|p2a: Latios|[msg]
|
|-heal|p1a: Landorus-Therian|284\/379|[from] item: Leftovers
|turn|21
|
|switch|p1a: Jirachi|Jirachi|352\/404 par
|-damage|p1a: Jirachi|327\/404 par|[from] Stealth Rock
|move|p2a: Latios|Defog|p1a: Jirachi
|-unboost|p1a: Jirachi|evasion|1
|-sideend|p1: Yelloow|Stealth Rock|[from] move: Defog|[of] p1a: Jirachi
|-sideend|p2: aj14|Stealth Rock|[from] move: Defog|[of] p2a: Latios
|
|-heal|p1a: Jirachi|352\/404 par|[from] item: Leftovers
|turn|22
|
|switch|p2a: Charizard|Charizard-Mega-X, M, shiny|172\/297
|move|p1a: Jirachi|Substitute|p1a: Jirachi
|-start|p1a: Jirachi|Substitute
|-damage|p1a: Jirachi|251\/404 par
|
|-heal|p1a: Jirachi|276\/404 par|[from] item: Leftovers
|turn|23
|
|move|p2a: Charizard|Flare Blitz|p1a: Jirachi
|-supereffective|p1a: Jirachi
|-end|p1a: Jirachi|Substitute
|-damage|p2a: Charizard|139\/297|[from] recoil|[of] p1a: Jirachi
|move|p1a: Jirachi|Toxic|p2a: Charizard
|-status|p2a: Charizard|tox
|
|-heal|p1a: Jirachi|301\/404 par|[from] item: Leftovers
|-damage|p2a: Charizard|121\/297 tox|[from] psn
|turn|24
|
|switch|p1a: Landorus-Therian|Landorus-Therian, M|284\/379
|-ability|p1a: Landorus-Therian|Intimidate|[of] p2a: Charizard
|-unboost|p2a: Charizard|atk|1
|move|p2a: Charizard|Flare Blitz|p1a: Landorus-Therian
|-damage|p1a: Landorus-Therian|125\/379
|-damage|p2a: Charizard|69\/297 tox|[from] recoil|[of] p1a: Landorus-Therian
|
|-heal|p1a: Landorus-Therian|148\/379|[from] item: Leftovers
|-damage|p2a: Charizard|33\/297 tox|[from] psn
|turn|25
|
|move|p2a: Charizard|Flare Blitz|p1a: Landorus-Therian
|-damage|p1a: Landorus-Therian|0 fnt
|-damage|p2a: Charizard|0 fnt|[from] recoil|[of] p1a: Landorus-Therian
|faint|p1a: Landorus-Therian
|faint|p2a: Charizard
|
|
|switch|p2a: Keldeo-Resolute|Keldeo-Resolute|323\/323
|switch|p1a: Kyurem-Black|Kyurem-Black|391\/391
|-ability|p1a: Kyurem-Black|Teravolt
|turn|26
|
|move|p1a: Kyurem-Black|Fusion Bolt|p2a: Keldeo-Resolute
|-supereffective|p2a: Keldeo-Resolute
|-damage|p2a: Keldeo-Resolute|0 fnt
|faint|p2a: Keldeo-Resolute
|
|
|switch|p2a: Clefable|Clefable, F|387\/394
|turn|27
|
|switch|p1a: Jirachi|Jirachi|301\/404 par
|move|p2a: Clefable|Flamethrower|p1a: Jirachi
|-supereffective|p1a: Jirachi
|-damage|p1a: Jirachi|173\/404 par
|
|-heal|p2a: Clefable|394\/394|[from] item: Leftovers
|-heal|p1a: Jirachi|198\/404 par|[from] item: Leftovers
|turn|28
|
|move|p2a: Clefable|Flamethrower|p1a: Jirachi
|-supereffective|p1a: Jirachi
|-damage|p1a: Jirachi|70\/404 par
|move|p1a: Jirachi|Iron Head|p2a: Clefable
|-supereffective|p2a: Clefable
|-damage|p2a: Clefable|178\/394
|
|-heal|p2a: Clefable|202\/394|[from] item: Leftovers
|-heal|p1a: Jirachi|95\/404 par|[from] item: Leftovers
|turn|29
|
|move|p2a: Clefable|Flamethrower|p1a: Jirachi
|-supereffective|p1a: Jirachi
|-damage|p1a: Jirachi|0 fnt
|faint|p1a: Jirachi
|
|-heal|p2a: Clefable|226\/394|[from] item: Leftovers
|
|switch|p1a: Heracross|Heracross, F|301\/301
|turn|30
|
|detailschange|p1a: Heracross|Heracross-Mega, F
|message|Heracross has Mega Evolved into Mega Heracross!
|move|p1a: Heracross|Rock Blast|p2a: Clefable
|-damage|p2a: Clefable|180\/394
|-damage|p2a: Clefable|140\/394
|-damage|p2a: Clefable|100\/394
|-damage|p2a: Clefable|58\/394
|-damage|p2a: Clefable|18\/394
|-hitcount|p2a: Clefable|5
|move|p2a: Clefable|Moonblast|p1a: Heracross
|-supereffective|p1a: Heracross
|-damage|p1a: Heracross|77\/301
|-unboost|p1a: Heracross|spa|1
|
|-heal|p2a: Clefable|42\/394|[from] item: Leftovers
|turn|31
|
|move|p1a: Heracross|Pin Missile|p2a: Clefable
|-resisted|p2a: Clefable
|-damage|p2a: Clefable|13\/394
|-resisted|p2a: Clefable
|-damage|p2a: Clefable|0 fnt
|-hitcount|p2a: Clefable|2
|faint|p2a: Clefable
|
|
|switch|p2a: Latios|Latios, M|198\/301
|turn|32
|
|move|p2a: Latios|Draco Meteor|p1a: Heracross
|-damage|p1a: Heracross|0 fnt
|-unboost|p2a: Latios|spa|2
|-damage|p2a: Latios|168\/301|[from] item: Life Orb
|faint|p1a: Heracross
|
|
|switch|p1a: Kyurem-Black|Kyurem-Black|391\/391
|-ability|p1a: Kyurem-Black|Teravolt
|turn|33
|
|move|p1a: Kyurem-Black|Ice Beam|p2a: Latios
|-supereffective|p2a: Latios
|-damage|p2a: Latios|0 fnt
|faint|p2a: Latios
|
|
|switch|p2a: Ferrothorn|Ferrothorn, F|351\/351
|turn|34
|
|move|p1a: Kyurem-Black|Ice Beam|p2a: Ferrothorn
|-damage|p2a: Ferrothorn|249\/351
|move|p2a: Ferrothorn|Leech Seed|p1a: Kyurem-Black
|-start|p1a: Kyurem-Black|move: Leech Seed
|
|-heal|p2a: Ferrothorn|270\/351|[from] item: Leftovers
|-damage|p1a: Kyurem-Black|343\/391|[from] Leech Seed|[of] p2a: Ferrothorn
|-heal|p2a: Ferrothorn|318\/351|[silent]
|turn|35
|
|move|p2a: Ferrothorn|Protect|p2a: Ferrothorn
|-singleturn|p2a: Ferrothorn|Protect
|move|p1a: Kyurem-Black|Ice Beam|p2a: Ferrothorn
|-activate|p2a: Ferrothorn|Protect
|
|-heal|p2a: Ferrothorn|339\/351|[from] item: Leftovers
|-damage|p1a: Kyurem-Black|295\/391|[from] Leech Seed|[of] p2a: Ferrothorn
|-heal|p2a: Ferrothorn|351\/351|[silent]
|turn|36
|
|move|p1a: Kyurem-Black|Ice Beam|p2a: Ferrothorn
|-damage|p2a: Ferrothorn|248\/351
|move|p2a: Ferrothorn|Thunder Wave|p1a: Kyurem-Black
|-status|p1a: Kyurem-Black|par
|
|-heal|p2a: Ferrothorn|269\/351|[from] item: Leftovers
|-damage|p1a: Kyurem-Black|247\/391 par|[from] Leech Seed|[of] p2a: Ferrothorn
|-heal|p2a: Ferrothorn|317\/351|[silent]
|turn|37
|-message|Yelloow forfeited.
|
|win|aj14
|raw|Ladder updating...
|leave|Yelloow
|player|p1
|raw|Yelloow's rating: 1581 &rarr; <strong>1559<\/strong><br \/>(-22 for losing)
|raw|aj14's rating: 1536 &rarr; <strong>1559<\/strong><br \/>(+23 for winning)