|join|fabian11estrada
|join|aj14
|player|p1|fabian11estrada|265
|player|p2|aj14|70
|gametype|singles
|gen|6
|tier|OU
|rated
|clearpoke
|poke|p1|Scizor, M
|poke|p1|Conkeldurr, M
|poke|p1|Charizard, M
|poke|p1|Latias, F
|poke|p1|Gliscor, M
|poke|p1|Greninja, M
|poke|p2|Volcarona, M
|poke|p2|Dugtrio, F
|poke|p2|Azelf
|poke|p2|Ampharos, F
|poke|p2|Skarmory, M
|poke|p2|Clefable, M
|rule|Swagger Clause: Swagger is banned
|rule|Baton Pass Clause: Limit one PokÃ©mon knowing Baton Pass
|rule|Sleep Clause Mod: Limit one foe put to sleep
|rule|Species Clause: Limit one of each PokÃ©mon
|rule|OHKO Clause: OHKO moves are banned
|rule|Moody Clause: Moody is banned
|rule|Evasion Moves Clause: Evasion moves are banned
|rule|Endless Battle Clause: Forcing endless battles is banned
|rule|HP Percentage Mod: HP is shown in percentages
|teampreview
|join|DoomX
|
|start
|switch|p1a: Greninja|Greninja, M|285\/285
|switch|p2a: Azelf|Azelf|291\/291
|turn|1
|
|move|p1a: Greninja|Surf|p2a: Azelf
|-start|p1a: Greninja|typechange|Water|[from] Protean
|-damage|p2a: Azelf|14\/291
|-damage|p1a: Greninja|257\/285|[from] item: Life Orb
|move|p2a: Azelf|Explosion|p1a: Greninja
|-damage|p1a: Greninja|0 fnt
|faint|p2a: Azelf
|faint|p1a: Greninja
|
|
|switch|p1a: Charizard|Charizard, M|297\/297
|switch|p2a: Ampharos|Ampharos, F|383\/383
|turn|2
|
|switch|p1a: Gliscor|Gliscor, M|353\/353
|detailschange|p2a: Ampharos|Ampharos-Mega, F
|-mega|p2a: Ampharos|Ampharos|Ampharosite
|-ability|p2a: Ampharos|Mold Breaker
|move|p2a: Ampharos|Volt Switch|p1a: Gliscor
|-immune|p1a: Gliscor|[msg]
|
|-status|p1a: Gliscor|tox|[from] item: Toxic Orb
|turn|3
|
|switch|p2a: Skarmory|Skarmory, M|333\/333
|move|p1a: Gliscor|Stealth Rock|p2a: Skarmory
|-sidestart|p2: aj14|move: Stealth Rock
|
|turn|4
|
|switch|p1a: Charizard|Charizard, M|297\/297
|move|p2a: Skarmory|Defog|p1a: Charizard
|-unboost|p1a: Charizard|evasion|1
|-sideend|p2: aj14|Stealth Rock|[from] move: Defog|[of] p2a: Skarmory
|
|turn|5
|
|detailschange|p1a: Charizard|Charizard-Mega-Y, M
|-mega|p1a: Charizard|Charizard|Charizardite Y
|-weather|SunnyDay
|move|p1a: Charizard|Fire Blast|p2a: Skarmory
|-supereffective|p2a: Skarmory
|-activate|p2a: Skarmory|Sturdy
|-damage|p2a: Skarmory|1\/333
|move|p2a: Skarmory|Stealth Rock|p1a: Charizard
|-sidestart|p1: fabian11estrada|move: Stealth Rock
|
|-weather|SunnyDay|[upkeep]
|turn|6
|
|move|p1a: Charizard|Dragon Pulse|p2a: Skarmory
|-resisted|p2a: Skarmory
|-damage|p2a: Skarmory|0 fnt
|faint|p2a: Skarmory
|
|-weather|SunnyDay|[upkeep]
|
|switch|p2a: Ampharos|Ampharos-Mega, F|383\/383
|-ability|p2a: Ampharos|Mold Breaker
|turn|7
|
|move|p1a: Charizard|Dragon Pulse|p2a: Ampharos
|-supereffective|p2a: Ampharos
|-damage|p2a: Ampharos|223\/383
|move|p2a: Ampharos|Dragon Pulse|p1a: Charizard
|-damage|p1a: Charizard|155\/297
|
|-weather|SunnyDay|[upkeep]
|turn|8
|
|switch|p1a: Gliscor|Gliscor, M|353\/353 tox
|-damage|p1a: Gliscor|309\/353 tox|[from] Stealth Rock
|move|p2a: Ampharos|Dragon Pulse|p1a: Gliscor
|-damage|p1a: Gliscor|126\/353 tox
|
|-weather|SunnyDay|[upkeep]
|-heal|p1a: Gliscor|170\/353 tox|[from] ability: Poison Heal
|turn|9
|
|move|p1a: Gliscor|Earthquake|p2a: Ampharos
|-supereffective|p2a: Ampharos
|-damage|p2a: Ampharos|23\/383
|move|p2a: Ampharos|Dragon Pulse|p1a: Gliscor
|-damage|p1a: Gliscor|0 fnt
|faint|p1a: Gliscor
|
|-weather|none
|
|switch|p1a: Scizor|Scizor, M|343\/343
|-damage|p1a: Scizor|301\/343|[from] Stealth Rock
|turn|10
|
|move|p1a: Scizor|U-turn|p2a: Ampharos
|-damage|p2a: Ampharos|0 fnt
|faint|p2a: Ampharos
|
|switch|p1a: Latias|Latias, F|301\/301
|-damage|p1a: Latias|264\/301|[from] Stealth Rock
|
|-heal|p1a: Latias|282\/301|[from] item: Leftovers
|
|switch|p2a: Clefable|Clefable, M|394\/394
|turn|11
|
|move|p1a: Latias|Defog|p2a: Clefable
|-unboost|p2a: Clefable|evasion|1
|-sideend|p1: fabian11estrada|Stealth Rock|[from] move: Defog|[of] p1a: Latias
|move|p2a: Clefable|Calm Mind|p2a: Clefable
|-boost|p2a: Clefable|spa|1
|-boost|p2a: Clefable|spd|1
|
|-heal|p1a: Latias|300\/301|[from] item: Leftovers
|turn|12
|
|switch|p1a: Scizor|Scizor, M|301\/343
|move|p2a: Clefable|Moonblast|p1a: Scizor
|-resisted|p1a: Scizor
|-damage|p1a: Scizor|202\/343
|
|turn|13
|
|move|p1a: Scizor|Bullet Punch|p2a: Clefable
|-crit|p2a: Clefable
|-supereffective|p2a: Clefable
|-damage|p2a: Clefable|0 fnt
|faint|p2a: Clefable
|
|
|switch|p2a: Volcarona|Volcarona, M|373\/373
|turn|14
|
|switch|p1a: Latias|Latias, F|300\/301
|move|p2a: Volcarona|Quiver Dance|p2a: Volcarona
|-boost|p2a: Volcarona|spa|1
|-boost|p2a: Volcarona|spd|1
|-boost|p2a: Volcarona|spe|1
|
|-heal|p1a: Latias|301\/301|[from] item: Leftovers
|turn|15
|
|move|p2a: Volcarona|Quiver Dance|p2a: Volcarona
|-boost|p2a: Volcarona|spa|1
|-boost|p2a: Volcarona|spd|1
|-boost|p2a: Volcarona|spe|1
|move|p1a: Latias|Thunder Wave|p2a: Volcarona
|-status|p2a: Volcarona|par
|
|turn|16
|
|move|p1a: Latias|Dragon Pulse|p2a: Volcarona
|-damage|p2a: Volcarona|301\/373 par
|move|p2a: Volcarona|Quiver Dance|p2a: Volcarona
|-boost|p2a: Volcarona|spa|1
|-boost|p2a: Volcarona|spd|1
|-boost|p2a: Volcarona|spe|1
|
|-heal|p2a: Volcarona|324\/373 par|[from] item: Leftovers
|turn|17
|
|move|p1a: Latias|Dragon Pulse|p2a: Volcarona
|-damage|p2a: Volcarona|270\/373 par
|move|p2a: Volcarona|Quiver Dance|p2a: Volcarona
|-boost|p2a: Volcarona|spa|1
|-boost|p2a: Volcarona|spd|1
|-boost|p2a: Volcarona|spe|1
|
|-heal|p2a: Volcarona|293\/373 par|[from] item: Leftovers
|turn|18
|join|TheUberTherian
|
|move|p1a: Latias|Dragon Pulse|p2a: Volcarona
|-damage|p2a: Volcarona|245\/373 par
|move|p2a: Volcarona|Substitute|p2a: Volcarona
|-start|p2a: Volcarona|Substitute
|-damage|p2a: Volcarona|152\/373 par
|
|-heal|p2a: Volcarona|175\/373 par|[from] item: Leftovers
|turn|19
|c| TheUberTherian|t-wave
|c| TheUberTherian|latias
|c| TheUberTherian|lol
|
|move|p1a: Latias|Dragon Pulse|p2a: Volcarona
|-activate|p2a: Volcarona|Substitute|[damage]
|cant|p2a: Volcarona|par
|
|-heal|p2a: Volcarona|198\/373 par|[from] item: Leftovers
|turn|20
|
|move|p1a: Latias|Dragon Pulse|p2a: Volcarona
|-activate|p2a: Volcarona|Substitute|[damage]
|move|p2a: Volcarona|Quiver Dance|p2a: Volcarona
|-boost|p2a: Volcarona|spa|1
|-boost|p2a: Volcarona|spd|1
|-boost|p2a: Volcarona|spe|1
|
|-heal|p2a: Volcarona|221\/373 par|[from] item: Leftovers
|turn|21
|
|move|p1a: Latias|Dragon Pulse|p2a: Volcarona
|-end|p2a: Volcarona|Substitute
|move|p2a: Volcarona|Quiver Dance|p2a: Volcarona
|-boost|p2a: Volcarona|spa|1
|-boost|p2a: Volcarona|spd|1
|-boost|p2a: Volcarona|spe|1
|
|-heal|p2a: Volcarona|244\/373 par|[from] item: Leftovers
|turn|22
|
|move|p1a: Latias|Dragon Pulse|p2a: Volcarona
|-damage|p2a: Volcarona|210\/373 par
|move|p2a: Volcarona|Roost|p2a: Volcarona
|-heal|p2a: Volcarona|373\/373 par
|
|turn|23
|
|move|p1a: Latias|Dragon Pulse|p2a: Volcarona
|-damage|p2a: Volcarona|340\/373 par
|move|p2a: Volcarona|Substitute|p2a: Volcarona
|-start|p2a: Volcarona|Substitute
|-damage|p2a: Volcarona|247\/373 par
|
|-heal|p2a: Volcarona|270\/373 par|[from] item: Leftovers
|turn|24
|-message|fabian11estrada forfeited.
|leave|fabian11estrada
|
|win|aj14
|raw|Ladder updating...
|leave|DoomX
|player|p1
|raw|fabian11estrada's rating: 1348 &rarr; <strong>1333<\/strong><br \/>(-15 for losing)
|raw|aj14's rating: 1427 &rarr; <strong>1443<\/strong><br \/>(+16 for winning)
|leave|aj14
|player|p2
|join|subzeromkx