|join|aj14
|join|Patodragon.v30
|player|p1|aj14|283
|player|p2|Patodragon.v30|2
|gametype|singles
|gen|6
|tier|OU (suspect test)
|rated
|clearpoke
|poke|p1|Clefable, F
|poke|p1|Tyranitar, F
|poke|p1|Excadrill, M
|poke|p1|Gothitelle, M
|poke|p1|Heracross, F
|poke|p1|Dragonite, M
|poke|p2|Talonflame, M
|poke|p2|Raikou
|poke|p2|Excadrill, M
|poke|p2|Pinsir, M
|poke|p2|Greninja, F
|poke|p2|Terrakion
|rule|Swagger Clause: Swagger is banned
|rule|Baton Pass Clause: Limit one PokÃ©mon knowing Baton Pass
|rule|Sleep Clause Mod: Limit one foe put to sleep
|rule|Species Clause: Limit one of each PokÃ©mon
|rule|OHKO Clause: OHKO moves are banned
|rule|Moody Clause: Moody is banned
|rule|Evasion Moves Clause: Evasion moves are banned
|rule|Endless Battle Clause: Forcing endless battles is banned
|rule|HP Percentage Mod: HP is reported as percentages
|teampreview
|join|DoomXFTW
|
|start
|switch|p1a: Clefable|Clefable, F|394\/394
|switch|p2a: Terrakion|Terrakion|324\/324
|turn|1
|
|move|p2a: Terrakion|Taunt|p1a: Clefable
|-start|p1a: Clefable|move: Taunt
|move|p1a: Clefable|Moonblast|p2a: Terrakion
|-supereffective|p2a: Terrakion
|-damage|p2a: Terrakion|94\/324
|
|turn|2
|
|move|p2a: Terrakion|Stealth Rock|p1a: Clefable
|-sidestart|p1: aj14|move: Stealth Rock
|move|p1a: Clefable|Moonblast|p2a: Terrakion
|-supereffective|p2a: Terrakion
|-damage|p2a: Terrakion|0 fnt
|faint|p2a: Terrakion
|
|
|switch|p2a: Talonflame|Talonflame, M|316\/316
|turn|3
|
|move|p2a: Talonflame|Will-O-Wisp|p1a: Clefable
|-status|p1a: Clefable|brn
|move|p1a: Clefable|Flamethrower|p2a: Talonflame
|-resisted|p2a: Talonflame
|-damage|p2a: Talonflame|267\/316
|
|-end|p1a: Clefable|move: Taunt
|turn|4
|
|move|p2a: Talonflame|Will-O-Wisp|p1a: Clefable
|-fail|p1a: Clefable|brn
|move|p1a: Clefable|Flamethrower|p2a: Talonflame
|-resisted|p2a: Talonflame
|-damage|p2a: Talonflame|221\/316
|
|turn|5
|
|move|p2a: Talonflame|Bulk Up|p2a: Talonflame
|-boost|p2a: Talonflame|atk|1
|-boost|p2a: Talonflame|def|1
|move|p1a: Clefable|Flamethrower|p2a: Talonflame
|-resisted|p2a: Talonflame
|-damage|p2a: Talonflame|177\/316
|
|turn|6
|
|switch|p1a: Tyranitar|Tyranitar, F|404\/404
|-damage|p1a: Tyranitar|354\/404|[from] Stealth Rock
|-weather|Sandstorm
|move|p2a: Talonflame|Bulk Up|p2a: Talonflame
|-boost|p2a: Talonflame|atk|1
|-boost|p2a: Talonflame|def|1
|
|-weather|Sandstorm|[upkeep]
|-damage|p2a: Talonflame|158\/316|[from] sandstorm
|turn|7
|
|move|p2a: Talonflame|Roost|p2a: Talonflame
|-heal|p2a: Talonflame|316\/316
|move|p1a: Tyranitar|Crunch|p2a: Talonflame
|-damage|p2a: Talonflame|238\/316
|
|-weather|Sandstorm|[upkeep]
|-damage|p2a: Talonflame|219\/316|[from] sandstorm
|turn|8
|
|switch|p1a: Excadrill|Excadrill, M|361\/361
|-damage|p1a: Excadrill|350\/361|[from] Stealth Rock
|move|p2a: Talonflame|Will-O-Wisp|p1a: Excadrill
|-status|p1a: Excadrill|brn
|
|-weather|Sandstorm|[upkeep]
|-damage|p2a: Talonflame|200\/316|[from] sandstorm
|-damage|p1a: Excadrill|305\/361 brn|[from] brn
|turn|9
|
|move|p2a: Talonflame|Brave Bird|p1a: Excadrill
|-resisted|p1a: Excadrill
|-damage|p1a: Excadrill|2\/361 brn
|-damage|p2a: Talonflame|100\/316|[from] recoil|[of] p1a: Excadrill
|move|p1a: Excadrill|Rock Slide|p2a: Talonflame
|-miss|p1a: Excadrill|p2a: Talonflame
|
|-weather|Sandstorm|[upkeep]
|-damage|p2a: Talonflame|81\/316|[from] sandstorm
|-damage|p1a: Excadrill|0 fnt|[from] brn
|faint|p1a: Excadrill
|
|switch|p1a: Dragonite|Dragonite, M|337\/337
|-damage|p1a: Dragonite|253\/337|[from] Stealth Rock
|turn|10
|
|switch|p2a: Excadrill|Excadrill, M|362\/362
|-ability|p2a: Excadrill|Mold Breaker
|move|p1a: Dragonite|Extreme Speed|p2a: Excadrill
|-resisted|p2a: Excadrill
|-damage|p2a: Excadrill|231\/362
|
|-weather|Sandstorm|[upkeep]
|-damage|p1a: Dragonite|232\/337|[from] sandstorm
|turn|11
|
|switch|p2a: Raikou|Raikou|321\/321
|-ability|p2a: Raikou|Pressure
|switch|p1a: Heracross|Heracross, F|301\/301
|-damage|p1a: Heracross|264\/301|[from] Stealth Rock
|
|-weather|Sandstorm|[upkeep]
|-damage|p2a: Raikou|301\/321|[from] sandstorm
|-damage|p1a: Heracross|246\/301|[from] sandstorm
|turn|12
|
|detailschange|p1a: Heracross|Heracross-Mega, F
|message|Heracross has Mega Evolved into Mega Heracross!
|move|p2a: Raikou|Thunderbolt|p1a: Heracross
|-damage|p1a: Heracross|113\/301
|move|p1a: Heracross|Pin Missile|p2a: Raikou
|-damage|p2a: Raikou|229\/321
|-damage|p2a: Raikou|160\/321
|-damage|p2a: Raikou|85\/321
|-damage|p2a: Raikou|15\/321
|-damage|p2a: Raikou|0 fnt
|-hitcount|p2a: Raikou|5
|faint|p2a: Raikou
|
|-weather|Sandstorm|[upkeep]
|-damage|p1a: Heracross|95\/301|[from] sandstorm
|
|switch|p2a: Pinsir|Pinsir, M|271\/271
|turn|13
|
|detailschange|p2a: Pinsir|Pinsir-Mega, M
|message|Pinsir has Mega Evolved into Mega Pinsir!
|move|p2a: Pinsir|Return|p1a: Heracross
|-supereffective|p1a: Heracross
|-damage|p1a: Heracross|0 fnt
|faint|p1a: Heracross
|
|-weather|none
|
|switch|p1a: Gothitelle|Gothitelle, M|281\/281
|-damage|p1a: Gothitelle|246\/281|[from] Stealth Rock
|turn|14
|
|move|p1a: Gothitelle|Thunderbolt|p2a: Pinsir
|-supereffective|p2a: Pinsir
|-damage|p2a: Pinsir|89\/271
|move|p2a: Pinsir|Return|p1a: Gothitelle
|-crit|p1a: Gothitelle
|-damage|p1a: Gothitelle|0 fnt
|faint|p1a: Gothitelle
|
|
|switch|p1a: Dragonite|Dragonite, M|232\/337
|-damage|p1a: Dragonite|148\/337|[from] Stealth Rock
|turn|15
|
|switch|p2a: Talonflame|Talonflame, M|81\/316
|move|p1a: Dragonite|Extreme Speed|p2a: Talonflame
|-damage|p2a: Talonflame|0 fnt
|faint|p2a: Talonflame
|
|
|switch|p2a: Excadrill|Excadrill, M|231\/362
|-ability|p2a: Excadrill|Mold Breaker
|turn|16
|
|switch|p1a: Clefable|Clefable, F|394\/394 brn
|move|p2a: Excadrill|Iron Head|p1a: Clefable
|-supereffective|p1a: Clefable
|-damage|p1a: Clefable|74\/394 brn
|
|-heal|p1a: Clefable|98\/394 brn|[from] item: Leftovers
|turn|17
|
|move|p2a: Excadrill|Iron Head|p1a: Clefable
|-supereffective|p1a: Clefable
|-damage|p1a: Clefable|0 fnt
|faint|p1a: Clefable
|
|
|switch|p1a: Tyranitar|Tyranitar, F|354\/404
|-damage|p1a: Tyranitar|304\/404|[from] Stealth Rock
|-weather|Sandstorm
|turn|18
|
|switch|p2a: Greninja|Greninja, F|286\/286
|move|p1a: Tyranitar|Superpower|p2a: Greninja
|-supereffective|p2a: Greninja
|-damage|p2a: Greninja|0 fnt
|-unboost|p1a: Tyranitar|atk|1
|-unboost|p1a: Tyranitar|def|1
|faint|p2a: Greninja
|
|-weather|Sandstorm|[upkeep]
|
|switch|p2a: Pinsir|Pinsir-Mega, M|89\/271
|turn|19
|
|move|p2a: Pinsir|Return|p1a: Tyranitar
|-crit|p1a: Tyranitar
|-resisted|p1a: Tyranitar
|-damage|p1a: Tyranitar|37\/404
|move|p1a: Tyranitar|Stealth Rock|p2a: Pinsir
|-sidestart|p2: Patodragon.v30|move: Stealth Rock
|
|-weather|Sandstorm|[upkeep]
|-damage|p2a: Pinsir|73\/271|[from] sandstorm
|turn|20
|
|move|p2a: Pinsir|Return|p1a: Tyranitar
|-resisted|p1a: Tyranitar
|-damage|p1a: Tyranitar|0 fnt
|faint|p1a: Tyranitar
|
|-weather|Sandstorm|[upkeep]
|-damage|p2a: Pinsir|57\/271|[from] sandstorm
|
|switch|p1a: Dragonite|Dragonite, M|148\/337
|-damage|p1a: Dragonite|64\/337|[from] Stealth Rock
|turn|21
|
|move|p1a: Dragonite|Extreme Speed|p2a: Pinsir
|-damage|p2a: Pinsir|0 fnt
|faint|p2a: Pinsir
|
|-weather|Sandstorm|[upkeep]
|-damage|p1a: Dragonite|43\/337|[from] sandstorm
|
|switch|p2a: Excadrill|Excadrill, M|231\/362
|-damage|p2a: Excadrill|220\/362|[from] Stealth Rock
|-ability|p2a: Excadrill|Mold Breaker
|turn|22
|chat|Patodragon.v30|please don't crit
|
|move|p1a: Dragonite|Extreme Speed|p2a: Excadrill
|-resisted|p2a: Excadrill
|-damage|p2a: Excadrill|100\/362
|move|p2a: Excadrill|Iron Head|p1a: Dragonite
|-crit|p1a: Dragonite
|-damage|p1a: Dragonite|0 fnt
|faint|p1a: Dragonite
|
|win|Patodragon.v30
|raw|Ladder updating...
|raw|aj14's rating: 1424 &rarr; <strong>1404<\/strong><br \/>(-20 for losing)
|raw|Patodragon.v30's rating: 1431 &rarr; <strong>1450<\/strong><br \/>(+19 for winning)
|leave|aj14
|player|p1
|leave|DoomXFTW