|join|aj14
|join|Doctor Sergal MD
|player|p1|aj14|152
|player|p2|Doctor Sergal MD|254
|gametype|singles
|gen|6
|tier|OU (suspect test)
|rated
|clearpoke
|poke|p1|Beedrill, F
|poke|p1|Magnezone
|poke|p1|Rotom-Wash
|poke|p1|Ferrothorn, F
|poke|p1|Landorus-Therian, M
|poke|p1|Latias, F
|poke|p2|Sceptile, F
|poke|p2|Bisharp, M, shiny
|poke|p2|Rotom-Wash, shiny
|poke|p2|Talonflame, M
|poke|p2|Tentacruel, M
|poke|p2|Mamoswine, M
|rule|Swagger Clause: Swagger is banned
|rule|Baton Pass Clause: Limit one PokÃ©mon knowing Baton Pass
|rule|Sleep Clause Mod: Limit one foe put to sleep
|rule|Species Clause: Limit one of each PokÃ©mon
|rule|OHKO Clause: OHKO moves are banned
|rule|Moody Clause: Moody is banned
|rule|Evasion Moves Clause: Evasion moves are banned
|rule|Endless Battle Clause: Forcing endless battles is banned
|rule|HP Percentage Mod: HP is shown in percentages
|teampreview
|
|start
|switch|p1a: Rotom-Wash|Rotom-Wash|249\/249
|switch|p2a: GAZPACHO|Mamoswine, M|361\/361
|turn|1
|
|move|p1a: Rotom-Wash|Will-O-Wisp|p2a: GAZPACHO|[miss]
|-miss|p1a: Rotom-Wash|p2a: GAZPACHO
|move|p2a: GAZPACHO|Stealth Rock|p1a: Rotom-Wash
|-sidestart|p1: aj14|move: Stealth Rock
|
|turn|2
|
|switch|p2a: HIBBY|Rotom-Wash, shiny|303\/303
|move|p1a: Rotom-Wash|Will-O-Wisp|p2a: HIBBY
|-status|p2a: HIBBY|brn
|
|-damage|p2a: HIBBY|266\/303 brn|[from] brn
|turn|3
|
|move|p1a: Rotom-Wash|Substitute|p1a: Rotom-Wash
|-start|p1a: Rotom-Wash|Substitute
|-damage|p1a: Rotom-Wash|187\/249
|move|p2a: HIBBY|Volt Switch|p1a: Rotom-Wash
|-end|p1a: Rotom-Wash|Substitute
|
|switch|p2a: MAKE IT CLAP|Sceptile, F|281\/281
|
|-heal|p1a: Rotom-Wash|202\/249|[from] item: Leftovers
|turn|4
|
|switch|p1a: Ferrothorn|Ferrothorn, F|352\/352
|-damage|p1a: Ferrothorn|330\/352|[from] Stealth Rock
|detailschange|p2a: MAKE IT CLAP|Sceptile-Mega, F
|-mega|p2a: MAKE IT CLAP|Sceptile|Sceptilite
|move|p2a: MAKE IT CLAP|Leaf Storm|p1a: Ferrothorn
|-resisted|p1a: Ferrothorn
|-damage|p1a: Ferrothorn|285\/352
|-unboost|p2a: MAKE IT CLAP|spa|2
|
|turn|5
|
|switch|p2a: CONSENTACRUEL|Tentacruel, M|363\/363
|switch|p1a: Latias|Latias, F|319\/319
|-damage|p1a: Latias|280\/319|[from] Stealth Rock
|
|turn|6
|
|switch|p2a: CUT LORD|Bisharp, M, shiny|277\/277
|move|p1a: Latias|Defog|p2a: CUT LORD
|-unboost|p2a: CUT LORD|evasion|1
|-boost|p2a: CUT LORD|atk|2|[from] ability: Defiant
|-sideend|p1: aj14|Stealth Rock|[from] move: Defog|[of] p1a: Latias
|
|turn|7
|
|switch|p1a: Magnezone|Magnezone|281\/281
|move|p2a: CUT LORD|Knock Off|p1a: Magnezone
|-damage|p1a: Magnezone|0 fnt
|-enditem|p1a: Magnezone|Choice Scarf|[from] move: Knock Off|[of] p2a: CUT LORD
|-damage|p2a: CUT LORD|250\/277|[from] item: Life Orb
|faint|p1a: Magnezone
|
|
|switch|p1a: Rotom-Wash|Rotom-Wash|202\/249
|turn|8
|
|move|p1a: Rotom-Wash|Substitute|p1a: Rotom-Wash
|-start|p1a: Rotom-Wash|Substitute
|-damage|p1a: Rotom-Wash|140\/249
|move|p2a: CUT LORD|Knock Off|p1a: Rotom-Wash
|-end|p1a: Rotom-Wash|Substitute
|-damage|p2a: CUT LORD|223\/277|[from] item: Life Orb
|
|-heal|p1a: Rotom-Wash|155\/249|[from] item: Leftovers
|turn|9
|
|move|p1a: Rotom-Wash|Substitute|p1a: Rotom-Wash
|-start|p1a: Rotom-Wash|Substitute
|-damage|p1a: Rotom-Wash|93\/249
|move|p2a: CUT LORD|Knock Off|p1a: Rotom-Wash
|-end|p1a: Rotom-Wash|Substitute
|-damage|p2a: CUT LORD|196\/277|[from] item: Life Orb
|
|-heal|p1a: Rotom-Wash|108\/249|[from] item: Leftovers
|turn|10
|
|move|p1a: Rotom-Wash|Will-O-Wisp|p2a: CUT LORD
|-status|p2a: CUT LORD|brn
|move|p2a: CUT LORD|Knock Off|p1a: Rotom-Wash
|-damage|p1a: Rotom-Wash|0 fnt
|-enditem|p1a: Rotom-Wash|Leftovers|[from] move: Knock Off|[of] p2a: CUT LORD
|-damage|p2a: CUT LORD|169\/277 brn|[from] item: Life Orb
|faint|p1a: Rotom-Wash
|
|-damage|p2a: CUT LORD|135\/277 brn|[from] brn
|
|switch|p1a: Ferrothorn|Ferrothorn, F|285\/352
|turn|11
|
|move|p2a: CUT LORD|Knock Off|p1a: Ferrothorn
|-damage|p1a: Ferrothorn|116\/352
|-damage|p2a: CUT LORD|101\/277 brn|[from] ability: Iron Barbs|[of] p1a: Ferrothorn
|-damage|p2a: CUT LORD|55\/277 brn|[from] item: Rocky Helmet|[of] p1a: Ferrothorn
|-enditem|p1a: Ferrothorn|Rocky Helmet|[from] move: Knock Off|[of] p2a: CUT LORD
|-damage|p2a: CUT LORD|28\/277 brn|[from] item: Life Orb
|move|p1a: Ferrothorn|Stealth Rock|p2a: CUT LORD
|-sidestart|p2: Doctor Sergal MD|move: Stealth Rock
|
|-damage|p2a: CUT LORD|0 fnt|[from] brn
|faint|p2a: CUT LORD
|
|switch|p2a: CONSENTACRUEL|Tentacruel, M|363\/363
|-damage|p2a: CONSENTACRUEL|318\/363|[from] Stealth Rock
|turn|12
|
|switch|p1a: Latias|Latias, F|280\/319
|move|p2a: CONSENTACRUEL|Rapid Spin|p1a: Latias
|-damage|p1a: Latias|267\/319
|-sideend|p2: Doctor Sergal MD|Stealth Rock|[from] move: Rapid Spin|[of] p2a: CONSENTACRUEL
|
|-heal|p2a: CONSENTACRUEL|340\/363|[from] item: Black Sludge
|turn|13
|
|switch|p2a: GAZPACHO|Mamoswine, M|361\/361
|move|p1a: Latias|Psyshock|p2a: GAZPACHO
|-damage|p2a: GAZPACHO|204\/361
|
|turn|14
|
|move|p2a: GAZPACHO|Ice Shard|p1a: Latias
|-supereffective|p1a: Latias
|-damage|p1a: Latias|105\/319
|move|p1a: Latias|Draco Meteor|p2a: GAZPACHO
|-damage|p2a: GAZPACHO|0 fnt
|-unboost|p1a: Latias|spa|2
|faint|p2a: GAZPACHO
|
|
|switch|p2a: MAKE IT CLAP|Sceptile-Mega, F|281\/281
|turn|15
|
|move|p2a: MAKE IT CLAP|Dragon Pulse|p1a: Latias
|-supereffective|p1a: Latias
|-damage|p1a: Latias|0 fnt
|faint|p1a: Latias
|
|
|switch|p1a: Landorus-Therian|Landorus-Therian, M|381\/381
|-ability|p1a: Landorus-Therian|Intimidate|[of] p2a: MAKE IT CLAP
|-unboost|p2a: MAKE IT CLAP|atk|1
|turn|16
|
|move|p2a: MAKE IT CLAP|Leaf Storm|p1a: Landorus-Therian
|-damage|p1a: Landorus-Therian|194\/381
|-unboost|p2a: MAKE IT CLAP|spa|2
|move|p1a: Landorus-Therian|U-turn|p2a: MAKE IT CLAP
|-supereffective|p2a: MAKE IT CLAP
|-damage|p2a: MAKE IT CLAP|85\/281
|
|switch|p1a: Beedrill|Beedrill, F|271\/271
|
|turn|17
|
|switch|p2a: FLAPP BIRDO|Talonflame, M|297\/297
|detailschange|p1a: Beedrill|Beedrill-Mega, F
|-mega|p1a: Beedrill|Beedrill|Beedrillite
|move|p1a: Beedrill|U-turn|p2a: FLAPP BIRDO
|-resisted|p2a: FLAPP BIRDO
|-damage|p2a: FLAPP BIRDO|231\/297
|
|switch|p1a: Landorus-Therian|Landorus-Therian, M|194\/381
|-ability|p1a: Landorus-Therian|Intimidate|[of] p2a: FLAPP BIRDO
|-unboost|p2a: FLAPP BIRDO|atk|1
|
|turn|18
|
|move|p2a: FLAPP BIRDO|Brave Bird|p1a: Landorus-Therian
|-damage|p1a: Landorus-Therian|58\/381
|-damage|p2a: FLAPP BIRDO|186\/297|[from] recoil|[of] p1a: Landorus-Therian
|move|p1a: Landorus-Therian|Rock Slide|p2a: FLAPP BIRDO
|-supereffective|p2a: FLAPP BIRDO
|-damage|p2a: FLAPP BIRDO|0 fnt
|faint|p2a: FLAPP BIRDO
|
|
|switch|p2a: MAKE IT CLAP|Sceptile-Mega, F|85\/281
|turn|19
|leave|aj14
|player|p1
|join|aj14
|player|p1|aj14|152
|
|move|p2a: MAKE IT CLAP|Hidden Power|p1a: Landorus-Therian
|-damage|p1a: Landorus-Therian|0 fnt
|faint|p1a: Landorus-Therian
|
|
|switch|p1a: Beedrill|Beedrill-Mega, F|271\/271
|turn|20
|
|switch|p2a: HIBBY|Rotom-Wash, shiny|266\/303 brn
|move|p1a: Beedrill|Knock Off|p2a: HIBBY
|-damage|p2a: HIBBY|172\/303 brn
|-enditem|p2a: HIBBY|Leftovers|[from] move: Knock Off|[of] p1a: Beedrill
|
|-damage|p2a: HIBBY|135\/303 brn|[from] brn
|turn|21
|
|move|p1a: Beedrill|U-turn|p2a: HIBBY
|-damage|p2a: HIBBY|1\/303 brn
|
|switch|p1a: Ferrothorn|Ferrothorn, F|116\/352
|move|p2a: HIBBY|Will-O-Wisp|p1a: Ferrothorn|[miss]
|-miss|p2a: HIBBY|p1a: Ferrothorn
|
|-damage|p2a: HIBBY|0 fnt|[from] brn
|faint|p2a: HIBBY
|
|switch|p2a: MAKE IT CLAP|Sceptile-Mega, F|85\/281
|turn|22
|
|move|p2a: MAKE IT CLAP|Hidden Power|p1a: Ferrothorn
|-supereffective|p1a: Ferrothorn
|-damage|p1a: Ferrothorn|0 fnt
|faint|p1a: Ferrothorn
|
|
|switch|p1a: Beedrill|Beedrill-Mega, F|271\/271
|turn|23
|
|move|p1a: Beedrill|Knock Off|p2a: MAKE IT CLAP
|-damage|p2a: MAKE IT CLAP|0 fnt
|faint|p2a: MAKE IT CLAP
|
|
|switch|p2a: CONSENTACRUEL|Tentacruel, M|340\/363
|turn|24
|
|move|p1a: Beedrill|Knock Off|p2a: CONSENTACRUEL
|-damage|p2a: CONSENTACRUEL|159\/363
|-enditem|p2a: CONSENTACRUEL|Black Sludge|[from] move: Knock Off|[of] p1a: Beedrill
|move|p2a: CONSENTACRUEL|Scald|p1a: Beedrill
|-damage|p1a: Beedrill|172\/271
|-status|p1a: Beedrill|brn
|
|-damage|p1a: Beedrill|139\/271 brn|[from] brn
|turn|25
|
|move|p1a: Beedrill|Poison Jab|p2a: CONSENTACRUEL
|-resisted|p2a: CONSENTACRUEL
|-damage|p2a: CONSENTACRUEL|89\/363
|move|p2a: CONSENTACRUEL|Scald|p1a: Beedrill
|-damage|p1a: Beedrill|40\/271 brn
|
|-damage|p1a: Beedrill|7\/271 brn|[from] brn
|turn|26
|
|move|p1a: Beedrill|Poison Jab|p2a: CONSENTACRUEL
|-resisted|p2a: CONSENTACRUEL
|-damage|p2a: CONSENTACRUEL|20\/363
|move|p2a: CONSENTACRUEL|Scald|p1a: Beedrill
|-damage|p1a: Beedrill|0 fnt
|faint|p1a: Beedrill
|
|win|Doctor Sergal MD
|raw|Ladder updating...
|raw|aj14's rating: 1248 &rarr; <strong>1216<\/strong><br \/>(-32 for losing)
|raw|Doctor Sergal MD's rating: 1137 &rarr; <strong>1170<\/strong><br \/>(+33 for winning)