|join|InvinciblePietro
|join|aj14
|player|p1|InvinciblePietro|248
|player|p2|aj14|283
|gametype|singles
|gen|6
|tier|OU (suspect test)
|rated
|clearpoke
|poke|p1|Tyranitar, M
|poke|p1|Excadrill, M
|poke|p1|Greninja, M
|poke|p1|Pinsir, M
|poke|p1|Talonflame, M
|poke|p1|Dragonite, M
|poke|p2|Clefable, F
|poke|p2|Tyranitar, M
|poke|p2|Excadrill, M
|poke|p2|Gothitelle, F
|poke|p2|Heracross, F
|poke|p2|Dragonite, F
|rule|Swagger Clause: Swagger is banned
|rule|Baton Pass Clause: Limit one PokÃ©mon knowing Baton Pass
|rule|Sleep Clause Mod: Limit one foe put to sleep
|rule|Species Clause: Limit one of each PokÃ©mon
|rule|OHKO Clause: OHKO moves are banned
|rule|Moody Clause: Moody is banned
|rule|Evasion Moves Clause: Evasion moves are banned
|rule|Endless Battle Clause: Forcing endless battles is banned
|rule|HP Percentage Mod: HP is reported as percentages
|teampreview
|
|start
|switch|p1a: CTC the god|Tyranitar, M|341\/341
|switch|p2a: Heracross|Heracross, F|301\/301
|-weather|Sandstorm
|turn|1
|
|detailschange|p2a: Heracross|Heracross-Mega, F
|message|Heracross has Mega Evolved into Mega Heracross!
|move|p2a: Heracross|Substitute|p2a: Heracross
|-start|p2a: Heracross|Substitute
|-damage|p2a: Heracross|226\/301
|move|p1a: CTC the god|Stealth Rock|p2a: Heracross
|-sidestart|p2: aj14|move: Stealth Rock
|
|-weather|Sandstorm|[upkeep]
|-damage|p2a: Heracross|208\/301|[from] sandstorm
|turn|2
|
|move|p2a: Heracross|Close Combat|p1a: CTC the god
|-supereffective|p1a: CTC the god
|-enditem|p1a: CTC the god|Focus Sash
|-damage|p1a: CTC the god|1\/341
|-unboost|p2a: Heracross|def|1
|-unboost|p2a: Heracross|spd|1
|move|p1a: CTC the god|Fire Blast|p2a: Heracross
|-supereffective|p2a: Heracross
|-end|p2a: Heracross|Substitute
|
|-weather|Sandstorm|[upkeep]
|-damage|p2a: Heracross|190\/301|[from] sandstorm
|turn|3
|
|move|p2a: Heracross|Pin Missile|p1a: CTC the god
|-supereffective|p1a: CTC the god
|-damage|p1a: CTC the god|0 fnt
|-hitcount|p1a: CTC the god|1
|faint|p1a: CTC the god
|
|-weather|Sandstorm|[upkeep]
|-damage|p2a: Heracross|172\/301|[from] sandstorm
|
|switch|p1a: 2|Excadrill, M|369\/369
|turn|4
|
|move|p1a: 2|Iron Head|p2a: Heracross
|-damage|p2a: Heracross|0 fnt
|-damage|p1a: 2|333\/369|[from] item: Life Orb
|faint|p2a: Heracross
|
|-weather|Sandstorm|[upkeep]
|
|switch|p2a: Excadrill|Excadrill, M|361\/361
|-damage|p2a: Excadrill|350\/361|[from] Stealth Rock
|turn|5
|chat|InvinciblePietro|y0 what is your spread on sub hera?i'm curious
|
|move|p2a: Excadrill|Earthquake|p1a: 2
|-supereffective|p1a: 2
|-damage|p1a: 2|0 fnt
|-damage|p2a: Excadrill|314\/361|[from] item: Life Orb
|faint|p1a: 2
|
|-weather|none
|
|switch|p1a: 4|Pinsir, M|271\/271
|turn|6
|chat|aj14|max jolly
|chat|aj14|and max atk
|chat|InvinciblePietro|i see ty
|
|detailschange|p1a: 4|Pinsir-Mega, M
|message|Pinsir has Mega Evolved into Mega Pinsir!
|move|p1a: 4|Earthquake|p2a: Excadrill
|-supereffective|p2a: Excadrill
|-damage|p2a: Excadrill|0 fnt
|faint|p2a: Excadrill
|
|
|switch|p2a: Tyranitar|Tyranitar, M|404\/404
|-damage|p2a: Tyranitar|354\/404|[from] Stealth Rock
|-weather|Sandstorm
|turn|7
|
|move|p1a: 4|Earthquake|p2a: Tyranitar
|-supereffective|p2a: Tyranitar
|-damage|p2a: Tyranitar|82\/404
|move|p2a: Tyranitar|Stealth Rock|p1a: 4
|-sidestart|p1: InvinciblePietro|move: Stealth Rock
|
|-weather|Sandstorm|[upkeep]
|-damage|p1a: 4|255\/271|[from] sandstorm
|turn|8
|
|move|p1a: 4|Earthquake|p2a: Tyranitar
|-supereffective|p2a: Tyranitar
|-damage|p2a: Tyranitar|0 fnt
|faint|p2a: Tyranitar
|
|-weather|Sandstorm|[upkeep]
|-damage|p1a: 4|239\/271|[from] sandstorm
|
|switch|p2a: Gothitelle|Gothitelle, F|281\/281
|-damage|p2a: Gothitelle|246\/281|[from] Stealth Rock
|turn|9
|
|move|p2a: Gothitelle|Thunderbolt|p1a: 4
|-supereffective|p1a: 4
|-damage|p1a: 4|63\/271
|move|p1a: 4|Return|p2a: Gothitelle
|-damage|p2a: Gothitelle|0 fnt
|faint|p2a: Gothitelle
|
|-weather|Sandstorm|[upkeep]
|-damage|p1a: 4|47\/271|[from] sandstorm
|join|DoomXFTW
|
|switch|p2a: Clefable|Clefable, F|394\/394
|turn|10
|
|move|p1a: 4|Return|p2a: Clefable
|-damage|p2a: Clefable|109\/394
|move|p2a: Clefable|Moonblast|p1a: 4
|-crit|p1a: 4
|-damage|p1a: 4|0 fnt
|faint|p1a: 4
|
|-weather|Sandstorm|[upkeep]
|-heal|p2a: Clefable|133\/394|[from] item: Leftovers
|
|switch|p1a: 5|Talonflame, M|309\/309
|-damage|p1a: 5|155\/309|[from] Stealth Rock
|turn|11
|
|move|p1a: 5|Brave Bird|p2a: Clefable
|-damage|p2a: Clefable|0 fnt
|-damage|p1a: 5|111\/309|[from] recoil|[of] p2a: Clefable
|faint|p2a: Clefable
|
|-weather|Sandstorm|[upkeep]
|-damage|p1a: 5|92\/309|[from] sandstorm
|
|switch|p2a: Dragonite|Dragonite, F|337\/337
|-damage|p2a: Dragonite|253\/337|[from] Stealth Rock
|turn|12
|
|move|p2a: Dragonite|Extreme Speed|p1a: 5
|-damage|p1a: 5|0 fnt
|faint|p1a: 5
|
|-weather|Sandstorm|[upkeep]
|-damage|p2a: Dragonite|232\/337|[from] sandstorm
|
|switch|p1a: 6|Dragonite, M|323\/323
|-damage|p1a: 6|243\/323|[from] Stealth Rock
|turn|13
|
|move|p2a: Dragonite|Extreme Speed|p1a: 6
|-damage|p1a: 6|81\/323
|move|p1a: 6|Outrage|p2a: Dragonite
|-supereffective|p2a: Dragonite
|-damage|p2a: Dragonite|0 fnt
|faint|p2a: Dragonite
|
|win|InvinciblePietro
|raw|Ladder updating...
|raw|InvinciblePietro's rating: 1393 &rarr; <strong>1414<\/strong><br \/>(+21 for winning)
|raw|aj14's rating: 1412 &rarr; <strong>1391<\/strong><br \/>(-21 for losing)
|chat|InvinciblePietro|gg
|chat|aj14|gg
|leave|aj14
|player|p2