|join|aj14
|join|rommbasgoomba
|player|p1|aj14|283
|player|p2|rommbasgoomba|253
|gametype|singles
|gen|6
|tier|OU (suspect test)
|rated
|clearpoke
|poke|p1|Clefable, F
|poke|p1|Tyranitar, M
|poke|p1|Excadrill, M
|poke|p1|Gothitelle, M
|poke|p1|Heracross, F
|poke|p1|Dragonite, F
|poke|p2|Mandibuzz, F
|poke|p2|Heatran, F
|poke|p2|Venusaur, F
|poke|p2|Azumarill, M
|poke|p2|Landorus, M
|poke|p2|Keldeo-Resolute
|rule|Swagger Clause: Swagger is banned
|rule|Baton Pass Clause: Limit one PokÃ©mon knowing Baton Pass
|rule|Sleep Clause Mod: Limit one foe put to sleep
|rule|Species Clause: Limit one of each PokÃ©mon
|rule|OHKO Clause: OHKO moves are banned
|rule|Moody Clause: Moody is banned
|rule|Evasion Moves Clause: Evasion moves are banned
|rule|Endless Battle Clause: Forcing endless battles is banned
|rule|HP Percentage Mod: HP is reported as percentages
|teampreview
|
|start
|switch|p1a: Heracross|Heracross, F|301\/301
|switch|p2a: Obligatory Scarf|Keldeo-Resolute|323\/323
|turn|1
|join|DoomXFTW
|join|Pycragonus
|leave|Pycragonus
|
|detailschange|p1a: Heracross|Heracross-Mega, F
|message|Heracross has Mega Evolved into Mega Heracross!
|move|p2a: Obligatory Scarf|Hydro Pump|p1a: Heracross|[miss]
|-miss|p2a: Obligatory Scarf|p1a: Heracross
|move|p1a: Heracross|Close Combat|p2a: Obligatory Scarf
|-damage|p2a: Obligatory Scarf|5\/323
|-unboost|p1a: Heracross|def|1
|-unboost|p1a: Heracross|spd|1
|
|turn|2
|
|switch|p1a: Clefable|Clefable, F|394\/394
|move|p2a: Obligatory Scarf|Hydro Pump|p1a: Clefable
|-damage|p1a: Clefable|129\/394
|
|-heal|p1a: Clefable|153\/394|[from] item: Leftovers
|turn|3
|
|switch|p1a: Gothitelle|Gothitelle, M|281\/281
|move|p2a: Obligatory Scarf|Hydro Pump|p1a: Gothitelle
|-damage|p1a: Gothitelle|0 fnt
|faint|p1a: Gothitelle
|
|
|switch|p1a: Dragonite|Dragonite, F|337\/337
|turn|4
|
|switch|p2a: My Pex Brah|Mandibuzz, F|423\/423
|move|p1a: Dragonite|Earthquake|p2a: My Pex Brah
|-immune|p2a: My Pex Brah|[msg]
|
|turn|5
|
|switch|p1a: Clefable|Clefable, F|153\/394
|move|p2a: My Pex Brah|Foul Play|p1a: Clefable
|-resisted|p1a: Clefable
|-damage|p1a: Clefable|117\/394
|
|-heal|p1a: Clefable|141\/394|[from] item: Leftovers
|turn|6
|
|switch|p1a: Heracross|Heracross-Mega, F|301\/301
|move|p2a: My Pex Brah|Taunt|p1a: Heracross
|-start|p1a: Heracross|move: Taunt
|
|turn|7
|
|move|p1a: Heracross|Rock Blast|p2a: My Pex Brah
|-supereffective|p2a: My Pex Brah
|-damage|p2a: My Pex Brah|367\/423
|-supereffective|p2a: My Pex Brah
|-damage|p2a: My Pex Brah|305\/423
|-supereffective|p2a: My Pex Brah
|-damage|p2a: My Pex Brah|241\/423
|-supereffective|p2a: My Pex Brah
|-damage|p2a: My Pex Brah|185\/423
|-supereffective|p2a: My Pex Brah
|-damage|p2a: My Pex Brah|129\/423
|-hitcount|p2a: My Pex Brah|5
|move|p2a: My Pex Brah|Foul Play|p1a: Heracross
|-resisted|p1a: Heracross
|-damage|p1a: Heracross|207\/301
|
|turn|8
|
|switch|p2a: Obligatory Scarf|Keldeo-Resolute|5\/323
|move|p1a: Heracross|Pin Missile|p2a: Obligatory Scarf|[miss]
|-miss|p1a: Heracross|p2a: Obligatory Scarf
|
|turn|9
|
|switch|p1a: Tyranitar|Tyranitar, M|404\/404
|-weather|Sandstorm
|move|p2a: Obligatory Scarf|Scald|p1a: Tyranitar
|-supereffective|p1a: Tyranitar
|-damage|p1a: Tyranitar|204\/404
|
|-weather|Sandstorm|[upkeep]
|-damage|p2a: Obligatory Scarf|0 fnt|[from] sandstorm
|faint|p2a: Obligatory Scarf
|
|switch|p2a: Obligatory genie|Landorus, M|319\/319
|turn|10
|
|switch|p1a: Clefable|Clefable, F|141\/394
|move|p2a: Obligatory genie|Earth Power|p1a: Clefable
|-damage|p1a: Clefable|0 fnt
|faint|p1a: Clefable
|
|-weather|Sandstorm|[upkeep]
|
|switch|p1a: Excadrill|Excadrill, M|361\/361
|turn|11
|
|move|p1a: Excadrill|Iron Head|p2a: Obligatory genie
|-damage|p2a: Obligatory genie|111\/319
|-damage|p1a: Excadrill|325\/361|[from] item: Life Orb
|move|p2a: Obligatory genie|Earth Power|p1a: Excadrill
|-supereffective|p1a: Excadrill
|-damage|p1a: Excadrill|0 fnt
|faint|p1a: Excadrill
|
|-weather|Sandstorm|[upkeep]
|
|switch|p1a: Dragonite|Dragonite, F|337\/337
|turn|12
|
|switch|p2a: My Pex Brah|Mandibuzz, F|129\/423
|move|p1a: Dragonite|Extreme Speed|p2a: My Pex Brah
|-damage|p2a: My Pex Brah|7\/423
|-damage|p1a: Dragonite|281\/337|[from] item: Rocky Helmet|[of] p2a: My Pex Brah
|
|-weather|Sandstorm|[upkeep]
|-damage|p1a: Dragonite|260\/337|[from] sandstorm
|turn|13
|
|switch|p2a: Shark-'Cano|Heatran, F|323\/323
|move|p1a: Dragonite|Extreme Speed|p2a: Shark-'Cano
|-resisted|p2a: Shark-'Cano
|-damage|p2a: Shark-'Cano|243\/323
|
|-weather|Sandstorm|[upkeep]
|-damage|p1a: Dragonite|239\/337|[from] sandstorm
|turn|14
|
|switch|p1a: Tyranitar|Tyranitar, M|204\/404
|move|p2a: Shark-'Cano|Flash Cannon|p1a: Tyranitar
|-supereffective|p1a: Tyranitar
|-damage|p1a: Tyranitar|48\/404
|
|-weather|Sandstorm|[upkeep]
|turn|15
|
|move|p2a: Shark-'Cano|Flash Cannon|p1a: Tyranitar
|-supereffective|p1a: Tyranitar
|-damage|p1a: Tyranitar|0 fnt
|faint|p1a: Tyranitar
|
|-weather|Sandstorm|[upkeep]
|
|switch|p1a: Heracross|Heracross-Mega, F|207\/301
|turn|16
|
|switch|p2a: My Pex Brah|Mandibuzz, F|7\/423
|move|p1a: Heracross|Close Combat|p2a: My Pex Brah
|-damage|p2a: My Pex Brah|0 fnt
|-damage|p1a: Heracross|157\/301|[from] item: Rocky Helmet|[of] p2a: My Pex Brah
|-unboost|p1a: Heracross|def|1
|-unboost|p1a: Heracross|spd|1
|faint|p2a: My Pex Brah
|
|-weather|none
|
|switch|p2a: Obligatory genie|Landorus, M|111\/319
|turn|17
|
|switch|p1a: Dragonite|Dragonite, F|239\/337
|move|p2a: Obligatory genie|Psychic|p1a: Dragonite
|-damage|p1a: Dragonite|65\/337
|
|turn|18
|
|switch|p2a: I just won't die|Venusaur, F|349\/349
|move|p1a: Dragonite|Earthquake|p2a: I just won't die
|-damage|p2a: I just won't die|131\/349
|
|turn|19
|
|detailschange|p2a: I just won't die|Venusaur-Mega, F
|message|Venusaur has Mega Evolved into Mega Venusaur!
|move|p1a: Dragonite|Earthquake|p2a: I just won't die
|-damage|p2a: I just won't die|0 fnt
|faint|p2a: I just won't die
|
|
|switch|p2a: Shark-'Cano|Heatran, F|243\/323
|turn|20
|
|move|p2a: Shark-'Cano|Flash Cannon|p1a: Dragonite
|-damage|p1a: Dragonite|0 fnt
|faint|p1a: Dragonite
|
|
|switch|p1a: Heracross|Heracross-Mega, F|157\/301
|turn|21
|
|move|p2a: Shark-'Cano|Flash Cannon|p1a: Heracross
|-damage|p1a: Heracross|18\/301
|move|p1a: Heracross|Substitute|p1a: Heracross
|-fail|p1a: Heracross|move: Substitute|[weak]
|
|turn|22
|
|move|p2a: Shark-'Cano|Flash Cannon|p1a: Heracross
|-damage|p1a: Heracross|0 fnt
|faint|p1a: Heracross
|
|win|rommbasgoomba
|raw|Ladder updating...
|raw|aj14's rating: 1464 &rarr; <strong>1436<\/strong><br \/>(-28 for losing)
|raw|rommbasgoomba's rating: 1314 &rarr; <strong>1342<\/strong><br \/>(+28 for winning)
|chat|rommbasgoomba|gg
|leave|aj14
|player|p1