|join|iLOVEladdering
|join|DracoNinja
|join|B56
|join|Zagmzp
|join|Veteran of Secrecy
|join|jeffrawr
|join|anphonic
|join|Under The Mask
|join|Galactic Princess
|join|Pokeplays777
|player|p1|iLOVEladdering|145
|player|p2|DracoNinja|2
|gametype|singles
|gen|6
|tier|OU
|clearpoke
|poke|p1|Landorus-Therian, M
|poke|p1|Latias, F
|poke|p1|Talonflame, F
|poke|p1|Heatran, M
|poke|p1|Rotom-Wash
|poke|p1|Lopunny, F
|poke|p2|Metagross
|poke|p2|Hydreigon, F
|poke|p2|Keldeo
|poke|p2|Landorus-Therian, M
|poke|p2|Rotom-Wash
|poke|p2|Sylveon, M
|rule|Swagger Clause: Swagger is banned
|rule|Baton Pass Clause: Limit one PokÃ©mon knowing Baton Pass
|rule|Sleep Clause Mod: Limit one foe put to sleep
|rule|Species Clause: Limit one of each PokÃ©mon
|rule|OHKO Clause: OHKO moves are banned
|rule|Moody Clause: Moody is banned
|rule|Evasion Moves Clause: Evasion moves are banned
|rule|Endless Battle Clause: Forcing endless battles is banned
|rule|HP Percentage Mod: HP is shown in percentages
|teampreview
|join|gorillamunch
|join|Invince
|join|SmashBrosBrawl
|join|RaffaeleStar
|join|ainba
|join|riraiteu
|c| gorillamunch|What's single elimination mean?
|
|start
|switch|p1a: Lopunny|Lopunny, F|271\/271
|switch|p2a: Landorus-Therian|Landorus-Therian, M|357\/357
|-ability|p2a: Landorus-Therian|Intimidate|[of] p1a: Lopunny
|-unboost|p1a: Lopunny|atk|1
|turn|1
|join|HerpDerpFlurp
|c| RaffaeleStar|GET EM OUT
|c|âDracoNinja|you lose once, you are out of the tournament
|join|wowsuchcody
|leave|Under The Mask
|
|switch|p2a: Rotom-Wash|Rotom-Wash|304\/304
|detailschange|p1a: Lopunny|Lopunny-Mega, F
|-mega|p1a: Lopunny|Lopunny|Lopunnite
|move|p1a: Lopunny|Fake Out|p2a: Rotom-Wash
|-damage|p2a: Rotom-Wash|267\/304
|
|-heal|p2a: Rotom-Wash|286\/304|[from] item: Leftovers
|turn|2
|join|CarmelloTheGod
|c| gorillamunch|ooh, so no losers bracket
|c|âDracoNinja|yer
|c| HerpDerpFlurp|ye
|
|switch|p1a: Rotom-Wash|Rotom-Wash|304\/304
|move|p2a: Rotom-Wash|Will-O-Wisp|p1a: Rotom-Wash
|-status|p1a: Rotom-Wash|brn
|
|-heal|p2a: Rotom-Wash|304\/304|[from] item: Leftovers
|-damage|p1a: Rotom-Wash|266\/304 brn|[from] brn
|turn|3
|join|wahoo4g
|c| gorillamunch|thaaanks
|join|Demandred
|leave|HerpDerpFlurp
|c| gorillamunch|the wisp
|join|Hannibal Lector 15
|c| gorillamunch|the Hwisp
|
|move|p2a: Rotom-Wash|Volt Switch|p1a: Rotom-Wash
|-crit|p1a: Rotom-Wash
|-damage|p1a: Rotom-Wash|151\/304 brn
|join|Burakkurzu
|
|switch|p2a: Hydreigon|Hydreigon, F|325\/325
|move|p1a: Rotom-Wash|Will-O-Wisp|p2a: Hydreigon
|-status|p2a: Hydreigon|brn
|
|-heal|p1a: Rotom-Wash|170\/304 brn|[from] item: Leftovers
|-damage|p2a: Hydreigon|285\/325 brn|[from] brn
|-damage|p1a: Rotom-Wash|132\/304 brn|[from] brn
|turn|4
|join|AzuStar
|join|Erabe
|join|ChoiceBird
|join|WeLikeIke
|join|Queen IU
|join|GrandBlack
|join|King Of Time Stall
|join|XQUOVIA
|c| anphonic|where's the switchin
|
|switch|p1a: Heatran|Heatran, M|385\/385
|move|p2a: Hydreigon|U-turn|p1a: Heatran
|-resisted|p1a: Heatran
|-damage|p1a: Heatran|379\/385
|c|+SmashBrosBrawl|here
|
|switch|p2a: Landorus-Therian|Landorus-Therian, M|357\/357
|-ability|p2a: Landorus-Therian|Intimidate|[of] p1a: Heatran
|-unboost|p1a: Heatran|atk|1
|
|-heal|p1a: Heatran|385\/385|[from] item: Leftovers
|turn|5
|c| Invince|clean 1%
|c| gorillamunch|Aaaahhhh shit! It's the semifinals!
|c| gorillamunch|All aboard the hype train!!!
|c| ChoiceBird|Decent chunk
|
|switch|p1a: Lopunny|Lopunny-Mega, F|271\/271
|move|p2a: Landorus-Therian|Stealth Rock|p1a: Lopunny
|-sidestart|p1: iLOVEladdering|move: Stealth Rock
|
|turn|6
|
|switch|p2a: Metagross|Metagross|345\/345
|move|p1a: Lopunny|Ice Punch|p2a: Metagross
|-crit|p2a: Metagross
|-resisted|p2a: Metagross
|-damage|p2a: Metagross|291\/345
|
|turn|7
|
|switch|p1a: Rotom-Wash|Rotom-Wash|132\/304 brn
|-damage|p1a: Rotom-Wash|94\/304 brn|[from] Stealth Rock
|detailschange|p2a: Metagross|Metagross-Mega
|-mega|p2a: Metagross|Metagross|Metagrossite
|move|p2a: Metagross|Meteor Mash|p1a: Rotom-Wash
|-resisted|p1a: Rotom-Wash
|-damage|p1a: Rotom-Wash|51\/304 brn
|
|-heal|p1a: Rotom-Wash|70\/304 brn|[from] item: Leftovers
|-damage|p1a: Rotom-Wash|32\/304 brn|[from] brn
|turn|8
|c| gorillamunch|What's so good about megagross?
|c| gorillamunch|I mean, just burn the bastard
|c|+SmashBrosBrawl|its broke
|c| gorillamunch|and he sucks
|join|Solar fox
|join|Zamrock's Mother
|
|move|p2a: Metagross|Meteor Mash|p1a: Rotom-Wash|[miss]
|-miss|p2a: Metagross|p1a: Rotom-Wash
|move|p1a: Rotom-Wash|Pain Split|p2a: Metagross
|-sethp|p2a: Metagross|161\/345|p1a: Rotom-Wash|161\/304 brn|[from] move: Pain Split
|
|-heal|p1a: Rotom-Wash|180\/304 brn|[from] item: Leftovers
|-damage|p1a: Rotom-Wash|142\/304 brn|[from] brn
|turn|9
|c|âDracoNinja|you can say that for just about every physical attacker
|c|âDracoNinja|god
|c| RaffaeleStar|lol
|leave|Queen IU
|c| Veteran of Secrecy|Grass Knot anyone?
|c| B56|Da risks
|c|+SmashBrosBrawl|wouldnt gknot had killed
|join|Land Form Shaymin
|c| gorillamunch|can't burn megazardx
|leave|Zamrock's Mother
|
|move|p2a: Metagross|Zen Headbutt|p1a: Rotom-Wash
|-damage|p1a: Rotom-Wash|0 fnt
|faint|p1a: Rotom-Wash
|
|c| RaffaeleStar|nopd
|c| anphonic|maybe she doesn't have grass knot
|c| anphonic|!
|
|switch|p1a: Landorus-Therian|Landorus-Therian, M|327\/327
|-damage|p1a: Landorus-Therian|287\/327|[from] Stealth Rock
|-ability|p1a: Landorus-Therian|Intimidate|[of] p2a: Metagross
|-unboost|p2a: Metagross|atk|1
|turn|10
|join|ThatGuy334
|c| Land Form Shaymin|he has ice punch
|
|switch|p2a: Landorus-Therian|Landorus-Therian, M|357\/357
|-ability|p2a: Landorus-Therian|Intimidate|[of] p1a: Landorus-Therian
|-unboost|p1a: Landorus-Therian|atk|1
|move|p1a: Landorus-Therian|U-turn|p2a: Landorus-Therian
|-resisted|p2a: Landorus-Therian
|-damage|p2a: Landorus-Therian|326\/357
|join|Fuck Fakie
|
|switch|p1a: Lopunny|Lopunny-Mega, F|271\/271
|-damage|p1a: Lopunny|255\/271|[from] Stealth Rock
|
|turn|11
|join|Queen IU
|c| gorillamunch|dat predict!
|leave|Fuck Fakie
|leave|AzuStar
|
|switch|p2a: Sylveon|Sylveon, M|394\/394
|move|p1a: Lopunny|Return|p2a: Sylveon
|-damage|p2a: Sylveon|136\/394
|
|-heal|p2a: Sylveon|160\/394|[from] item: Leftovers
|turn|12
|join|IwG
|c| Galactic Princess|u teamhasnothing forlando
|join|hashtag fabulous
|c| gorillamunch|noooo
|c|+SmashBrosBrawl|counte
|
|move|p2a: Sylveon|Protect|p2a: Sylveon
|-singleturn|p2a: Sylveon|Protect
|move|p1a: Lopunny|Return|p2a: Sylveon
|-activate|p2a: Sylveon|Protect
|
|-heal|p2a: Sylveon|184\/394|[from] item: Leftovers
|turn|13
|leave|Erabe
|c| gorillamunch|rotom stops lando in his tracks
|
|switch|p2a: Landorus-Therian|Landorus-Therian, M|326\/357
|-ability|p2a: Landorus-Therian|Intimidate|[of] p1a: Lopunny
|-unboost|p1a: Lopunny|atk|1
|move|p1a: Lopunny|Return|p2a: Landorus-Therian
|-damage|p2a: Landorus-Therian|181\/357
|
|turn|14
|c| Galactic Princess|rotom is dead now
|
|switch|p2a: Rotom-Wash|Rotom-Wash|304\/304
|move|p1a: Lopunny|Ice Punch|p2a: Rotom-Wash
|-resisted|p2a: Rotom-Wash
|-damage|p2a: Rotom-Wash|281\/304
|
|-heal|p2a: Rotom-Wash|300\/304|[from] item: Leftovers
|turn|15
|c|+SmashBrosBrawl|lando stops lando
|leave|RaffaeleStar
|c| Galactic Princess|oh yea i forgot
|c| gorillamunch|lando does stop lando lol
|c| Galactic Princess|lmao
|
|switch|p1a: Latias|Latias, F|319\/319
|-damage|p1a: Latias|280\/319|[from] Stealth Rock
|move|p2a: Rotom-Wash|Volt Switch|p1a: Latias
|-resisted|p1a: Latias
|-damage|p1a: Latias|244\/319
|c| gorillamunch|in the same way that rotom stops rotom
|c| Land Form Shaymin|the only thing that can stop lando is itself
|
|switch|p2a: Hydreigon|Hydreigon, F|285\/325 brn
|
|-damage|p2a: Hydreigon|245\/325 brn|[from] brn
|turn|16
|c| gorillamunch|LMAO
|c|+SmashBrosBrawl|colbur berry
|c|+SmashBrosBrawl|right here
|join|stockholm negro
|c| King Of Time Stall|scar
|
|switch|p1a: Heatran|Heatran, M|385\/385
|-damage|p1a: Heatran|337\/385|[from] Stealth Rock
|move|p2a: Hydreigon|Draco Meteor|p1a: Heatran
|-resisted|p1a: Heatran
|-damage|p1a: Heatran|255\/385
|-unboost|p2a: Hydreigon|spa|2
|
|-heal|p1a: Heatran|279\/385|[from] item: Leftovers
|-damage|p2a: Hydreigon|205\/325 brn|[from] brn
|turn|17
|join|rkq
|join|Insane Pigmask
|c| gorillamunch|Daaaamn son. Them predicts tho!
|join|Fizz on my Jayce
|
|switch|p2a: Landorus-Therian|Landorus-Therian, M|181\/357
|-ability|p2a: Landorus-Therian|Intimidate|[of] p1a: Heatran
|-unboost|p1a: Heatran|atk|1
|switch|p1a: Latias|Latias, F|244\/319
|-damage|p1a: Latias|205\/319|[from] Stealth Rock
|
|turn|18
|join|Zamrock's Mother
|join|JDynasty
|
|move|p1a: Latias|Defog|p2a: Landorus-Therian
|-unboost|p2a: Landorus-Therian|evasion|1
|-sideend|p1: iLOVEladdering|Stealth Rock|[from] move: Defog|[of] p1a: Latias
|move|p2a: Landorus-Therian|U-turn|p1a: Latias
|-supereffective|p1a: Latias
|-damage|p1a: Latias|0 fnt
|faint|p1a: Latias
|join|HerpDerpFlurp
|leave|ainba
|
|switch|p2a: Rotom-Wash|Rotom-Wash|300\/304
|
|-heal|p2a: Rotom-Wash|304\/304|[from] item: Leftovers
|c| Zamrock's Mother|lol
|join|TheJFrenzy1
|
|switch|p1a: Lopunny|Lopunny-Mega, F|255\/271
|turn|19
|join|kek lmoa
|
|move|p1a: Lopunny|Fake Out|p2a: Rotom-Wash
|-damage|p2a: Rotom-Wash|253\/304
|cant|p2a: Rotom-Wash|flinch
|
|-heal|p2a: Rotom-Wash|272\/304|[from] item: Leftovers
|turn|20
|c| kek lmoa|sbbbbbb
|c| kek lmoa|sbbbbbbb
|c| kek lmoa|sbbbbbbbbb
|c| kek lmoa|sssssssssbbbbbbbbbbbbbbbb
|c|+SmashBrosBrawl|nigge r
|raw|<div class="broadcast-red"><b>Moderated chat was set to +!<\/b><br \/>Only users of rank + and higher can talk.<\/div>
|join|Venancio12
|join|lmLonely
|join|WhyPokemonWhy
|
|switch|p1a: Heatran|Heatran, M|279\/385
|move|p2a: Rotom-Wash|Will-O-Wisp|p1a: Heatran
|-start|p1a: Heatran|ability: Flash Fire
|
|-heal|p2a: Rotom-Wash|291\/304|[from] item: Leftovers
|-heal|p1a: Heatran|303\/385|[from] item: Leftovers
|turn|21
|join|free speech pls
|join|Zamrock's Mother
|
|switch|p2a: Landorus-Therian|Landorus-Therian, M|181\/357
|-ability|p2a: Landorus-Therian|Intimidate|[of] p1a: Heatran
|-unboost|p1a: Heatran|atk|1
|move|p1a: Heatran|Lava Plume|p2a: Landorus-Therian
|-damage|p2a: Landorus-Therian|0 fnt
|faint|p2a: Landorus-Therian
|
|-heal|p1a: Heatran|327\/385|[from] item: Leftovers
|join|Admiral Snuckbar
|
|switch|p2a: Keldeo|Keldeo|323\/323
|turn|22
|leave|JDynasty
|join|JDynasty
|leave|JDynasty
|join|JDynasty
|leave|JDynasty
|join|Cbhulk92
|join|JDynasty
|join|Zamrock's Mother
|join|Zamrock's Mother
|join|Zamrock's Mother
|
|move|p2a: Keldeo|Substitute|p2a: Keldeo
|-start|p2a: Keldeo|Substitute
|-damage|p2a: Keldeo|243\/323
|move|p1a: Heatran|Lava Plume|p2a: Keldeo
|-resisted|p2a: Keldeo
|-end|p2a: Keldeo|Substitute
|
|-heal|p2a: Keldeo|263\/323|[from] item: Leftovers
|-heal|p1a: Heatran|351\/385|[from] item: Leftovers
|turn|23
|join|Zamrock's Mother
|join|Zamrock's Mother
|join|Zamrock's Mother
|join|Zamrock's Mother
|
|move|p2a: Keldeo|Calm Mind|p2a: Keldeo
|-boost|p2a: Keldeo|spa|1
|-boost|p2a: Keldeo|spd|1
|move|p1a: Heatran|Lava Plume|p2a: Keldeo
|-resisted|p2a: Keldeo
|-damage|p2a: Keldeo|199\/323
|
|-heal|p2a: Keldeo|219\/323|[from] item: Leftovers
|-heal|p1a: Heatran|375\/385|[from] item: Leftovers
|turn|24
|join|Zamrock's Mother
|join|Zamrock's Mother
|join|Zamrock's Mother
|
|move|p2a: Keldeo|Substitute|p2a: Keldeo
|-start|p2a: Keldeo|Substitute
|-damage|p2a: Keldeo|139\/323
|move|p1a: Heatran|Taunt|p2a: Keldeo
|-start|p2a: Keldeo|move: Taunt
|
|-heal|p2a: Keldeo|159\/323|[from] item: Leftovers
|-heal|p1a: Heatran|385\/385|[from] item: Leftovers
|turn|25
|join|Zamrock's Mother
|
|move|p2a: Keldeo|Secret Sword|p1a: Heatran
|-supereffective|p1a: Heatran
|-damage|p1a: Heatran|0 fnt
|faint|p1a: Heatran
|
|-heal|p2a: Keldeo|179\/323|[from] item: Leftovers
|c|âiLOVEladdering|gg
|join|Alkov
|leave|wowsuchcody
|-message|iLOVEladdering forfeited.
|leave|Queen IU
|leave|SmashBrosBrawl
|leave|Invince
|leave|wahoo4g
|leave|rkq
|leave|anphonic
|join|rkq
|leave|rkq
|
|win|DracoNinja
|leave|B56
|leave|Fizz on my Jayce
|leave|DracoNinja
|leave|Pokeplays777
|leave|JDynasty
|leave|XQUOVIA
|leave|jeffrawr
|leave|Zagmzp
|
|switch|p1a: Talonflame|Talonflame, F|297\/297
|leave|Solar fox
|leave|Burakkurzu
|player|p2
|leave|Zamrock's Mother
|leave|Alkov
|leave|Land Form Shaymin
|leave|GrandBlack
|leave|TheJFrenzy1
|leave|hashtag fabulous
|leave|WhyPokemonWhy
|leave|CarmelloTheGod
|leave|Hannibal Lector 15
|leave|Insane Pigmask
|leave|HerpDerpFlurp
|leave|kek lmoa
|leave|Galactic Princess
|leave|stockholm negro
|leave|iLOVEladdering
|leave|WeLikeIke
|player|p1
|leave|Cbhulk92
|leave|Demandred
|leave|lmLonely
|leave|ChoiceBird