|join|Zamrock
|join|DracoNinja
|player|p1|Zamrock|293
|player|p2|DracoNinja|2
|gametype|singles
|gen|6
|tier|OU
|clearpoke
|poke|p1|Celebi
|poke|p1|Alakazam, F
|poke|p1|Tyranitar, M
|poke|p1|Landorus, M
|poke|p1|Jirachi
|poke|p1|Suicune
|poke|p2|Metagross
|poke|p2|Hydreigon, F
|poke|p2|Azumarill, F
|poke|p2|Landorus-Therian, M
|poke|p2|Rotom-Wash
|poke|p2|Serperior, F
|rule|Swagger Clause: Swagger is banned
|rule|Baton Pass Clause: Limit one PokÃ©mon knowing Baton Pass
|rule|Sleep Clause Mod: Limit one foe put to sleep
|rule|Species Clause: Limit one of each PokÃ©mon
|rule|OHKO Clause: OHKO moves are banned
|rule|Moody Clause: Moody is banned
|rule|Evasion Moves Clause: Evasion moves are banned
|rule|Endless Battle Clause: Forcing endless battles is banned
|rule|HP Percentage Mod: HP is shown in percentages
|teampreview
Zamrock made this room hidden.
|c|âZamrock|hf
|c|âDracoNinja|u2
|
|start
|switch|p1a: Landorus|Landorus, M|319\/319
|switch|p2a: ZAMROCK|Landorus-Therian, M|357\/357
|-ability|p2a: ZAMROCK|Intimidate|[of] p1a: Landorus
|-unboost|p1a: Landorus|atk|1
|turn|1
|
|move|p1a: Landorus|Stealth Rock|p2a: ZAMROCK
|-sidestart|p2: DracoNinja|move: Stealth Rock
|move|p2a: ZAMROCK|Stealth Rock|p1a: Landorus
|-sidestart|p1: Zamrock|move: Stealth Rock
|
|turn|2
|
|switch|p1a: Suicune|Suicune|403\/403
|-damage|p1a: Suicune|353\/403|[from] Stealth Rock
|-ability|p1a: Suicune|Pressure
|switch|p2a: Z+V|Rotom-Wash|304\/304
|-damage|p2a: Z+V|266\/304|[from] Stealth Rock
|
|-heal|p2a: Z+V|285\/304|[from] item: Leftovers
|-heal|p1a: Suicune|378\/403|[from] item: Leftovers
|turn|3
|
|switch|p1a: Celebi|Celebi|403\/403
|-damage|p1a: Celebi|353\/403|[from] Stealth Rock
|move|p2a: Z+V|Will-O-Wisp|p1a: Celebi
|-status|p1a: Celebi|brn
|
|-heal|p1a: Celebi|378\/403 brn|[from] item: Leftovers
|-heal|p2a: Z+V|304\/304|[from] item: Leftovers
|-damage|p1a: Celebi|328\/403 brn|[from] brn
|turn|4
|
|switch|p2a: METALGROSS|Metagross|345\/345
|-damage|p2a: METALGROSS|324\/345|[from] Stealth Rock
|move|p1a: Celebi|Giga Drain|p2a: METALGROSS
|-resisted|p2a: METALGROSS
|-damage|p2a: METALGROSS|279\/345
|-heal|p1a: Celebi|351\/403 brn|[from] drain|[of] p2a: METALGROSS
|
|-heal|p1a: Celebi|376\/403 brn|[from] item: Leftovers
|-damage|p1a: Celebi|326\/403 brn|[from] brn
|turn|5
|
|switch|p1a: Suicune|Suicune|378\/403
|-damage|p1a: Suicune|328\/403|[from] Stealth Rock
|-ability|p1a: Suicune|Pressure
|detailschange|p2a: METALGROSS|Metagross-Mega
|-mega|p2a: METALGROSS|Metagross|Metagrossite
|move|p2a: METALGROSS|Zen Headbutt|p1a: Suicune
|-damage|p1a: Suicune|187\/403
|
|-heal|p1a: Suicune|212\/403|[from] item: Leftovers
|turn|6
|
|switch|p2a: Z+V|Rotom-Wash|304\/304
|-damage|p2a: Z+V|266\/304|[from] Stealth Rock
|move|p1a: Suicune|Rest|p1a: Suicune
|-status|p1a: Suicune|slp
|-heal|p1a: Suicune|403\/403 slp|[silent]
|-status|p1a: Suicune|slp|[from] move: Rest
|
|-heal|p2a: Z+V|285\/304|[from] item: Leftovers
|turn|7
|
|move|p2a: Z+V|Volt Switch|p1a: Suicune
|-supereffective|p1a: Suicune
|-damage|p1a: Suicune|259\/403 slp
|
|switch|p2a: KLAND|Serperior, F|291\/291
|-damage|p2a: KLAND|255\/291|[from] Stealth Rock
|cant|p1a: Suicune|slp
|move|p1a: Suicune|Sleep Talk|p1a: Suicune
|move|p1a: Suicune|Scald|p2a: KLAND|[from]Sleep Talk
|-resisted|p2a: KLAND
|-damage|p2a: KLAND|210\/291
|
|-heal|p1a: Suicune|284\/403 slp|[from] item: Leftovers
|turn|8
|
|switch|p1a: Tyranitar|Tyranitar, M|341\/341
|-damage|p1a: Tyranitar|299\/341|[from] Stealth Rock
|-weather|Sandstorm
|move|p2a: KLAND|Leaf Storm|p1a: Tyranitar
|-supereffective|p1a: Tyranitar
|-damage|p1a: Tyranitar|63\/341
|-boost|p2a: KLAND|spa|2
|
|-weather|Sandstorm|[upkeep]
|-damage|p2a: KLAND|192\/291|[from] sandstorm
|turn|9
|
|move|p1a: Tyranitar|Ice Punch|p2a: KLAND
|-supereffective|p2a: KLAND
|-damage|p2a: KLAND|0 fnt
|faint|p2a: KLAND
|
|-weather|Sandstorm|[upkeep]
|
|switch|p2a: SNOWCRISTAL|Azumarill, F|358\/358
|-damage|p2a: SNOWCRISTAL|314\/358|[from] Stealth Rock
|turn|10
|
|switch|p1a: Jirachi|Jirachi|365\/365
|-damage|p1a: Jirachi|343\/365|[from] Stealth Rock
|move|p2a: SNOWCRISTAL|Belly Drum|p2a: SNOWCRISTAL
|-damage|p2a: SNOWCRISTAL|135\/358
|-setboost|p2a: SNOWCRISTAL|atk|6|[from] move: Belly Drum
|-enditem|p2a: SNOWCRISTAL|Sitrus Berry|[eat]
|-heal|p2a: SNOWCRISTAL|224\/358|[from] item: Sitrus Berry
|
|-weather|Sandstorm|[upkeep]
|-damage|p2a: SNOWCRISTAL|202\/358|[from] sandstorm
|-heal|p1a: Jirachi|365\/365|[from] item: Leftovers
|turn|11
|c|âZamrock|u there? lol
|c|âZamrock|welp
|
|move|p2a: SNOWCRISTAL|Aqua Jet|p1a: Jirachi
|-crit|p1a: Jirachi
|-damage|p1a: Jirachi|0 fnt
|faint|p1a: Jirachi
|
|-weather|Sandstorm|[upkeep]
|-damage|p2a: SNOWCRISTAL|180\/358|[from] sandstorm
|c|âDracoNinja|=\/
|
|switch|p1a: Celebi|Celebi|326\/403
|-damage|p1a: Celebi|276\/403|[from] Stealth Rock
|turn|12
|
|move|p1a: Celebi|Giga Drain|p2a: SNOWCRISTAL
|-supereffective|p2a: SNOWCRISTAL
|-damage|p2a: SNOWCRISTAL|0 fnt
|-heal|p1a: Celebi|366\/403|[from] drain|[of] p2a: SNOWCRISTAL
|faint|p2a: SNOWCRISTAL
|
|-weather|none
|-heal|p1a: Celebi|391\/403|[from] item: Leftovers
|
|switch|p2a: METALGROSS|Metagross-Mega|279\/345
|-damage|p2a: METALGROSS|258\/345|[from] Stealth Rock
|turn|13
|
|move|p2a: METALGROSS|Rock Polish|p2a: METALGROSS
|-boost|p2a: METALGROSS|spe|2
|move|p1a: Celebi|Calm Mind|p1a: Celebi
|-boost|p1a: Celebi|spa|1
|-boost|p1a: Celebi|spd|1
|
|-heal|p1a: Celebi|403\/403|[from] item: Leftovers
|turn|14
|c|âZamrock|oh ur this
|c|âZamrock|fuck
|
|move|p2a: METALGROSS|Meteor Mash|p1a: Celebi
|-damage|p1a: Celebi|225\/403
|move|p1a: Celebi|Baton Pass|p1a: Celebi
|
|switch|p1a: Landorus|Landorus, M|319\/319
|-damage|p1a: Landorus|280\/319|[from] Stealth Rock
|
|turn|15
|
|move|p2a: METALGROSS|Meteor Mash|p1a: Landorus
|-damage|p1a: Landorus|0 fnt
|faint|p1a: Landorus
|
|c|âZamrock|wait what
|c|âZamrock|you're adamant?
|c|âZamrock|fuck
|c|âZamrock|yeah gg, can't beat this
|-message|Zamrock forfeited.
|
|win|DracoNinja
|leave|Zamrock
|player|p1