|join|DracoNinja
|join|TheSkyAboveUs
|player|p1|DracoNinja|2
|player|p2|TheSkyAboveUs|102
|gametype|singles
|gen|6
|tier|OU
|clearpoke
|poke|p1|Metagross
|poke|p1|Hydreigon, F
|poke|p1|Azumarill, F
|poke|p1|Landorus-Therian, M
|poke|p1|Rotom-Wash
|poke|p1|Serperior, F
|poke|p2|Sableye, F, shiny
|poke|p2|Chansey, F, shiny
|poke|p2|Quagsire, F, shiny
|poke|p2|Skarmory, M, shiny
|poke|p2|Gliscor, M, shiny
|poke|p2|Cresselia, F, shiny
|rule|Swagger Clause: Swagger is banned
|rule|Baton Pass Clause: Limit one PokÃ©mon knowing Baton Pass
|rule|Sleep Clause Mod: Limit one foe put to sleep
|rule|Species Clause: Limit one of each PokÃ©mon
|rule|OHKO Clause: OHKO moves are banned
|rule|Moody Clause: Moody is banned
|rule|Evasion Moves Clause: Evasion moves are banned
|rule|Endless Battle Clause: Forcing endless battles is banned
|rule|HP Percentage Mod: HP is shown in percentages
|teampreview
|join|Teremiare
|join|Vrin
|join|SunlightBlade
|join|JxAssassain2
|join|asdfwerbgewFwf
|join|Tolsof
|leave|Tolsof
|
|start
|switch|p1a: Z+V|Rotom-Wash|304\/304
|switch|p2a: Sableye|Sableye, F, shiny|301\/301
|turn|1
|c| Teremiare|that stall though
|join|Frickett
|
|detailschange|p2a: Sableye|Sableye-Mega, F, shiny
|-mega|p2a: Sableye|Sableye|Sablenite
|move|p2a: Sableye|Will-O-Wisp|p1a: Z+V
|-status|p1a: Z+V|brn
|move|p1a: Z+V|Volt Switch|p2a: Sableye
|-damage|p2a: Sableye|229\/301
|c| asdfwerbgewFwf|imma watch since too laggy to battle, gl guys im cheering for draco, i enjoyed our battle
|
|switch|p1a: SNOWCRISTAL|Azumarill, F|358\/358
|
|turn|2
|
|switch|p2a: Skarmory|Skarmory, M, shiny|333\/333
|move|p1a: SNOWCRISTAL|Knock Off|p2a: Skarmory
|-crit|p2a: Skarmory
|-damage|p2a: Skarmory|214\/333
|-enditem|p2a: Skarmory|Shed Shell|[from] move: Knock Off|[of] p1a: SNOWCRISTAL
|
|turn|3
|
|switch|p1a: ZORODARK|Hydreigon, F|325\/325
|move|p2a: Skarmory|Roost|p2a: Skarmory
|-heal|p2a: Skarmory|333\/333
|
|turn|4
|
|switch|p2a: Chansey|Chansey, F, shiny|703\/703
|move|p1a: ZORODARK|U-turn|p2a: Chansey
|-damage|p2a: Chansey|639\/703
|
|switch|p1a: ZAMROCK|Landorus-Therian, M|357\/357
|-ability|p1a: ZAMROCK|Intimidate|[of] p2a: Chansey
|-unboost|p2a: Chansey|atk|1
|
|turn|5
|
|switch|p2a: Skarmory|Skarmory, M, shiny|333\/333
|move|p1a: ZAMROCK|Stealth Rock|p2a: Skarmory
|-sidestart|p2: TheSkyAboveUs|move: Stealth Rock
|
|turn|6
|
|move|p1a: ZAMROCK|U-turn|p2a: Skarmory
|-resisted|p2a: Skarmory
|-damage|p2a: Skarmory|320\/333
|
|switch|p1a: KLAND|Serperior, F|291\/291
|move|p2a: Skarmory|Defog|p1a: KLAND
|-boost|p1a: KLAND|evasion|1
|-sideend|p2: TheSkyAboveUs|Stealth Rock|[from] move: Defog|[of] p2a: Skarmory
|
|turn|7
|
|switch|p2a: Chansey|Chansey, F, shiny|639\/703
|move|p1a: KLAND|Leaf Storm|p2a: Chansey
|-damage|p2a: Chansey|525\/703
|-boost|p1a: KLAND|spa|2
|
|turn|8
|
|move|p1a: KLAND|Taunt|p2a: Chansey
|-start|p2a: Chansey|move: Taunt
|cant|p2a: Chansey|move: Taunt|Thunder Wave
|
|turn|9
|
|move|p1a: KLAND|Leaf Storm|p2a: Chansey
|-damage|p2a: Chansey|273\/703
|-boost|p1a: KLAND|spa|2
|move|p2a: Chansey|Seismic Toss|p1a: KLAND
|-damage|p1a: KLAND|191\/291
|
|turn|10
|
|move|p1a: KLAND|Leaf Storm|p2a: Chansey
|-damage|p2a: Chansey|0 fnt
|-boost|p1a: KLAND|spa|2
|faint|p2a: Chansey
|
|
|switch|p2a: Cresselia|Cresselia, F, shiny|443\/443
|turn|11
|
|move|p1a: KLAND|Leaf Storm|p2a: Cresselia
|-damage|p2a: Cresselia|0 fnt
|faint|p2a: Cresselia
|
|c|âTheSkyAboveUs|gg
|c|âDracoNinja|gg
|-message|TheSkyAboveUs forfeited.
|join|rob
|leave|TheSkyAboveUs
|
|win|DracoNinja
|leave|Vrin
|player|p2
|leave|Teremiare
|leave|rob
|leave|asdfwerbgewFwf
|leave|SunlightBlade
|leave|JxAssassain2