|join|DracoNinja
|join|jerry85
|player|p1|DracoNinja|2
|player|p2|jerry85|135
|gametype|singles
|gen|6
|tier|OU
|rated
|clearpoke
|poke|p1|Metagross
|poke|p1|Hydreigon, F
|poke|p1|Azumarill, F
|poke|p1|Landorus-Therian, M
|poke|p1|Rotom-Wash
|poke|p1|Serperior, F
|poke|p2|Sableye, M
|poke|p2|Excadrill, F
|poke|p2|Manaphy
|poke|p2|Gliscor, F
|poke|p2|Talonflame, M
|poke|p2|Clefable, F
|rule|Swagger Clause: Swagger is banned
|rule|Baton Pass Clause: Limit one PokÃ©mon knowing Baton Pass
|rule|Sleep Clause Mod: Limit one foe put to sleep
|rule|Species Clause: Limit one of each PokÃ©mon
|rule|OHKO Clause: OHKO moves are banned
|rule|Moody Clause: Moody is banned
|rule|Evasion Moves Clause: Evasion moves are banned
|rule|Endless Battle Clause: Forcing endless battles is banned
|rule|HP Percentage Mod: HP is shown in percentages
|teampreview
|
|start
|switch|p1a: Z+V|Rotom-Wash|304\/304
|switch|p2a: Sableye|Sableye, M|303\/303
|turn|1
|
|detailschange|p2a: Sableye|Sableye-Mega, M
|-mega|p2a: Sableye|Sableye|Sablenite
|move|p1a: Z+V|Volt Switch|p2a: Sableye
|-damage|p2a: Sableye|245\/303
|
|switch|p1a: ZORODARK|Hydreigon, F|325\/325
|move|p2a: Sableye|Knock Off|p1a: ZORODARK
|-resisted|p1a: ZORODARK
|-damage|p1a: ZORODARK|275\/325
|-enditem|p1a: ZORODARK|Choice Scarf|[from] move: Knock Off|[of] p2a: Sableye
|
|turn|2
|
|move|p1a: ZORODARK|U-turn|p2a: Sableye
|-damage|p2a: Sableye|198\/303
|
|switch|p1a: Z+V|Rotom-Wash|304\/304
|move|p2a: Sableye|Recover|p2a: Sableye
|-heal|p2a: Sableye|303\/303
|
|turn|3
|
|move|p1a: Z+V|Hydro Pump|p2a: Sableye
|-damage|p2a: Sableye|215\/303
|move|p2a: Sableye|Will-O-Wisp|p1a: Z+V|[miss]
|-miss|p2a: Sableye|p1a: Z+V
|
|turn|4
|
|move|p1a: Z+V|Volt Switch|p2a: Sableye
|-damage|p2a: Sableye|158\/303
|
|switch|p1a: KLAND|Serperior, F|291\/291
|move|p2a: Sableye|Recover|p2a: Sableye
|-heal|p2a: Sableye|303\/303
|
|turn|5
|
|switch|p1a: Z+V|Rotom-Wash|304\/304
|switch|p2a: Clefable|Clefable, F|393\/393
|
|turn|6
|join|Alvadora
|
|switch|p2a: Excadrill|Excadrill, F|424\/424
|-ability|p2a: Excadrill|Mold Breaker
|move|p1a: Z+V|Volt Switch|p2a: Excadrill
|-immune|p2a: Excadrill|[msg]
|
|turn|7
|
|switch|p1a: ZAMROCK|Landorus-Therian, M|357\/357
|-ability|p1a: ZAMROCK|Intimidate|[of] p2a: Excadrill
|-unboost|p2a: Excadrill|atk|1
|move|p2a: Excadrill|Toxic|p1a: ZAMROCK
|-status|p1a: ZAMROCK|tox
|
|-damage|p1a: ZAMROCK|335\/357 tox|[from] psn
|turn|8
|
|switch|p2a: Sableye|Sableye-Mega, M|303\/303
|move|p1a: ZAMROCK|Earthquake|p2a: Sableye
|-damage|p2a: Sableye|99\/303
|
|-damage|p1a: ZAMROCK|291\/357 tox|[from] psn
|turn|9
|
|switch|p2a: Gliscor|Gliscor, F|353\/353
|move|p1a: ZAMROCK|Stealth Rock|p2a: Gliscor
|-sidestart|p2: jerry85|move: Stealth Rock
|
|-damage|p1a: ZAMROCK|225\/357 tox|[from] psn
|-status|p2a: Gliscor|tox|[from] item: Toxic Orb
|turn|10
|
|move|p1a: ZAMROCK|U-turn|p2a: Gliscor
|-resisted|p2a: Gliscor
|-damage|p2a: Gliscor|324\/353 tox
|
|switch|p1a: Z+V|Rotom-Wash|304\/304
|move|p2a: Gliscor|Stealth Rock|p1a: Z+V
|-sidestart|p1: DracoNinja|move: Stealth Rock
|
|-heal|p2a: Gliscor|353\/353 tox|[from] ability: Poison Heal
|turn|11
|
|switch|p2a: Clefable|Clefable, F|393\/393
|-damage|p2a: Clefable|344\/393|[from] Stealth Rock
|move|p1a: Z+V|Volt Switch|p2a: Clefable
|-damage|p2a: Clefable|260\/393
|
|switch|p1a: METALGROSS|Metagross|345\/345
|-damage|p1a: METALGROSS|324\/345|[from] Stealth Rock
|
|-heal|p2a: Clefable|284\/393|[from] item: Leftovers
|turn|12
|
|switch|p2a: Excadrill|Excadrill, F|424\/424
|-damage|p2a: Excadrill|411\/424|[from] Stealth Rock
|-ability|p2a: Excadrill|Mold Breaker
|detailschange|p1a: METALGROSS|Metagross-Mega
|-mega|p1a: METALGROSS|Metagross|Metagrossite
|move|p1a: METALGROSS|Zen Headbutt|p2a: Excadrill
|-resisted|p2a: Excadrill
|-damage|p2a: Excadrill|230\/424
|
|-heal|p2a: Excadrill|256\/424|[from] item: Leftovers
|turn|13
|
|switch|p2a: Gliscor|Gliscor, F|353\/353 tox
|-damage|p2a: Gliscor|309\/353 tox|[from] Stealth Rock
|move|p1a: METALGROSS|Meteor Mash|p2a: Gliscor
|-damage|p2a: Gliscor|150\/353 tox
|
|-heal|p2a: Gliscor|194\/353 tox|[from] ability: Poison Heal
|turn|14
|
|move|p1a: METALGROSS|Meteor Mash|p2a: Gliscor
|-damage|p2a: Gliscor|31\/353 tox
|move|p2a: Gliscor|Earthquake|p1a: METALGROSS
|-supereffective|p1a: METALGROSS
|-damage|p1a: METALGROSS|168\/345
|
|-heal|p2a: Gliscor|75\/353 tox|[from] ability: Poison Heal
|turn|15
|
|move|p1a: METALGROSS|Zen Headbutt|p2a: Gliscor
|-damage|p2a: Gliscor|0 fnt
|faint|p2a: Gliscor
|
|
|switch|p2a: Manaphy|Manaphy|401\/401
|-damage|p2a: Manaphy|351\/401|[from] Stealth Rock
|turn|16
|
|move|p1a: METALGROSS|Zen Headbutt|p2a: Manaphy
|-damage|p2a: Manaphy|122\/401
|move|p2a: Manaphy|U-turn|p1a: METALGROSS
|-damage|p1a: METALGROSS|135\/345
|-message|jerry85 forfeited.
|
|win|DracoNinja
|raw|Ladder updating...
|leave|jerry85
|player|p2
|raw|DracoNinja's rating: 1605 &rarr; <strong>1630<\/strong><br \/>(+25 for winning)
|raw|jerry85's rating: 1682 &rarr; <strong>1658<\/strong><br \/>(-24 for losing)