|join|nig from paris
|join|draconinja
|player|p1|nig from paris|281
|player|p2|draconinja|1
|gametype|singles
|gen|6
|tier|OU
|clearpoke
|poke|p1|Scizor, F
|poke|p1|Klefki, M
|poke|p1|Landorus-Therian, M
|poke|p1|Celebi
|poke|p1|Greninja, F
|poke|p1|Heatran, M
|poke|p2|Diancie
|poke|p2|Hawlucha, M, shiny
|poke|p2|Shaymin
|poke|p2|Bisharp, M
|poke|p2|Rhyperior, M
|poke|p2|Azumarill, F
|rule|Swagger Clause: Swagger is banned
|rule|Baton Pass Clause: Limit one PokÃ©mon knowing Baton Pass
|rule|Sleep Clause Mod: Limit one foe put to sleep
|rule|Species Clause: Limit one of each PokÃ©mon
|rule|OHKO Clause: OHKO moves are banned
|rule|Moody Clause: Moody is banned
|rule|Evasion Moves Clause: Evasion moves are banned
|rule|Endless Battle Clause: Forcing endless battles is banned
|rule|HP Percentage Mod: HP is shown in percentages
|teampreview
|c|ânig from paris|link this in the chat
|c|âdraconinja|lol fuck gren
|join|Zamrock
|join|Tom Bus
|c|ânig from paris|gl
|join|Alvok
|join|Disorient
|c|âdraconinja|yer you too
|c| Alvok|draco deserves to win
|c| Alvok|cus shaymin
|join|Yuttt.annual
|c| Zamrock|nigga serious brought ninja
|c| Zamrock|pussy
|c|âdraconinja|yea,,,
|c|ânig from paris|;_;
|
|start
|switch|p1a: Scizor|Scizor, F|343\/343
|switch|p2a: Illuminate|Diancie|241\/241
|turn|1
|c| Zamrock|i went 3-0 w\/o any ninja
|c| Zamrock|grow some balls
|c| Zamrock|!
|c| Zamrock|jk ily both
|
|detailschange|p2a: Illuminate|Diancie-Mega
|-mega|p2a: Illuminate|Diancie|Diancite
|detailschange|p1a: Scizor|Scizor-Mega, F
|-mega|p1a: Scizor|Scizor|Scizorite
|move|p2a: Illuminate|Protect|p2a: Illuminate
|-singleturn|p2a: Illuminate|Protect
|move|p1a: Scizor|Bullet Punch|p2a: Illuminate
|-activate|p2a: Illuminate|Protect
|
|turn|2
|
|switch|p2a: Huge Horn|Rhyperior, M|433\/433
|move|p1a: Scizor|U-turn|p2a: Huge Horn
|-damage|p2a: Huge Horn|351\/433
|
|switch|p1a: Greninja|Greninja, F|285\/285
|
|-heal|p2a: Huge Horn|378\/433|[from] item: Leftovers
|turn|3
|c| Zamrock|ogod...
|
|switch|p2a: Lindt|Azumarill, F|377\/377
|move|p1a: Greninja|Low Kick|p2a: Lindt
|-start|p1a: Greninja|typechange|Fighting|[from] Protean
|-resisted|p2a: Lindt
|-damage|p2a: Lindt|313\/377
|-damage|p1a: Greninja|257\/285|[from] item: Life Orb
|
|turn|4
|
|switch|p2a: Samurai|Bisharp, M|271\/271
|move|p1a: Greninja|Gunk Shot|p2a: Samurai
|-start|p1a: Greninja|typechange|Poison|[from] Protean
|-immune|p2a: Samurai|[msg]
|
|turn|5
|c| Zamrock|damn
|
|move|p2a: Samurai|Pursuit|p1a: Greninja|[from]Pursuit
|-damage|p1a: Greninja|43\/285
|switch|p1a: Scizor|Scizor-Mega, F|343\/343
|
|turn|6
|c| Zamrock|WE OUTCHEA
|c| Zamrock|!!!!!!!!!!!!!
|
|switch|p2a: Huge Horn|Rhyperior, M|378\/433
|move|p1a: Scizor|Superpower|p2a: Huge Horn
|-supereffective|p2a: Huge Horn
|-damage|p2a: Huge Horn|245\/433
|-unboost|p1a: Scizor|atk|1
|-unboost|p1a: Scizor|def|1
|
|-heal|p2a: Huge Horn|272\/433|[from] item: Leftovers
|turn|7
|join|Draeden
|c|âdraconinja|yum
|c|ânig from paris|why
|c|ânig from paris|does that do nothing
|
|move|p1a: Scizor|U-turn|p2a: Huge Horn
|-damage|p2a: Huge Horn|220\/433
|c|âdraconinja|because
|c|âdraconinja|its a
|
|switch|p1a: Landorus-Therian|Landorus-Therian, M|381\/381
|-ability|p1a: Landorus-Therian|Intimidate|[of] p2a: Huge Horn
|-unboost|p2a: Huge Horn|atk|1
|move|p2a: Huge Horn|Stealth Rock|p1a: Landorus-Therian
|-sidestart|p1: nig from paris|move: Stealth Rock
|
|-heal|p2a: Huge Horn|247\/433|[from] item: Leftovers
|turn|8
|c| Zamrock|call me solid rock
|c|âdraconinja|snowcristal lord squad
|c|âdraconinja|-
|join|JohnxYiu
|c| Draeden|Fuckin Bulk with Solid Rock
|
|move|p1a: Landorus-Therian|Stealth Rock|p2a: Huge Horn
|-sidestart|p2: draconinja|move: Stealth Rock
|move|p2a: Huge Horn|Ice Punch|p1a: Landorus-Therian
|-supereffective|p1a: Landorus-Therian
|-damage|p1a: Landorus-Therian|209\/381
|-status|p1a: Landorus-Therian|frz
|
|-heal|p1a: Landorus-Therian|232\/381 frz|[from] item: Leftovers
|-heal|p2a: Huge Horn|274\/433|[from] item: Leftovers
|turn|9
|c|âdraconinja|nice
|c| Zamrock|LOL
|c| Zamrock|rip
|c| Draeden|Must be nice
|c| Disorient|bad karma for bringing Gren
|c|âdraconinja|rip
|c|âdraconinja|its been
|c|âdraconinja|ages
|c|âdraconinja|since i haxed
|c| Zamrock|that's what u get
|c| Zamrock|for bringing a broken mon
|join|iplaytennislol
|c|ânig from paris|lol
|
|switch|p1a: Scizor|Scizor-Mega, F|343\/343
|-damage|p1a: Scizor|301\/343|[from] Stealth Rock
|switch|p2a: Puerco Espin|Shaymin|341\/341
|-damage|p2a: Puerco Espin|299\/341|[from] Stealth Rock
|
|turn|10
|
|switch|p1a: Celebi|Celebi|404\/404
|-damage|p1a: Celebi|354\/404|[from] Stealth Rock
|move|p2a: Puerco Espin|Hidden Power|p1a: Celebi
|-supereffective|p1a: Celebi
|-damage|p1a: Celebi|229\/404
|-damage|p2a: Puerco Espin|265\/341|[from] item: Life Orb
|
|-heal|p1a: Celebi|254\/404|[from] item: Leftovers
|turn|11
|c| Zamrock|DracoNinja + SnowCristal
|c| Zamrock|too much girl power
|c| Zamrock|for esca
|c| Zamrock|yn
|c|ânig from paris|nigga i played dpp
|c|ânig from paris|i know this shit carries
|c|ânig from paris|fire
|c| Zamrock|this ain't dpp brotha
|c| Zamrock|it's a big boy tier
|c| Zamrock|and a girl is whoopin yo ass in it
|c| Zamrock|!
|c| Zamrock|where's the timer?
|
|move|p2a: Puerco Espin|Hidden Power|p1a: Celebi
|-crit|p1a: Celebi
|-supereffective|p1a: Celebi
|-damage|p1a: Celebi|62\/404
|-damage|p2a: Puerco Espin|231\/341|[from] item: Life Orb
|move|p1a: Celebi|Recover|p1a: Celebi
|-heal|p1a: Celebi|264\/404
|
|-heal|p1a: Celebi|289\/404|[from] item: Leftovers
|turn|12
|c| Zamrock|if one of u wins
|c| Zamrock|u play xtra next week
|c| Zamrock|imo
|c| Tom Bus|That's a pretty big "if", Zamrock
|c| Zamrock|it makes this more interesting
|
|switch|p2a: Caracas|Hawlucha, M, shiny|300\/300
|-damage|p2a: Caracas|263\/300|[from] Stealth Rock
|move|p1a: Celebi|Recover|p1a: Celebi
|-heal|p1a: Celebi|404\/404
|
|turn|13
|c|âdraconinja|esca how does your team even beat  stall
|c|âdraconinja|you get 6-0'd by it
|c|ânig from paris|it doesnt
|c| Zamrock|celebi is a "stallbreaker"
|c|ânig from paris|but you dont play stall so its whatever
|c| Zamrock|actually, she does
|
|switch|p1a: Klefki|Klefki, M|317\/317
|-damage|p1a: Klefki|298\/317|[from] Stealth Rock
|move|p2a: Caracas|High Jump Kick|p1a: Klefki|[miss]
|-miss|p2a: Caracas|p1a: Klefki
|-damage|p2a: Caracas|113\/300|[from] highjumpkick
|-enditem|p2a: Caracas|Sitrus Berry|[eat]
|-heal|p2a: Caracas|188\/300|[from] item: Sitrus Berry
|
|-heal|p1a: Klefki|317\/317|[from] item: Leftovers
|turn|14
|c|ânig from paris|thats for lando
|c|âdraconinja|lol
|c|âdraconinja|fuck
|c|âdraconinja|karma
|
|switch|p2a: Illuminate|Diancie-Mega|241\/241
|-damage|p2a: Illuminate|211\/241|[from] Stealth Rock
|move|p1a: Klefki|Thunder Wave|p2a: Illuminate
|move|p2a: Illuminate|Thunder Wave|p1a: Klefki|[from]Magic Bounce
|-status|p1a: Klefki|par
|
|turn|15
|c| Draeden|But Lando was for Gren
|c| Draeden|So what happens next
|c|ânig from paris|n
|c| Zamrock|go ahead
|c| Zamrock|and get predicted
|c|ânig from paris|lol because i care about twave
|
|switch|p1a: Greninja|Greninja, F|43\/285
|-damage|p1a: Greninja|8\/285|[from] Stealth Rock
|move|p2a: Illuminate|Moonblast|p1a: Greninja
|-supereffective|p1a: Greninja
|-damage|p1a: Greninja|0 fnt
|faint|p1a: Greninja
|
|c|âdraconinja|yea
|c|âdraconinja|the para will come and
|
|switch|p1a: Scizor|Scizor-Mega, F|301\/343
|-damage|p1a: Scizor|259\/343|[from] Stealth Rock
|turn|16
|c|âdraconinja|bite you later
|c|ânig from paris|ok
|
|switch|p2a: Huge Horn|Rhyperior, M|274\/433
|-damage|p2a: Huge Horn|247\/433|[from] Stealth Rock
|move|p1a: Scizor|Bullet Punch|p2a: Huge Horn
|-supereffective|p2a: Huge Horn
|-damage|p2a: Huge Horn|139\/433
|
|-heal|p2a: Huge Horn|166\/433|[from] item: Leftovers
|turn|17
|c|âdraconinja|just
|c|âdraconinja|ate it up
|c| Zamrock|why did cristal make a team so scizor weak?
|c|âdraconinja|yea
|c|âdraconinja|idk
|c|ânig from paris|its meant to lure it
|c|ânig from paris|with shay i guess
|join|RustyEspur
|c|âdraconinja|i got like
|c|âdraconinja|2 lures
|c|âdraconinja|so its fine
|c|âdraconinja|~
|
|move|p1a: Scizor|U-turn|p2a: Huge Horn
|-damage|p2a: Huge Horn|84\/433
|
|switch|p1a: Celebi|Celebi|404\/404
|-damage|p1a: Celebi|354\/404|[from] Stealth Rock
|move|p2a: Huge Horn|Earthquake|p1a: Celebi
|-resisted|p1a: Celebi
|-damage|p1a: Celebi|273\/404
|
|-heal|p1a: Celebi|298\/404|[from] item: Leftovers
|-heal|p2a: Huge Horn|111\/433|[from] item: Leftovers
|turn|18
|c|âdraconinja|lame
|c|âdraconinja|dont stay in
|
|move|p1a: Celebi|Giga Drain|p2a: Huge Horn
|-supereffective|p2a: Huge Horn
|-damage|p2a: Huge Horn|0 fnt
|-heal|p1a: Celebi|354\/404|[from] drain|[of] p2a: Huge Horn
|faint|p2a: Huge Horn
|
|-heal|p1a: Celebi|379\/404|[from] item: Leftovers
|
|switch|p2a: Samurai|Bisharp, M|271\/271
|-damage|p2a: Samurai|255\/271|[from] Stealth Rock
|turn|19
|
|move|p1a: Celebi|Baton Pass|p1a: Celebi
|c|âdraconinja|o thats
|c|âdraconinja|p fast
|c| Draeden|Celebi should always be fast enough to dodge Bisharp
|c| Zamrock|he has no switch0ins
|c|âdraconinja|does the freeze on landT really matter tbh
|c| Zamrock|anyway
|c|âdraconinja|like
|c|âdraconinja|everything on this team
|c|âdraconinja|beats landT
|c|âdraconinja|bar lucha
|c| Zamrock|it would have
|
|switch|p1a: Scizor|Scizor-Mega, F|259\/343
|-damage|p1a: Scizor|217\/343|[from] Stealth Rock
|move|p2a: Samurai|Knock Off|p1a: Scizor
|-damage|p1a: Scizor|126\/343
|
|turn|20
|c| Zamrock|provided momentum for him
|c| Zamrock|now it's 50\/50
|
|move|p2a: Samurai|Sucker Punch|p1a: Scizor
|-fail|p1a: Scizor
|move|p1a: Scizor|Roost|p1a: Scizor
|-heal|p1a: Scizor|298\/343
|
|turn|21
|c|ânig from paris|?
|c|ânig from paris|why wouldnt i roost
|c|âdraconinja|o
|c| Zamrock|i thought u were SD
|c|âdraconinja|oops
|c|âdraconinja|ye
|c|âdraconinja|same
|c| Zamrock|3 atk roost
|c| Zamrock|scizor the new lati
|
|switch|p2a: Caracas|Hawlucha, M, shiny|188\/300
|-damage|p2a: Caracas|151\/300|[from] Stealth Rock
|move|p1a: Scizor|U-turn|p2a: Caracas
|-resisted|p2a: Caracas
|-damage|p2a: Caracas|110\/300
|
|switch|p1a: Klefki|Klefki, M|317\/317 par
|-damage|p1a: Klefki|298\/317 par|[from] Stealth Rock
|
|-heal|p1a: Klefki|317\/317 par|[from] item: Leftovers
|turn|22
|
|switch|p2a: Illuminate|Diancie-Mega|211\/241
|-damage|p2a: Illuminate|181\/241|[from] Stealth Rock
|move|p1a: Klefki|Dazzling Gleam|p2a: Illuminate
|-damage|p2a: Illuminate|78\/241
|
|turn|23
|c|âdraconinja|para here
|c|âdraconinja|in the name of lord kland
|
|move|p2a: Illuminate|Earth Power|p1a: Klefki
|-supereffective|p1a: Klefki
|-damage|p1a: Klefki|95\/317 par
|move|p1a: Klefki|Dazzling Gleam|p2a: Illuminate
|-damage|p2a: Illuminate|0 fnt
|faint|p2a: Illuminate
|
|-heal|p1a: Klefki|114\/317 par|[from] item: Leftovers
|c| Zamrock|relying on kland
|
|switch|p2a: Lindt|Azumarill, F|313\/377
|-damage|p2a: Lindt|266\/377|[from] Stealth Rock
|turn|24
|c| Zamrock|is the worst decision
|c| Zamrock|possible
|c| Zamrock|lol
|c|âdraconinja|kland why have you forsaken me,,,
|
|move|p2a: Lindt|Waterfall|p1a: Klefki
|-damage|p1a: Klefki|0 fnt
|faint|p1a: Klefki
|
|c| Zamrock|he uses a volca team w\/o hazard control
|c| Zamrock|what did you expect?
|
|switch|p1a: Celebi|Celebi|379\/404
|-damage|p1a: Celebi|329\/404|[from] Stealth Rock
|turn|25
|c|âdraconinja|thats because
|c|âdraconinja|he doesnt want to lose momentum
|
|move|p1a: Celebi|Giga Drain|p2a: Lindt
|-supereffective|p2a: Lindt
|-damage|p2a: Lindt|150\/377
|-heal|p1a: Celebi|387\/404|[from] drain|[of] p2a: Lindt
|move|p2a: Lindt|Knock Off|p1a: Celebi
|-supereffective|p1a: Celebi
|-damage|p1a: Celebi|93\/404
|-enditem|p1a: Celebi|Leftovers|[from] move: Knock Off|[of] p2a: Lindt
|
|turn|26
|c|âdraconinja|tbh it was a v effective team
|c|ânig from paris|wow
|c|ânig from paris|that
|c|ânig from paris|did zero
|c|ânig from paris|i was expecting a 2hko
|c| Zamrock|making fun of him is fun tho
|c| JohnxYiu|nice team draconinja
|
|move|p1a: Celebi|Giga Drain|p2a: Lindt
|-supereffective|p2a: Lindt
|-damage|p2a: Lindt|24\/377
|-heal|p1a: Celebi|156\/404|[from] drain|[of] p2a: Lindt
|move|p2a: Lindt|Play Rough|p1a: Celebi
|-damage|p1a: Celebi|0 fnt
|faint|p1a: Celebi
|
|
|switch|p1a: Scizor|Scizor-Mega, F|298\/343
|-damage|p1a: Scizor|256\/343|[from] Stealth Rock
|turn|27
|
|move|p1a: Scizor|Bullet Punch|p2a: Lindt
|-crit|p2a: Lindt
|-damage|p2a: Lindt|0 fnt
|faint|p2a: Lindt
|
|
|switch|p2a: Puerco Espin|Shaymin|231\/341
|-damage|p2a: Puerco Espin|189\/341|[from] Stealth Rock
|turn|28
|c|âdraconinja|king
|c|âdraconinja|shaymin
|join|Kimio
|c|âdraconinja|achieve
|
|switch|p1a: Landorus-Therian|Landorus-Therian, M|232\/381 frz
|-damage|p1a: Landorus-Therian|185\/381 frz|[from] Stealth Rock
|-ability|p1a: Landorus-Therian|Intimidate|[of] p2a: Puerco Espin
|-unboost|p2a: Puerco Espin|atk|1
|move|p2a: Puerco Espin|Hidden Power|p1a: Landorus-Therian
|-damage|p1a: Landorus-Therian|90\/381 frz
|-curestatus|p1a: Landorus-Therian|frz
|-damage|p2a: Puerco Espin|155\/341|[from] item: Life Orb
|
|-heal|p1a: Landorus-Therian|113\/381|[from] item: Leftovers
|turn|29
|c| Tom Bus|!
|c|âdraconinja|wait
|c|âdraconinja|that thaws?
|c|ânig from paris|what
|
|move|p2a: Puerco Espin|Seed Flare|p1a: Landorus-Therian
|-crit|p1a: Landorus-Therian
|-damage|p1a: Landorus-Therian|0 fnt
|-damage|p2a: Puerco Espin|121\/341|[from] item: Life Orb
|faint|p1a: Landorus-Therian
|
|c| JohnxYiu|waht
|c|ânig from paris|i didnt know that
|c| RustyEspur|lol
|c| Draeden|lolwut
|c| Tom Bus|It's a fire attack,,,
|c| JohnxYiu|idk too
|c| JohnxYiu|lol
|c| Draeden|Odasrite
|c| Draeden|It's fire type
|c| Draeden|So it has to
|c| JohnxYiu|hp fire
|c| Draeden|:\/
|c| RustyEspur|do all fire moves thaw?
|c|âdraconinja|but its
|c|âdraconinja|hp
|c| Zamrock|LOL
|c| RustyEspur|i thought only some
|c|âdraconinja|,,,
|c|âdraconinja|yea
|c| Draeden|Yes, they thaw the opponent
|c|âdraconinja|only some fire moves thaw
|c| Draeden|Some thaw the user
|c| JohnxYiu|omg lol
|c| Tom Bus|Yes, they all thaw the target. Only some thaw the user
|c| Zamrock|the mechanics are always surprising
|
|switch|p1a: Heatran|Heatran, M|385\/385
|-damage|p1a: Heatran|337\/385|[from] Stealth Rock
|turn|30
|
|switch|p2a: Caracas|Hawlucha, M, shiny|110\/300
|-damage|p2a: Caracas|73\/300|[from] Stealth Rock
|move|p1a: Heatran|Lava Plume|p2a: Caracas
|-damage|p2a: Caracas|0 fnt
|faint|p2a: Caracas
|
|-heal|p1a: Heatran|361\/385|[from] item: Leftovers
|
|switch|p2a: Samurai|Bisharp, M|255\/271
|-damage|p2a: Samurai|239\/271|[from] Stealth Rock
|turn|31
|
|move|p1a: Heatran|Lava Plume|p2a: Samurai
|-supereffective|p2a: Samurai
|-damage|p2a: Samurai|33\/271
|move|p2a: Samurai|Pursuit|p1a: Heatran
|-damage|p1a: Heatran|285\/385
|
|-heal|p1a: Heatran|309\/385|[from] item: Leftovers
|turn|32
|c|ânig from paris|is that av
|c| Zamrock|fast tran
|c|âdraconinja|yer
|
|move|p2a: Samurai|Sucker Punch|p1a: Heatran
|-damage|p1a: Heatran|156\/385
|move|p1a: Heatran|Lava Plume|p2a: Samurai
|-supereffective|p2a: Samurai
|-damage|p2a: Samurai|0 fnt
|faint|p2a: Samurai
|
|-heal|p1a: Heatran|180\/385|[from] item: Leftovers
|c|âdraconinja|snow runs
|c|âdraconinja|double av
|
|switch|p2a: Puerco Espin|Shaymin|121\/341
|-damage|p2a: Puerco Espin|79\/341|[from] Stealth Rock
|turn|33
|
|move|p2a: Puerco Espin|Earth Power|p1a: Heatran
|-supereffective|p1a: Heatran
|-damage|p1a: Heatran|0 fnt
|-damage|p2a: Puerco Espin|45\/341|[from] item: Life Orb
|faint|p1a: Heatran
|
|c|âdraconinja|yer
|c|ânig from paris|gg fren
|c|âdraconinja|i tried
|c| JohnxYiu|gg
|c|âdraconinja|ggs
|
|switch|p1a: Scizor|Scizor-Mega, F|256\/343
|-damage|p1a: Scizor|214\/343|[from] Stealth Rock
|turn|34
|
|move|p1a: Scizor|Bullet Punch|p2a: Puerco Espin
|-damage|p2a: Puerco Espin|0 fnt
|faint|p2a: Puerco Espin
|
|win|nig from paris
|c| Zamrock|gg
|leave|draconinja
|player|p2
|leave|Alvok
|leave|JohnxYiu
|leave|Draeden
|leave|Zamrock
|leave|Tom Bus
|leave|nig from paris
|player|p1
|leave|RustyEspur