|join|TheEnder
|join|DracoNinja
|player|p1|TheEnder|249
|player|p2|DracoNinja|169
|gametype|singles
|gen|6
|tier|OU
|clearpoke
|poke|p1|Charizard, F
|poke|p1|Tyranitar, F
|poke|p1|Starmie
|poke|p1|Gliscor, M
|poke|p1|Ferrothorn, M
|poke|p1|Clefable, F
|poke|p2|Metagross
|poke|p2|Hydreigon, F
|poke|p2|Keldeo
|poke|p2|Landorus-Therian, M
|poke|p2|Rotom-Wash
|poke|p2|Serperior, F
|rule|Swagger Clause: Swagger is banned
|rule|Baton Pass Clause: Limit one PokÃ©mon knowing Baton Pass
|rule|Sleep Clause Mod: Limit one foe put to sleep
|rule|Species Clause: Limit one of each PokÃ©mon
|rule|OHKO Clause: OHKO moves are banned
|rule|Moody Clause: Moody is banned
|rule|Evasion Moves Clause: Evasion moves are banned
|rule|Endless Battle Clause: Forcing endless battles is banned
|rule|HP Percentage Mod: HP is shown in percentages
|teampreview
|c|âTheEnder|goof luck
|c|âTheEnder|good*
|c|âDracoNinja|u2
|c|âTheEnder|:)
|join|ZoroDark
|join|Draciel RC
|join|Z+V1
|
|start
|switch|p1a: Ferrothorn|Ferrothorn, M|352\/352
|switch|p2a: SNOWCRISTAL|Keldeo|323\/323
|turn|1
|join|808 & Heartbreak
|
|switch|p2a: Z+V|Rotom-Wash|304\/304
|switch|p1a: Starmie|Starmie|323\/323
|
|turn|2
|
|switch|p1a: Ferrothorn|Ferrothorn, M|352\/352
|move|p2a: Z+V|Will-O-Wisp|p1a: Ferrothorn
|-status|p1a: Ferrothorn|brn
|
|-damage|p1a: Ferrothorn|308\/352 brn|[from] brn
|turn|3
|
|move|p2a: Z+V|Volt Switch|p1a: Ferrothorn
|-resisted|p1a: Ferrothorn
|-damage|p1a: Ferrothorn|273\/352 brn
|
|switch|p2a: ZAMROCK|Landorus-Therian, M|357\/357
|-ability|p2a: ZAMROCK|Intimidate|[of] p1a: Ferrothorn
|-unboost|p1a: Ferrothorn|atk|1
|move|p1a: Ferrothorn|Stealth Rock|p2a: ZAMROCK
|-sidestart|p2: DracoNinja|move: Stealth Rock
|
|-heal|p1a: Ferrothorn|295\/352 brn|[from] item: Leftovers
|-damage|p1a: Ferrothorn|251\/352 brn|[from] brn
|turn|4
|
|switch|p1a: Gliscor|Gliscor, M|352\/352
|move|p2a: ZAMROCK|Stealth Rock|p1a: Gliscor
|-sidestart|p1: TheEnder|move: Stealth Rock
|
|-status|p1a: Gliscor|tox|[from] item: Toxic Orb
|turn|5
|
|switch|p2a: Z+V|Rotom-Wash|304\/304
|-damage|p2a: Z+V|266\/304|[from] Stealth Rock
|move|p1a: Gliscor|Toxic|p2a: Z+V
|-status|p2a: Z+V|tox
|
|-heal|p2a: Z+V|285\/304 tox|[from] item: Leftovers
|-damage|p2a: Z+V|266\/304 tox|[from] psn
|turn|6
|
|switch|p1a: Ferrothorn|Ferrothorn, M|251\/352 brn
|-damage|p1a: Ferrothorn|229\/352 brn|[from] Stealth Rock
|switch|p2a: SNOWCRISTAL|Keldeo|323\/323
|-damage|p2a: SNOWCRISTAL|303\/323|[from] Stealth Rock
|
|-heal|p2a: SNOWCRISTAL|323\/323|[from] item: Leftovers
|-heal|p1a: Ferrothorn|251\/352 brn|[from] item: Leftovers
|-damage|p1a: Ferrothorn|207\/352 brn|[from] brn
|turn|7
|c| ZoroDark|it's
|c| ZoroDark|tele time
|
|switch|p2a: KLAND|Serperior, F|291\/291
|-damage|p2a: KLAND|255\/291|[from] Stealth Rock
|switch|p1a: Starmie|Starmie|323\/323
|-damage|p1a: Starmie|283\/323|[from] Stealth Rock
|
|-heal|p1a: Starmie|303\/323|[from] item: Leftovers
|turn|8
|join|Glorious Advance
|
|switch|p1a: Ferrothorn|Ferrothorn, M|207\/352 brn
|-damage|p1a: Ferrothorn|185\/352 brn|[from] Stealth Rock
|move|p2a: KLAND|Leaf Storm|p1a: Ferrothorn
|-resisted|p1a: Ferrothorn
|-damage|p1a: Ferrothorn|148\/352 brn
|-boost|p2a: KLAND|spa|2
|
|-heal|p1a: Ferrothorn|170\/352 brn|[from] item: Leftovers
|-damage|p1a: Ferrothorn|126\/352 brn|[from] brn
|turn|9
|
|move|p2a: KLAND|Hidden Power|p1a: Ferrothorn
|-supereffective|p1a: Ferrothorn
|-damage|p1a: Ferrothorn|0 fnt
|faint|p1a: Ferrothorn
|
|c| ZoroDark|no sub
|c| ZoroDark|):
|c| ZoroDark|well you
|c| ZoroDark|6-0 either way lol
|join|JohnxYiu
|
|switch|p1a: Clefable|Clefable, F|394\/394
|turn|10
|
|move|p2a: KLAND|Leaf Storm|p1a: Clefable
|-damage|p1a: Clefable|6\/394
|-boost|p2a: KLAND|spa|2
|move|p1a: Clefable|Moonblast|p2a: KLAND
|-damage|p2a: KLAND|140\/291
|
|-heal|p1a: Clefable|30\/394|[from] item: Leftovers
|turn|11
|
|move|p2a: KLAND|Hidden Power|p1a: Clefable
|-damage|p1a: Clefable|0 fnt
|faint|p1a: Clefable
|
|
|switch|p1a: Tyranitar|Tyranitar, F|341\/341
|-damage|p1a: Tyranitar|299\/341|[from] Stealth Rock
|-weather|Sandstorm
|turn|12
|
|switch|p2a: SNOWCRISTAL|Keldeo|323\/323
|-damage|p2a: SNOWCRISTAL|303\/323|[from] Stealth Rock
|move|p1a: Tyranitar|Crunch|p2a: SNOWCRISTAL
|-resisted|p2a: SNOWCRISTAL
|-damage|p2a: SNOWCRISTAL|226\/323
|-boost|p2a: SNOWCRISTAL|atk|1|[from] ability: Justified
|
|-weather|Sandstorm|[upkeep]
|-damage|p2a: SNOWCRISTAL|206\/323|[from] sandstorm
|-heal|p2a: SNOWCRISTAL|226\/323|[from] item: Leftovers
|turn|13
|
|switch|p1a: Gliscor|Gliscor, M|352\/352 tox
|-damage|p1a: Gliscor|308\/352 tox|[from] Stealth Rock
|switch|p2a: KLAND|Serperior, F|140\/291
|-damage|p2a: KLAND|104\/291|[from] Stealth Rock
|
|-weather|Sandstorm|[upkeep]
|-damage|p2a: KLAND|86\/291|[from] sandstorm
|-heal|p1a: Gliscor|352\/352 tox|[from] ability: Poison Heal
|turn|14
|
|move|p2a: KLAND|Leaf Storm|p1a: Gliscor
|-damage|p1a: Gliscor|184\/352 tox
|-boost|p2a: KLAND|spa|2
|move|p1a: Gliscor|Earthquake|p2a: KLAND
|-resisted|p2a: KLAND
|-damage|p2a: KLAND|24\/291
|
|-weather|Sandstorm|[upkeep]
|-damage|p2a: KLAND|6\/291|[from] sandstorm
|-heal|p1a: Gliscor|228\/352 tox|[from] ability: Poison Heal
|turn|15
|
|move|p2a: KLAND|Dragon Pulse|p1a: Gliscor
|-damage|p1a: Gliscor|97\/352 tox
|move|p1a: Gliscor|Roost|p1a: Gliscor
|-heal|p1a: Gliscor|273\/352 tox
|
|-weather|Sandstorm|[upkeep]
|-damage|p2a: KLAND|0 fnt|[from] sandstorm
|-heal|p1a: Gliscor|317\/352 tox|[from] ability: Poison Heal
|faint|p2a: KLAND
|
|switch|p2a: Z+V|Rotom-Wash|266\/304 tox
|-damage|p2a: Z+V|228\/304 tox|[from] Stealth Rock
|turn|16
|join|GBoey2
|
|move|p1a: Gliscor|Roost|p1a: Gliscor
|-heal|p1a: Gliscor|352\/352 tox
|move|p2a: Z+V|Hydro Pump|p1a: Gliscor
|-supereffective|p1a: Gliscor
|-damage|p1a: Gliscor|124\/352 tox
|
|-weather|none
|-heal|p2a: Z+V|247\/304 tox|[from] item: Leftovers
|-heal|p1a: Gliscor|168\/352 tox|[from] ability: Poison Heal
|-damage|p2a: Z+V|228\/304 tox|[from] psn
|turn|17
|join|daftmau5
|
|move|p1a: Gliscor|Roost|p1a: Gliscor
|-heal|p1a: Gliscor|344\/352 tox
|move|p2a: Z+V|Hydro Pump|p1a: Gliscor|[miss]
|-miss|p2a: Z+V|p1a: Gliscor
|
|-heal|p2a: Z+V|247\/304 tox|[from] item: Leftovers
|-heal|p1a: Gliscor|352\/352 tox|[from] ability: Poison Heal
|-damage|p2a: Z+V|209\/304 tox|[from] psn
|turn|18
|c| daftmau5|is this for ocl?
|c|âDracoNinja|yer
|c|âTheEnder|y
|
|move|p1a: Gliscor|Toxic|p2a: Z+V
|-fail|p2a: Z+V|tox
|move|p2a: Z+V|Hydro Pump|p1a: Gliscor
|-supereffective|p1a: Gliscor
|-damage|p1a: Gliscor|106\/352 tox
|
|-heal|p2a: Z+V|228\/304 tox|[from] item: Leftovers
|-heal|p1a: Gliscor|150\/352 tox|[from] ability: Poison Heal
|-damage|p2a: Z+V|171\/304 tox|[from] psn
|turn|19
|c| GBoey2|ohhhhh
|c| GBoey2|ocl
|
|switch|p2a: SNOWCRISTAL|Keldeo|226\/323
|-damage|p2a: SNOWCRISTAL|206\/323|[from] Stealth Rock
|move|p1a: Gliscor|Roost|p1a: Gliscor
|-heal|p1a: Gliscor|326\/352 tox
|
|-heal|p2a: SNOWCRISTAL|226\/323|[from] item: Leftovers
|-heal|p1a: Gliscor|352\/352 tox|[from] ability: Poison Heal
|turn|20
|
|switch|p1a: Starmie|Starmie|303\/323
|-damage|p1a: Starmie|263\/323|[from] Stealth Rock
|move|p2a: SNOWCRISTAL|Substitute|p2a: SNOWCRISTAL
|-start|p2a: SNOWCRISTAL|Substitute
|-damage|p2a: SNOWCRISTAL|146\/323
|
|-heal|p1a: Starmie|283\/323|[from] item: Leftovers
|-heal|p2a: SNOWCRISTAL|166\/323|[from] item: Leftovers
|turn|21
|
|move|p1a: Starmie|Rapid Spin|p2a: SNOWCRISTAL
|-activate|p2a: SNOWCRISTAL|Substitute|[damage]
|-sideend|p1: TheEnder|Stealth Rock|[from] move: Rapid Spin|[of] p1a: Starmie
|move|p2a: SNOWCRISTAL|Secret Sword|p1a: Starmie
|-resisted|p1a: Starmie
|-damage|p1a: Starmie|199\/323
|
|-heal|p1a: Starmie|219\/323|[from] item: Leftovers
|-heal|p2a: SNOWCRISTAL|186\/323|[from] item: Leftovers
|turn|22
|c| GBoey2|ender using his same double weather as always...
|
|move|p1a: Starmie|Psyshock|p2a: SNOWCRISTAL
|-supereffective|p2a: SNOWCRISTAL
|-end|p2a: SNOWCRISTAL|Substitute
|move|p2a: SNOWCRISTAL|Secret Sword|p1a: Starmie
|-resisted|p1a: Starmie
|-damage|p1a: Starmie|132\/323
|
|-heal|p1a: Starmie|152\/323|[from] item: Leftovers
|-heal|p2a: SNOWCRISTAL|206\/323|[from] item: Leftovers
|turn|23
|
|switch|p2a: ZORODARK|Hydreigon, F|325\/325
|-damage|p2a: ZORODARK|285\/325|[from] Stealth Rock
|move|p1a: Starmie|Scald|p2a: ZORODARK
|-resisted|p2a: ZORODARK
|-damage|p2a: ZORODARK|229\/325
|
|-heal|p1a: Starmie|172\/323|[from] item: Leftovers
|turn|24
|
|switch|p1a: Gliscor|Gliscor, M|352\/352 tox
|move|p2a: ZORODARK|Dark Pulse|p1a: Gliscor
|-damage|p1a: Gliscor|234\/352 tox
|
|-heal|p1a: Gliscor|278\/352 tox|[from] ability: Poison Heal
|turn|25
|c|âDracoNinja|meh i should have went for leaf storm @_@
|c| GBoey2|now u say
|
|switch|p2a: Z+V|Rotom-Wash|171\/304 tox
|-damage|p2a: Z+V|133\/304 tox|[from] Stealth Rock
|move|p1a: Gliscor|Roost|p1a: Gliscor
|-heal|p1a: Gliscor|352\/352 tox
|
|-heal|p2a: Z+V|152\/304 tox|[from] item: Leftovers
|-damage|p2a: Z+V|133\/304 tox|[from] psn
|turn|26
|
|move|p1a: Gliscor|Taunt|p2a: Z+V
|-start|p2a: Z+V|move: Taunt
|cant|p2a: Z+V|move: Taunt|Pain Split
|
|-heal|p2a: Z+V|152\/304 tox|[from] item: Leftovers
|-damage|p2a: Z+V|114\/304 tox|[from] psn
|turn|27
|c| GBoey2|it died 10 turns ao
|c| GBoey2|and now u realise your mistake
|c| GBoey2|#rip
|c|âDracoNinja|yer
|c|âDracoNinja|wasnt thinking straight
|
|switch|p1a: Starmie|Starmie|172\/323
|move|p2a: Z+V|Hydro Pump|p1a: Starmie
|-resisted|p1a: Starmie
|-damage|p1a: Starmie|92\/323
|
|-heal|p1a: Starmie|112\/323|[from] item: Leftovers
|-heal|p2a: Z+V|133\/304 tox|[from] item: Leftovers
|-damage|p2a: Z+V|76\/304 tox|[from] psn
|turn|28
|c| GBoey2|lol
|join|SeventyFive
|
|switch|p2a: ZORODARK|Hydreigon, F|229\/325
|-damage|p2a: ZORODARK|189\/325|[from] Stealth Rock
|move|p1a: Starmie|Recover|p1a: Starmie
|-heal|p1a: Starmie|274\/323
|
|-heal|p1a: Starmie|294\/323|[from] item: Leftovers
|turn|29
|
|switch|p1a: Gliscor|Gliscor, M|352\/352 tox
|move|p2a: ZORODARK|U-turn|p1a: Gliscor
|-resisted|p1a: Gliscor
|-damage|p1a: Gliscor|329\/352 tox
|join|Arcanine is Regal
|
|switch|p2a: METALGROSS|Metagross|345\/345
|-damage|p2a: METALGROSS|324\/345|[from] Stealth Rock
|
|-heal|p1a: Gliscor|352\/352 tox|[from] ability: Poison Heal
|turn|30
|c| SeventyFive|hi arc
|
|detailschange|p2a: METALGROSS|Metagross-Mega
|-mega|p2a: METALGROSS|Metagross|Metagrossite
|move|p1a: Gliscor|Earthquake|p2a: METALGROSS
|-supereffective|p2a: METALGROSS
|-damage|p2a: METALGROSS|178\/345
|move|p2a: METALGROSS|Meteor Mash|p1a: Gliscor
|-damage|p1a: Gliscor|139\/352 tox
|
|-heal|p1a: Gliscor|183\/352 tox|[from] ability: Poison Heal
|turn|31
|c| SeventyFive|the sleepover circlejerks have haxed their way to victory
|
|switch|p1a: Starmie|Starmie|294\/323
|move|p2a: METALGROSS|Meteor Mash|p1a: Starmie
|-resisted|p1a: Starmie
|-damage|p1a: Starmie|155\/323
|
|-heal|p1a: Starmie|175\/323|[from] item: Leftovers
|turn|32
|leave|lucha da wake
|c| daftmau5|holy
|
|switch|p2a: ZORODARK|Hydreigon, F|189\/325
|-damage|p2a: ZORODARK|149\/325|[from] Stealth Rock
|move|p1a: Starmie|Recover|p1a: Starmie
|-heal|p1a: Starmie|323\/323
|
|turn|33
|c| Arcanine is Regal|whats our record?
|c| SeventyFive|3-0 atm
|c| Arcanine is Regal|I saw that clutch ass draco miss from doughboy
|c| daftmau5|3-0 atm
|join|Alkov
|c| Alkov|this for ocl?
|c|âDracoNinja|yer
|
|switch|p1a: Tyranitar|Tyranitar, F|299\/341
|-weather|Sandstorm
|move|p2a: ZORODARK|Dark Pulse|p1a: Tyranitar
|-resisted|p1a: Tyranitar
|-damage|p1a: Tyranitar|249\/341
|
|-weather|Sandstorm|[upkeep]
|-damage|p2a: ZORODARK|129\/325|[from] sandstorm
|turn|34
|
|switch|p2a: Z+V|Rotom-Wash|76\/304 tox
|-damage|p2a: Z+V|38\/304 tox|[from] Stealth Rock
|move|p1a: Tyranitar|Crunch|p2a: Z+V
|-damage|p2a: Z+V|0 fnt
|faint|p2a: Z+V
|
|-weather|Sandstorm|[upkeep]
|c| daftmau5|to be fair, dough got haxed pretty hard
|c| daftmau5|up until that miss
|
|switch|p2a: ZAMROCK|Landorus-Therian, M|357\/357
|-damage|p2a: ZAMROCK|313\/357|[from] Stealth Rock
|-ability|p2a: ZAMROCK|Intimidate|[of] p1a: Tyranitar
|-unboost|p1a: Tyranitar|atk|1
|turn|35
|
|switch|p1a: Gliscor|Gliscor, M|183\/352 tox
|move|p2a: ZAMROCK|Stone Edge|p1a: Gliscor
|-damage|p1a: Gliscor|62\/352 tox
|
|-weather|Sandstorm|[upkeep]
|-heal|p1a: Gliscor|106\/352 tox|[from] ability: Poison Heal
|turn|36
|
|switch|p1a: Starmie|Starmie|323\/323
|move|p2a: ZAMROCK|Stone Edge|p1a: Starmie|[miss]
|-miss|p2a: ZAMROCK|p1a: Starmie
|
|-weather|Sandstorm|[upkeep]
|-damage|p1a: Starmie|303\/323|[from] sandstorm
|-heal|p1a: Starmie|323\/323|[from] item: Leftovers
|turn|37
|
|switch|p2a: ZORODARK|Hydreigon, F|129\/325
|-damage|p2a: ZORODARK|89\/325|[from] Stealth Rock
|move|p1a: Starmie|Scald|p2a: ZORODARK
|-resisted|p2a: ZORODARK
|-damage|p2a: ZORODARK|38\/325
|
|-weather|none
|turn|38
|leave|Arcanine is Regal
|join|Arcanine is Regal
|
|switch|p1a: Gliscor|Gliscor, M|106\/352 tox
|move|p2a: ZORODARK|U-turn|p1a: Gliscor
|-resisted|p1a: Gliscor
|-damage|p1a: Gliscor|84\/352 tox
|c| SeventyFive|yeah
|
|switch|p2a: METALGROSS|Metagross-Mega|178\/345
|-damage|p2a: METALGROSS|157\/345|[from] Stealth Rock
|
|-heal|p1a: Gliscor|128\/352 tox|[from] ability: Poison Heal
|turn|39
|c| SeventyFive|he got parad like 4 times
|join|lucha da wake
|c|âDracoNinja|man i am so mad at myself, just played flawlessly for the first 14 turns only to choke it away
|
|move|p2a: METALGROSS|Meteor Mash|p1a: Gliscor
|-damage|p1a: Gliscor|0 fnt
|faint|p1a: Gliscor
|
|c|âDracoNinja|@_@
|
|switch|p1a: Tyranitar|Tyranitar, F|249\/341
|-weather|Sandstorm
|turn|40
|
|move|p1a: Tyranitar|Crunch|p2a: METALGROSS
|-supereffective|p2a: METALGROSS
|-damage|p2a: METALGROSS|0 fnt
|faint|p2a: METALGROSS
|
|-weather|Sandstorm|[upkeep]
|
|switch|p2a: ZAMROCK|Landorus-Therian, M|313\/357
|-damage|p2a: ZAMROCK|269\/357|[from] Stealth Rock
|-ability|p2a: ZAMROCK|Intimidate|[of] p1a: Tyranitar
|-unboost|p1a: Tyranitar|atk|1
|turn|41
|c| Arcanine is Regal|is this ocl?
|c| daftmau5|ye
|c|âTheEnder|y
|
|move|p1a: Tyranitar|Crunch|p2a: ZAMROCK
|-damage|p2a: ZAMROCK|160\/357
|move|p2a: ZAMROCK|Earthquake|p1a: Tyranitar
|-supereffective|p1a: Tyranitar
|-damage|p1a: Tyranitar|0 fnt
|faint|p1a: Tyranitar
|
|-weather|Sandstorm|[upkeep]
|
|switch|p1a: Starmie|Starmie|323\/323
|turn|42
|
|move|p1a: Starmie|Scald|p2a: ZAMROCK
|-supereffective|p2a: ZAMROCK
|-damage|p2a: ZAMROCK|0 fnt
|faint|p2a: ZAMROCK
|
|-weather|Sandstorm|[upkeep]
|-damage|p1a: Starmie|303\/323|[from] sandstorm
|-heal|p1a: Starmie|323\/323|[from] item: Leftovers
|c|âDracoNinja|gg
|
|switch|p2a: SNOWCRISTAL|Keldeo|206\/323
|-damage|p2a: SNOWCRISTAL|186\/323|[from] Stealth Rock
|turn|43
|c|âTheEnder|gg
|c|âDracoNinja|guess i have to scrape off the rust now :(
|
|move|p1a: Starmie|Psyshock|p2a: SNOWCRISTAL
|-supereffective|p2a: SNOWCRISTAL
|-damage|p2a: SNOWCRISTAL|0 fnt
|faint|p2a: SNOWCRISTAL
|
|-weather|Sandstorm|[upkeep]
|-damage|p1a: Starmie|303\/323|[from] sandstorm
|-heal|p1a: Starmie|323\/323|[from] item: Leftovers
|
|switch|p2a: ZORODARK|Hydreigon, F|38\/325
|-damage|p2a: ZORODARK|0 fnt|[from] Stealth Rock
|faint|p2a: ZORODARK
|
|win|TheEnder
|c|âTheEnder|yea me too haha
|leave|Z+V1
|leave|Arcanine is Regal
|leave|ZoroDark
|leave|Draciel RC
|leave|TheEnder
|player|p1
|leave|Glorious Advance
|join|Glorious Advance
|leave|Glorious Advance
|leave|lucha da wake
|leave|DracoNinja
|player|p2
|join|Glorious Advance
|leave|Alkov
|leave|Glorious Advance
|leave|JohnxYiu
|leave|daftmau5