|join|still the n1
|join|justtryinsomestuff
|player|p1|still the n1|1
|player|p2|justtryinsomestuff|266
|gametype|singles
|gen|6
|tier|OU
|rated
|clearpoke
|poke|p1|Latios, M
|poke|p1|Jirachi
|poke|p1|Gliscor, F
|poke|p1|Starmie
|poke|p1|Heatran, F
|poke|p1|Venusaur, F
|poke|p2|Charizard, F
|poke|p2|Heatran, M
|poke|p2|Latias, F
|poke|p2|Venusaur, M
|poke|p2|Quagsire, M
|poke|p2|Clefable, F
|rule|Swagger Clause: Swagger is banned
|rule|Baton Pass Clause: Limit one PokÃ©mon knowing Baton Pass
|rule|Sleep Clause Mod: Limit one foe put to sleep
|rule|Species Clause: Limit one of each PokÃ©mon
|rule|OHKO Clause: OHKO moves are banned
|rule|Moody Clause: Moody is banned
|rule|Evasion Moves Clause: Evasion moves are banned
|rule|Endless Battle Clause: Forcing endless battles is banned
|rule|HP Percentage Mod: HP is shown in percentages
|teampreview
|
|start
|switch|p1a: Latios|Latios, M|302\/302
|switch|p2a: Charizard|Charizard, F|311\/311
|turn|1
|
|switch|p2a: Heatran|Heatran, M|385\/385
|move|p1a: Latios|Draco Meteor|p2a: Heatran
|-resisted|p2a: Heatran
|-damage|p2a: Heatran|288\/385
|-unboost|p1a: Latios|spa|2
|
|-heal|p2a: Heatran|312\/385|[from] item: Leftovers
|turn|2
|
|switch|p1a: Starmie|Starmie|323\/323
|switch|p2a: Charizard|Charizard, F|311\/311
|
|turn|3
|
|switch|p1a: Heatran|Heatran, F|384\/384
|detailschange|p2a: Charizard|Charizard-Mega-Y, F
|message|Charizard has Mega Evolved into Mega Charizard!
|-weather|SunnyDay
|move|p2a: Charizard|Solar Beam|p1a: Heatran|[still]
|-prepare|p2a: Charizard|Solar Beam|p1a: Heatran
|-anim|p2a: Charizard|Solar Beam|p1a: Heatran
|-crit|p1a: Heatran
|-resisted|p1a: Heatran
|-damage|p1a: Heatran|333\/384
|
|-weather|SunnyDay|[upkeep]
|-heal|p1a: Heatran|357\/384|[from] item: Leftovers
|turn|4
|
|switch|p1a: Latios|Latios, M|302\/302
|move|p2a: Charizard|Focus Blast|p1a: Latios
|-resisted|p1a: Latios
|-damage|p1a: Latios|218\/302
|-unboost|p1a: Latios|spd|1
|
|-weather|SunnyDay|[upkeep]
|turn|5
|
|switch|p1a: Gliscor|Gliscor, F|352\/352
|move|p2a: Charizard|Flamethrower|p1a: Gliscor
|-damage|p1a: Gliscor|93\/352
|
|-weather|SunnyDay|[upkeep]
|-status|p1a: Gliscor|tox|[from] item: Toxic Orb
|turn|6
|
|switch|p1a: Heatran|Heatran, F|357\/384
|move|p2a: Charizard|Flamethrower|p1a: Heatran
|-start|p1a: Heatran|ability: Flash Fire
|
|-weather|SunnyDay|[upkeep]
|-heal|p1a: Heatran|381\/384|[from] item: Leftovers
|turn|7
|
|move|p2a: Charizard|Focus Blast|p1a: Heatran
|-supereffective|p1a: Heatran
|-damage|p1a: Heatran|93\/384
|-unboost|p1a: Heatran|spd|1
|move|p1a: Heatran|Toxic|p2a: Charizard
|-status|p2a: Charizard|tox
|
|-weather|none
|-heal|p1a: Heatran|117\/384|[from] item: Leftovers
|-damage|p2a: Charizard|292\/311 tox|[from] psn
|turn|8
|
|switch|p1a: Latios|Latios, M|218\/302
|move|p2a: Charizard|Focus Blast|p1a: Latios
|-resisted|p1a: Latios
|-damage|p1a: Latios|130\/302
|
|-damage|p2a: Charizard|254\/311 tox|[from] psn
|turn|9
|
|switch|p2a: Heatran|Heatran, M|312\/385
|move|p1a: Latios|Surf|p2a: Heatran
|-supereffective|p2a: Heatran
|-damage|p2a: Heatran|144\/385
|
|-heal|p2a: Heatran|168\/385|[from] item: Leftovers
|turn|10
|
|switch|p1a: Starmie|Starmie|323\/323
|move|p2a: Heatran|Protect|p2a: Heatran
|-fail|p2a: Heatran
|
|-heal|p2a: Heatran|192\/385|[from] item: Leftovers
|turn|11
|
|switch|p2a: Latias|Latias, F|302\/302
|move|p1a: Starmie|Scald|p2a: Latias
|-resisted|p2a: Latias
|-damage|p2a: Latias|263\/302
|-status|p2a: Latias|brn
|
|-damage|p2a: Latias|226\/302 brn|[from] brn
|turn|12
|
|switch|p1a: Heatran|Heatran, F|117\/384
|switch|p2a: Heatran|Heatran, M|192\/385
|
|-heal|p2a: Heatran|216\/385|[from] item: Leftovers
|-heal|p1a: Heatran|141\/384|[from] item: Leftovers
|turn|13
|
|move|p2a: Heatran|Taunt|p1a: Heatran
|-start|p1a: Heatran|move: Taunt
|cant|p1a: Heatran|move: Taunt|Stealth Rock
|
|-heal|p2a: Heatran|240\/385|[from] item: Leftovers
|-heal|p1a: Heatran|165\/384|[from] item: Leftovers
|turn|14
|
|switch|p1a: Starmie|Starmie|323\/323
|move|p2a: Heatran|Stealth Rock|p1a: Starmie
|-sidestart|p1: still the n1|move: Stealth Rock
|
|-heal|p2a: Heatran|264\/385|[from] item: Leftovers
|turn|15
|
|switch|p2a: Charizard|Charizard-Mega-Y, F|254\/311 tox
|-weather|SunnyDay
|move|p1a: Starmie|Rapid Spin|p2a: Charizard
|-damage|p2a: Charizard|239\/311 tox
|-sideend|p1: still the n1|Stealth Rock|[from] move: Rapid Spin|[of] p1a: Starmie
|
|-weather|SunnyDay|[upkeep]
|-damage|p2a: Charizard|220\/311 tox|[from] psn
|turn|16
|
|move|p1a: Starmie|Scald|p2a: Charizard
|-supereffective|p2a: Charizard
|-damage|p2a: Charizard|142\/311 tox
|move|p2a: Charizard|Solar Beam|p1a: Starmie|[still]
|-prepare|p2a: Charizard|Solar Beam|p1a: Starmie
|-anim|p2a: Charizard|Solar Beam|p1a: Starmie
|-supereffective|p1a: Starmie
|-damage|p1a: Starmie|0 fnt
|faint|p1a: Starmie
|
|-weather|SunnyDay|[upkeep]
|-damage|p2a: Charizard|104\/311 tox|[from] psn
|
|switch|p1a: Latios|Latios, M|130\/302
|turn|17
|
|switch|p1a: Gliscor|Gliscor, F|93\/352 tox
|switch|p2a: Heatran|Heatran, M|264\/385
|
|-weather|SunnyDay|[upkeep]
|-heal|p2a: Heatran|288\/385|[from] item: Leftovers
|-heal|p1a: Gliscor|137\/352 tox|[from] ability: Poison Heal
|turn|18
|
|switch|p2a: Latias|Latias, F|226\/302 brn
|move|p1a: Gliscor|Roost|p1a: Gliscor
|-heal|p1a: Gliscor|313\/352 tox
|
|-weather|SunnyDay|[upkeep]
|-damage|p2a: Latias|189\/302 brn|[from] brn
|-heal|p1a: Gliscor|352\/352 tox|[from] ability: Poison Heal
|turn|19
|
|move|p2a: Latias|Draco Meteor|p1a: Gliscor
|-damage|p1a: Gliscor|99\/352 tox
|-unboost|p2a: Latias|spa|2
|-damage|p2a: Latias|159\/302 brn|[from] item: Life Orb
|move|p1a: Gliscor|Roost|p1a: Gliscor
|-heal|p1a: Gliscor|275\/352 tox
|
|-weather|none
|-damage|p2a: Latias|122\/302 brn|[from] brn
|-heal|p1a: Gliscor|319\/352 tox|[from] ability: Poison Heal
|turn|20
|
|move|p2a: Latias|Healing Wish|p2a: Latias
|faint|p2a: Latias
|move|p1a: Gliscor|Knock Off|p2: Latias|[notarget]
|-notarget
|
|-heal|p1a: Gliscor|352\/352 tox|[from] ability: Poison Heal
|
|switch|p2a: Charizard|Charizard-Mega-Y, F|104\/311 tox
|-heal|p2a: Charizard|311\/311|[from] move: Healing Wish
|-weather|SunnyDay
|turn|21
|
|switch|p1a: Heatran|Heatran, F|165\/384
|move|p2a: Charizard|Flamethrower|p1a: Heatran
|-start|p1a: Heatran|ability: Flash Fire
|
|-weather|SunnyDay|[upkeep]
|-heal|p1a: Heatran|189\/384|[from] item: Leftovers
|turn|22
|
|switch|p1a: Latios|Latios, M|130\/302
|move|p2a: Charizard|Flamethrower|p1a: Latios
|-resisted|p1a: Latios
|-damage|p1a: Latios|0 fnt
|faint|p1a: Latios
|
|-weather|SunnyDay|[upkeep]
|
|switch|p1a: Venusaur|Venusaur, F|341\/341
|turn|23
|
|switch|p1a: Heatran|Heatran, F|189\/384
|move|p2a: Charizard|Flamethrower|p1a: Heatran
|-start|p1a: Heatran|ability: Flash Fire
|
|-weather|SunnyDay|[upkeep]
|-heal|p1a: Heatran|213\/384|[from] item: Leftovers
|turn|24
|
|switch|p1a: Gliscor|Gliscor, F|352\/352 tox
|move|p2a: Charizard|Focus Blast|p1a: Gliscor
|-resisted|p1a: Gliscor
|-damage|p1a: Gliscor|262\/352 tox
|
|-weather|SunnyDay|[upkeep]
|-heal|p1a: Gliscor|306\/352 tox|[from] ability: Poison Heal
|turn|25
|
|switch|p1a: Heatran|Heatran, F|213\/384
|move|p2a: Charizard|Flamethrower|p1a: Heatran
|-start|p1a: Heatran|ability: Flash Fire
|
|-weather|none
|-heal|p1a: Heatran|237\/384|[from] item: Leftovers
|turn|26
|
|move|p2a: Charizard|Focus Blast|p1a: Heatran
|-supereffective|p1a: Heatran
|-damage|p1a: Heatran|0 fnt
|faint|p1a: Heatran
|
|
|switch|p1a: Venusaur|Venusaur, F|341\/341
|turn|27
|
|switch|p2a: Clefable|Clefable, F|393\/393
|detailschange|p1a: Venusaur|Venusaur-Mega, F
|message|Venusaur has Mega Evolved into Mega Venusaur!
|move|p1a: Venusaur|Sludge Bomb|p2a: Clefable
|-supereffective|p2a: Clefable
|-damage|p2a: Clefable|69\/393
|
|-heal|p2a: Clefable|93\/393|[from] item: Leftovers
|turn|28
|
|move|p1a: Venusaur|Sludge Bomb|p2a: Clefable
|-crit|p2a: Clefable
|-supereffective|p2a: Clefable
|-damage|p2a: Clefable|0 fnt
|faint|p2a: Clefable
|
|
|switch|p2a: Charizard|Charizard-Mega-Y, F|311\/311
|-weather|SunnyDay
|turn|29
|
|move|p2a: Charizard|Flamethrower|p1a: Venusaur
|-supereffective|p1a: Venusaur
|-damage|p1a: Venusaur|69\/341
|move|p1a: Venusaur|Sludge Bomb|p2a: Charizard
|-damage|p2a: Charizard|187\/311
|-status|p2a: Charizard|psn
|
|-weather|SunnyDay|[upkeep]
|-damage|p2a: Charizard|149\/311 psn|[from] psn
|turn|30
|
|move|p2a: Charizard|Flamethrower|p1a: Venusaur
|-supereffective|p1a: Venusaur
|-damage|p1a: Venusaur|0 fnt
|faint|p1a: Venusaur
|
|-weather|SunnyDay|[upkeep]
|-damage|p2a: Charizard|111\/311 psn|[from] psn
|
|switch|p1a: Gliscor|Gliscor, F|306\/352 tox
|turn|31
|
|move|p2a: Charizard|Roost|p2a: Charizard
|-heal|p2a: Charizard|267\/311 psn
|move|p1a: Gliscor|Roost|p1a: Gliscor
|-heal|p1a: Gliscor|352\/352 tox
|
|-weather|SunnyDay|[upkeep]
|-damage|p2a: Charizard|229\/311 psn|[from] psn
|turn|32
|
|move|p2a: Charizard|Flamethrower|p1a: Gliscor
|-damage|p1a: Gliscor|84\/352 tox
|move|p1a: Gliscor|Roost|p1a: Gliscor
|-heal|p1a: Gliscor|260\/352 tox
|
|-weather|SunnyDay|[upkeep]
|-damage|p2a: Charizard|191\/311 psn|[from] psn
|-heal|p1a: Gliscor|304\/352 tox|[from] ability: Poison Heal
|turn|33
|
|switch|p2a: Venusaur|Venusaur, M|301\/301
|move|p1a: Gliscor|Roost|p1a: Gliscor
|-heal|p1a: Gliscor|352\/352 tox
|
|-weather|none
|turn|34
|
|move|p2a: Venusaur|Giga Drain|p1a: Gliscor
|-damage|p1a: Gliscor|218\/352 tox
|-damage|p2a: Venusaur|271\/301|[from] item: Life Orb
|move|p1a: Gliscor|Knock Off|p2a: Venusaur
|-damage|p2a: Venusaur|180\/301
|-enditem|p2a: Venusaur|Life Orb|[from] move: Knock Off|[of] p1a: Gliscor
|
|-heal|p1a: Gliscor|262\/352 tox|[from] ability: Poison Heal
|turn|35
|
|switch|p1a: Jirachi|Jirachi|404\/404
|move|p2a: Venusaur|Giga Drain|p1a: Jirachi
|-resisted|p1a: Jirachi
|-damage|p1a: Jirachi|340\/404
|-heal|p2a: Venusaur|212\/301|[from] drain|[of] p1a: Jirachi
|
|-heal|p1a: Jirachi|365\/404|[from] item: Leftovers
|turn|36
|
|move|p1a: Jirachi|Substitute|p1a: Jirachi
|-start|p1a: Jirachi|Substitute
|-damage|p1a: Jirachi|264\/404
|move|p2a: Venusaur|Sleep Powder|p1a: Jirachi
|
|-heal|p1a: Jirachi|289\/404|[from] item: Leftovers
|turn|37
|
|switch|p2a: Heatran|Heatran, M|288\/385
|move|p1a: Jirachi|Iron Head|p2a: Heatran
|-resisted|p2a: Heatran
|-damage|p2a: Heatran|263\/385
|
|-heal|p1a: Jirachi|314\/404|[from] item: Leftovers
|-heal|p2a: Heatran|287\/385|[from] item: Leftovers
|turn|38
|
|move|p1a: Jirachi|Iron Head|p2a: Heatran
|-crit|p2a: Heatran
|-resisted|p2a: Heatran
|-damage|p2a: Heatran|247\/385
|move|p2a: Heatran|Lava Plume|p1a: Jirachi
|-supereffective|p1a: Jirachi
|-end|p1a: Jirachi|Substitute
|
|-heal|p1a: Jirachi|339\/404|[from] item: Leftovers
|-heal|p2a: Heatran|271\/385|[from] item: Leftovers
|turn|39
|
|switch|p1a: Gliscor|Gliscor, F|262\/352 tox
|move|p2a: Heatran|Stealth Rock|p1a: Gliscor
|-sidestart|p1: still the n1|move: Stealth Rock
|
|-heal|p2a: Heatran|295\/385|[from] item: Leftovers
|-heal|p1a: Gliscor|306\/352 tox|[from] ability: Poison Heal
|turn|40
|
|switch|p2a: Quagsire|Quagsire, M|394\/394
|move|p1a: Gliscor|Knock Off|p2a: Quagsire
|-damage|p2a: Quagsire|337\/394
|-enditem|p2a: Quagsire|Leftovers|[from] move: Knock Off|[of] p1a: Gliscor
|
|-heal|p1a: Gliscor|350\/352 tox|[from] ability: Poison Heal
|turn|41
|
|move|p1a: Gliscor|Earthquake|p2a: Quagsire
|-damage|p2a: Quagsire|243\/394
|move|p2a: Quagsire|Scald|p1a: Gliscor
|-supereffective|p1a: Gliscor
|-damage|p1a: Gliscor|230\/352 tox
|
|-heal|p1a: Gliscor|274\/352 tox|[from] ability: Poison Heal
|turn|42
|
|move|p1a: Gliscor|Taunt|p2a: Quagsire
|-start|p2a: Quagsire|move: Taunt
|move|p2a: Quagsire|Scald|p1a: Gliscor
|-supereffective|p1a: Gliscor
|-damage|p1a: Gliscor|152\/352 tox
|
|-heal|p1a: Gliscor|196\/352 tox|[from] ability: Poison Heal
|turn|43
|
|switch|p2a: Charizard|Charizard-Mega-Y, F|191\/311 psn
|-weather|SunnyDay
|move|p1a: Gliscor|Roost|p1a: Gliscor
|-heal|p1a: Gliscor|352\/352 tox
|
|-weather|SunnyDay|[upkeep]
|-damage|p2a: Charizard|153\/311 psn|[from] psn
|turn|44
|
|move|p2a: Charizard|Roost|p2a: Charizard
|-heal|p2a: Charizard|309\/311 psn
|move|p1a: Gliscor|Roost|p1a: Gliscor
|-fail|p1a: Gliscor
|
|-weather|SunnyDay|[upkeep]
|-damage|p2a: Charizard|271\/311 psn|[from] psn
|turn|45
|
|switch|p2a: Quagsire|Quagsire, M|243\/394
|move|p1a: Gliscor|Roost|p1a: Gliscor
|-fail|p1a: Gliscor
|
|-weather|SunnyDay|[upkeep]
|turn|46
|
|switch|p2a: Venusaur|Venusaur, M|212\/301
|move|p1a: Gliscor|Taunt|p2a: Venusaur
|-start|p2a: Venusaur|move: Taunt
|
|-weather|SunnyDay|[upkeep]
|turn|47
|
|move|p2a: Venusaur|Giga Drain|p1a: Gliscor
|-damage|p1a: Gliscor|237\/352 tox
|-heal|p2a: Venusaur|270\/301|[from] drain|[of] p1a: Gliscor
|move|p1a: Gliscor|Earthquake|p2a: Venusaur
|-damage|p2a: Venusaur|123\/301
|
|-weather|none
|-heal|p1a: Gliscor|281\/352 tox|[from] ability: Poison Heal
|turn|48
|
|switch|p2a: Charizard|Charizard-Mega-Y, F|271\/311 psn
|-weather|SunnyDay
|move|p1a: Gliscor|Roost|p1a: Gliscor
|-heal|p1a: Gliscor|352\/352 tox
|
|-weather|SunnyDay|[upkeep]
|-damage|p2a: Charizard|233\/311 psn|[from] psn
|turn|49
|
|move|p2a: Charizard|Flamethrower|p1a: Gliscor
|-damage|p1a: Gliscor|87\/352 tox
|move|p1a: Gliscor|Roost|p1a: Gliscor
|-heal|p1a: Gliscor|263\/352 tox
|
|-weather|SunnyDay|[upkeep]
|-damage|p2a: Charizard|195\/311 psn|[from] psn
|-heal|p1a: Gliscor|307\/352 tox|[from] ability: Poison Heal
|turn|50
|
|switch|p2a: Quagsire|Quagsire, M|243\/394
|move|p1a: Gliscor|Roost|p1a: Gliscor
|-heal|p1a: Gliscor|352\/352 tox
|
|-weather|SunnyDay|[upkeep]
|turn|51
|
|move|p1a: Gliscor|Earthquake|p2a: Quagsire
|-damage|p2a: Quagsire|159\/394
|move|p2a: Quagsire|Scald|p1a: Gliscor
|-supereffective|p1a: Gliscor
|-damage|p1a: Gliscor|292\/352 tox
|
|-weather|SunnyDay|[upkeep]
|-heal|p1a: Gliscor|336\/352 tox|[from] ability: Poison Heal
|turn|52
|
|switch|p2a: Charizard|Charizard-Mega-Y, F|195\/311 psn
|move|p1a: Gliscor|Taunt|p2a: Charizard
|-start|p2a: Charizard|move: Taunt
|
|-weather|none
|-damage|p2a: Charizard|157\/311 psn|[from] psn
|-heal|p1a: Gliscor|352\/352 tox|[from] ability: Poison Heal
|turn|53
|
|switch|p2a: Quagsire|Quagsire, M|159\/394
|move|p1a: Gliscor|Knock Off|p2a: Quagsire
|-damage|p2a: Quagsire|122\/394
|
|turn|54
|
|switch|p2a: Charizard|Charizard-Mega-Y, F|157\/311 psn
|-weather|SunnyDay
|move|p1a: Gliscor|Taunt|p2a: Charizard
|-start|p2a: Charizard|move: Taunt
|
|-weather|SunnyDay|[upkeep]
|-damage|p2a: Charizard|119\/311 psn|[from] psn
|turn|55
|
|switch|p2a: Venusaur|Venusaur, M|123\/301
|move|p1a: Gliscor|Roost|p1a: Gliscor
|-fail|p1a: Gliscor
|
|-weather|SunnyDay|[upkeep]
|turn|56
|
|switch|p1a: Jirachi|Jirachi|339\/404
|-damage|p1a: Jirachi|314\/404|[from] Stealth Rock
|move|p2a: Venusaur|Giga Drain|p1a: Jirachi
|-resisted|p1a: Jirachi
|-damage|p1a: Jirachi|249\/404
|-heal|p2a: Venusaur|156\/301|[from] drain|[of] p1a: Jirachi
|
|-weather|SunnyDay|[upkeep]
|-heal|p1a: Jirachi|274\/404|[from] item: Leftovers
|turn|57
|
|move|p2a: Venusaur|Sleep Powder|p1a: Jirachi
|-status|p1a: Jirachi|slp
|cant|p1a: Jirachi|slp
|
|-weather|SunnyDay|[upkeep]
|-heal|p1a: Jirachi|299\/404 slp|[from] item: Leftovers
|turn|58
|
|move|p2a: Venusaur|Earthquake|p1a: Jirachi
|-supereffective|p1a: Jirachi
|-damage|p1a: Jirachi|157\/404 slp
|-curestatus|p1a: Jirachi|slp
|move|p1a: Jirachi|Iron Head|p2a: Venusaur
|-damage|p2a: Venusaur|21\/301
|
|-weather|none
|-heal|p1a: Jirachi|182\/404|[from] item: Leftovers
|turn|59
|
|switch|p2a: Heatran|Heatran, M|295\/385
|move|p1a: Jirachi|Iron Head|p2a: Heatran
|-resisted|p2a: Heatran
|-damage|p2a: Heatran|271\/385
|
|-heal|p1a: Jirachi|207\/404|[from] item: Leftovers
|-heal|p2a: Heatran|295\/385|[from] item: Leftovers
|turn|60
|
|switch|p1a: Gliscor|Gliscor, F|352\/352 tox
|-damage|p1a: Gliscor|308\/352 tox|[from] Stealth Rock
|move|p2a: Heatran|Lava Plume|p1a: Gliscor
|-damage|p1a: Gliscor|199\/352 tox
|
|-heal|p2a: Heatran|319\/385|[from] item: Leftovers
|-heal|p1a: Gliscor|243\/352 tox|[from] ability: Poison Heal
|turn|61
|
|move|p1a: Gliscor|Knock Off|p2a: Heatran
|-damage|p2a: Heatran|253\/385
|-enditem|p2a: Heatran|Leftovers|[from] move: Knock Off|[of] p1a: Gliscor
|move|p2a: Heatran|Taunt|p1a: Gliscor
|-start|p1a: Gliscor|move: Taunt
|
|-heal|p1a: Gliscor|287\/352 tox|[from] ability: Poison Heal
|turn|62
|
|move|p1a: Gliscor|Earthquake|p2a: Heatran
|-supereffective|p2a: Heatran
|-damage|p2a: Heatran|0 fnt
|faint|p2a: Heatran
|
|-heal|p1a: Gliscor|331\/352 tox|[from] ability: Poison Heal
|
|switch|p2a: Charizard|Charizard-Mega-Y, F|119\/311 psn
|-weather|SunnyDay
|turn|63
|
|move|p2a: Charizard|Roost|p2a: Charizard
|-heal|p2a: Charizard|275\/311 psn
|move|p1a: Gliscor|Earthquake|p2a: Charizard
|-supereffective|p2a: Charizard
|-damage|p2a: Charizard|11\/311 psn
|
|-weather|SunnyDay|[upkeep]
|-damage|p2a: Charizard|0 fnt|[from] psn
|-heal|p1a: Gliscor|352\/352 tox|[from] ability: Poison Heal
|faint|p2a: Charizard
|
|switch|p2a: Venusaur|Venusaur, M|21\/301
|turn|64
|
|move|p2a: Venusaur|Giga Drain|p1a: Gliscor
|-damage|p1a: Gliscor|235\/352 tox
|-heal|p2a: Venusaur|80\/301|[from] drain|[of] p1a: Gliscor
|move|p1a: Gliscor|Earthquake|p2a: Venusaur
|-damage|p2a: Venusaur|0 fnt
|faint|p2a: Venusaur
|
|-weather|SunnyDay|[upkeep]
|-heal|p1a: Gliscor|279\/352 tox|[from] ability: Poison Heal
|-end|p1a: Gliscor|move: Taunt
|-message|justtryinsomestuff forfeited.
|
|win|still the n1
|raw|Ladder updating...