|join|Scam Artist
|join|still the n1
|player|p1|Scam Artist|265
|player|p2|still the n1|1
|gametype|singles
|gen|6
|tier|OU
|rated
|clearpoke
|poke|p1|Metagross
|poke|p1|Keldeo
|poke|p1|Thundurus, M
|poke|p1|Garchomp, F
|poke|p1|Latias, F
|poke|p1|Greninja, F
|poke|p2|Garchomp, M
|poke|p2|Celebi
|poke|p2|Camerupt, F
|poke|p2|Azumarill, M
|poke|p2|Klefki, M
|poke|p2|Thundurus, M
|rule|Swagger Clause: Swagger is banned
|rule|Baton Pass Clause: Limit one PokÃ©mon knowing Baton Pass
|rule|Sleep Clause Mod: Limit one foe put to sleep
|rule|Species Clause: Limit one of each PokÃ©mon
|rule|OHKO Clause: OHKO moves are banned
|rule|Moody Clause: Moody is banned
|rule|Evasion Moves Clause: Evasion moves are banned
|rule|Endless Battle Clause: Forcing endless battles is banned
|rule|HP Percentage Mod: HP is shown in percentages
|teampreview
|
|start
|switch|p1a: Garchomp|Garchomp, F|420\/420
|switch|p2a: Azumarill|Azumarill, M|355\/355
|turn|1
|
|switch|p1a: Metagross|Metagross|321\/321
|move|p2a: Azumarill|Play Rough|p1a: Metagross
|-resisted|p1a: Metagross
|-damage|p1a: Metagross|216\/321
|
|turn|2
|
|switch|p2a: Celebi|Celebi|401\/401
|detailschange|p1a: Metagross|Metagross-Mega
|message|Metagross has Mega Evolved into Mega Metagross!
|move|p1a: Metagross|Iron Head|p2a: Celebi
|-damage|p2a: Celebi|239\/401
|
|-heal|p2a: Celebi|264\/401|[from] item: Leftovers
|turn|3
|
|move|p1a: Metagross|Iron Head|p2a: Celebi
|-damage|p2a: Celebi|96\/401
|cant|p2a: Celebi|flinch
|
|-heal|p2a: Celebi|121\/401|[from] item: Leftovers
|turn|4
|
|switch|p2a: Garchomp|Garchomp, M|364\/364
|move|p1a: Metagross|Iron Head|p2a: Garchomp
|-damage|p2a: Garchomp|141\/364
|-damage|p1a: Metagross|176\/321|[from] ability: Rough Skin|[of] p2a: Garchomp
|
|turn|5
|
|switch|p1a: Latias|Latias, F|321\/321
|move|p2a: Garchomp|Dragon Claw|p1a: Latias
|-crit|p1a: Latias
|-supereffective|p1a: Latias
|-damage|p1a: Latias|0 fnt
|faint|p1a: Latias
|
|
|switch|p1a: Thundurus|Thundurus, M|300\/300
|turn|6
|
|switch|p2a: Camerupt|Camerupt, F|343\/343
|move|p1a: Thundurus|Hidden Power|p2a: Camerupt
|-damage|p2a: Camerupt|231\/343
|-damage|p1a: Thundurus|270\/300|[from] item: Life Orb
|
|turn|7
|
|detailschange|p2a: Camerupt|Camerupt-Mega, F
|message|Camerupt has Mega Evolved into Mega Camerupt!
|move|p1a: Thundurus|Focus Blast|p2a: Camerupt
|-damage|p2a: Camerupt|46\/343
|-damage|p1a: Thundurus|240\/300|[from] item: Life Orb
|move|p2a: Camerupt|Stealth Rock|p1a: Thundurus
|-sidestart|p1: Scam Artist|move: Stealth Rock
|
|turn|8
|
|move|p1a: Thundurus|Hidden Power|p2a: Camerupt
|-damage|p2a: Camerupt|0 fnt
|-damage|p1a: Thundurus|210\/300|[from] item: Life Orb
|faint|p2a: Camerupt
|
|
|switch|p2a: Thundurus|Thundurus, M|299\/299
|turn|9
|
|move|p1a: Thundurus|Hidden Power|p2a: Thundurus
|-supereffective|p2a: Thundurus
|-damage|p2a: Thundurus|78\/299
|-damage|p1a: Thundurus|180\/300|[from] item: Life Orb
|move|p2a: Thundurus|Thunderbolt|p1a: Thundurus
|-damage|p1a: Thundurus|0 fnt
|-damage|p2a: Thundurus|49\/299|[from] item: Life Orb
|faint|p1a: Thundurus
|
|
|switch|p1a: Garchomp|Garchomp, F|420\/420
|-damage|p1a: Garchomp|394\/420|[from] Stealth Rock
|turn|10
|
|switch|p2a: Klefki|Klefki, M|317\/317
|move|p1a: Garchomp|Dragon Tail|p2a: Klefki
|-immune|p2a: Klefki|[msg]
|
|turn|11
|
|move|p2a: Klefki|Magnet Rise|p2a: Klefki
|-start|p2a: Klefki|Magnet Rise
|move|p1a: Garchomp|Earthquake|p2a: Klefki
|-immune|p2a: Klefki|[msg]
|
|turn|12
|
|move|p2a: Klefki|Spikes|p1a: Garchomp
|-sidestart|p1: Scam Artist|Spikes
|move|p1a: Garchomp|Stealth Rock|p2a: Klefki
|-sidestart|p2: still the n1|move: Stealth Rock
|
|turn|13
|
|move|p2a: Klefki|Thunder Wave|p1a: Garchomp
|-immune|p1a: Garchomp|[msg]
|move|p1a: Garchomp|Fire Blast|p2a: Klefki
|-crit|p2a: Klefki
|-supereffective|p2a: Klefki
|-damage|p2a: Klefki|155\/317
|-enditem|p2a: Klefki|Sitrus Berry|[eat]
|-heal|p2a: Klefki|234\/317|[from] item: Sitrus Berry
|
|turn|14
|
|move|p1a: Garchomp|Fire Blast|p2a: Klefki
|-supereffective|p2a: Klefki
|-damage|p2a: Klefki|140\/317
|move|p2a: Klefki|Foul Play|p1a: Garchomp
|-damage|p1a: Garchomp|325\/420
|-damage|p2a: Klefki|101\/317|[from] ability: Rough Skin|[of] p1a: Garchomp
|-damage|p2a: Klefki|49\/317|[from] item: Rocky Helmet|[of] p1a: Garchomp
|
|turn|15
|
|move|p2a: Klefki|Spikes|p1a: Garchomp
|-sidestart|p1: Scam Artist|Spikes
|move|p1a: Garchomp|Fire Blast|p2a: Klefki
|-supereffective|p2a: Klefki
|-damage|p2a: Klefki|0 fnt
|faint|p2a: Klefki
|
|
|switch|p2a: Azumarill|Azumarill, M|355\/355
|-damage|p2a: Azumarill|311\/355|[from] Stealth Rock
|turn|16
|
|move|p1a: Garchomp|Earthquake|p2a: Azumarill
|-damage|p2a: Azumarill|142\/355
|move|p2a: Azumarill|Play Rough|p1a: Garchomp
|-supereffective|p1a: Garchomp
|-damage|p1a: Garchomp|0 fnt
|-damage|p2a: Azumarill|98\/355|[from] ability: Rough Skin|[of] p1a: Garchomp
|-damage|p2a: Azumarill|39\/355|[from] item: Rocky Helmet|[of] p1a: Garchomp
|faint|p1a: Garchomp
|
|
|switch|p1a: Keldeo|Keldeo|323\/323
|-damage|p1a: Keldeo|303\/323|[from] Stealth Rock
|-damage|p1a: Keldeo|250\/323|[from] Spikes
|turn|17
|
|move|p1a: Keldeo|Substitute|p1a: Keldeo
|-start|p1a: Keldeo|Substitute
|-damage|p1a: Keldeo|170\/323
|move|p2a: Azumarill|Play Rough|p1a: Keldeo
|-supereffective|p1a: Keldeo
|-end|p1a: Keldeo|Substitute
|
|-heal|p1a: Keldeo|190\/323|[from] item: Leftovers
|turn|18
|
|move|p1a: Keldeo|Scald|p2a: Azumarill
|-resisted|p2a: Azumarill
|-damage|p2a: Azumarill|0 fnt
|faint|p2a: Azumarill
|
|-heal|p1a: Keldeo|210\/323|[from] item: Leftovers
|
|switch|p2a: Celebi|Celebi|121\/401
|-damage|p2a: Celebi|71\/401|[from] Stealth Rock
|turn|19
|
|switch|p1a: Metagross|Metagross-Mega|176\/321
|-damage|p1a: Metagross|123\/321|[from] Spikes
|-damage|p1a: Metagross|103\/321|[from] Stealth Rock
|move|p2a: Celebi|Recover|p2a: Celebi
|-heal|p2a: Celebi|272\/401
|
|-heal|p2a: Celebi|297\/401|[from] item: Leftovers
|turn|20
|
|move|p1a: Metagross|Rock Polish|p1a: Metagross
|-boost|p1a: Metagross|spe|2
|move|p2a: Celebi|Recover|p2a: Celebi
|-heal|p2a: Celebi|401\/401
|
|turn|21
|
|move|p1a: Metagross|Iron Head|p2a: Celebi
|-damage|p2a: Celebi|224\/401
|cant|p2a: Celebi|flinch
|
|-heal|p2a: Celebi|249\/401|[from] item: Leftovers
|turn|22
|
|move|p1a: Metagross|Iron Head|p2a: Celebi
|-damage|p2a: Celebi|89\/401
|cant|p2a: Celebi|flinch
|
|-heal|p2a: Celebi|114\/401|[from] item: Leftovers
|turn|23
|c|âstill the n1|o my fucking god
|c|âstill the n1|you fucking piece of shit
|c|âScam Artist|Just gonna recover stall anyways?
|c|âstill the n1|i fuckign have trick room
|c|âstill the n1|i sack thund
|c|âScam Artist|lies
|c|âScam Artist|I can see your set lol
|c|âstill the n1|http:\/\/puu.sh\/dvRfS\/e4b9850b09.png
|c|âstill the n1|get it poopyhead
|c|âScam Artist|Through this third party program
|c|âScam Artist|you should try it
|c|âScam Artist|screenshot ftw
|c|âstill the n1|the fuck ru sayin
|
|move|p1a: Metagross|Iron Head|p2a: Celebi
|-damage|p2a: Celebi|0 fnt
|faint|p2a: Celebi
|
|c|âScam Artist|you're lying
|c|âScam Artist|it's just a fake screenshot
|c|âstill the n1|ur so fucking retarded
|c|âstill the n1|why do ppl like this poopyhead play this game
|c|âstill the n1|making bad plays and get rewarded
|c|âstill the n1|sigh
|c|âstill the n1|hope you fucking die
|c|âScam Artist|Lol what?
|c|âstill the n1|in a fuckign cacrash
|c|âstill the n1|yuo fucking poopyhead
|c|âScam Artist|you play a game and you wish death upon someone?
|c|âScam Artist|wow
|c|âstill the n1|yea i hope you do
|c|âScam Artist|you must be lonely
|c|âScam Artist|Why?
|c|âstill the n1|like ur mom
|c|âScam Artist|Dude it's just a game
|c|âstill the n1|forfeit then
|c|âScam Artist|Why so hostile
|c|âstill the n1|why dont u
|c|âstill the n1|?
|c|âstill the n1|sicne thats just a game
|c|âstill the n1|since
|c|âScam Artist|As in, why are you so hostile
|c|âstill the n1|ppl get mad
|c|âScam Artist|I'm curious dude
|c|âScam Artist|why so hostile
|c|âstill the n1|when someone gets haxed
|c|âstill the n1|you kno
|c|âstill the n1|so why dont u forf?
|c|âScam Artist|Yeah, if someone hax es you, then that person deserves to die in real life right?
|c|âstill the n1|it's just a game as u said
|c|âstill the n1|amirite
|c|âstill the n1|yea especially
|c|âstill the n1|when i had it won
|c|âstill the n1|cause my start worked perfectly
|c|âScam Artist|So someone deserves to die?
|
|switch|p2a: Garchomp|Garchomp, M|141\/364
|-damage|p2a: Garchomp|119\/364|[from] Stealth Rock
|turn|24
|c|âstill the n1|forfeit?
|c|âstill the n1|tell me please
|c|âScam Artist|Are you 10?
|c|âstill the n1|i got so mad
|c|âScam Artist|lol
|c|âstill the n1|just answer
|c|âScam Artist|So let's say
|c|âScam Artist|Someone haxes you
|c|âScam Artist|your next door neighbor
|c|âstill the n1|dude i got haxed like 5 times in a row
|c|âScam Artist|are you gonna go to his house
|c|âScam Artist|and kill him
|c|âScam Artist|like literally
|c|âstill the n1|thats y im so mad
|c|âstill the n1|rn
|c|âstill the n1|get it oml
|c|âScam Artist|Yeah, but you wished DEATH on someone
|c|âstill the n1|yeh i do cause im mad as fuck
|c|âScam Artist|But you don't mean it right?
|c|âScam Artist|you're just saying it
|c|âstill the n1|idk i cant think rn
|c|âScam Artist|cos youre mad
|c|âstill the n1|yea i agree w\/ u
|c|âstill the n1|thats cool
|c|âstill the n1|just gotta chill out
|c|âstill the n1|and play something else
|c|âScam Artist|Can you apologize?
|c|âstill the n1|i do
|c|âstill the n1|so what now?
|c|âScam Artist|rematch.
|c|âstill the n1|is this changing something?
|
|switch|p2a: Thundurus|Thundurus, M|49\/299
|-damage|p2a: Thundurus|0 fnt|[from] Stealth Rock
|faint|p2a: Thundurus
|move|p1a: Metagross|Iron Head|p2: Thundurus|[notarget]
|-notarget
|
|c|âstill the n1|dont u wanna forfeit?
|c|âScam Artist|you wanna rematch
|c|âstill the n1|no i dont
|c|âScam Artist|Ok then I won't forfeit
|c|âstill the n1|lmao
|c|âScam Artist|lmao
|c|âstill the n1|all i care are points
|c|âScam Artist|lol
|c|âstill the n1|not rematches
|c|âstill the n1|lmfao
|c|âstill the n1|w\/e enjoy
|-message|still the n1 lost due to inactivity.
|
|win|Scam Artist
|raw|Ladder updating...
|leave|still the n1
|player|p2
|c|âScam Artist|anything else?
|raw|Scam Artist's rating: 1525 &rarr; <strong>1549<\/strong><br \/>(+24 for winning)
|raw|still the n1's rating: 1598 &rarr; <strong>1574<\/strong><br \/>(-24 for losing)