|join|STILL THE N1
|join|helkijin
|player|p1|STILL THE N1|1
|player|p2|helkijin|170
|gametype|singles
|gen|6
|tier|OU
|rated
|clearpoke
|poke|p1|Tyranitar, F
|poke|p1|Clefable, F
|poke|p1|Empoleon, M
|poke|p1|Gliscor, M
|poke|p1|Charizard, F
|poke|p1|Keldeo-Resolute
|poke|p2|Politoed, M
|poke|p2|Swampert, F
|poke|p2|Tornadus-Therian, M
|poke|p2|Starmie
|poke|p2|Chesnaught, F
|poke|p2|Empoleon, F
|rule|Swagger Clause: Swagger is banned
|rule|Baton Pass Clause: Limit one PokÃ©mon knowing Baton Pass
|rule|Sleep Clause Mod: Limit one foe put to sleep
|rule|Species Clause: Limit one of each PokÃ©mon
|rule|OHKO Clause: OHKO moves are banned
|rule|Moody Clause: Moody is banned
|rule|Evasion Moves Clause: Evasion moves are banned
|rule|Endless Battle Clause: Forcing endless battles is banned
|rule|HP Percentage Mod: HP is shown in percentages
|teampreview
|
|start
|switch|p1a: Keldeo-Resolute|Keldeo-Resolute|323\/323
|switch|p2a: Swampert|Swampert, F|341\/341
|turn|1
|join|SasoriGod
|
|switch|p2a: Starmie|Starmie|261\/261
|move|p1a: Keldeo-Resolute|Hydro Pump|p2a: Starmie|[miss]
|-miss|p1a: Keldeo-Resolute|p2a: Starmie
|
|turn|2
|
|move|p2a: Starmie|Hydro Pump|p1a: Keldeo-Resolute
|-resisted|p1a: Keldeo-Resolute
|-damage|p1a: Keldeo-Resolute|209\/323
|-damage|p2a: Starmie|235\/261|[from] item: Life Orb
|move|p1a: Keldeo-Resolute|Hydro Pump|p2a: Starmie
|-crit|p2a: Starmie
|-resisted|p2a: Starmie
|-damage|p2a: Starmie|1\/261
|
|turn|3
|
|switch|p1a: Empoleon|Empoleon, M|363\/363
|move|p2a: Starmie|Thunder|p1a: Empoleon
|-supereffective|p1a: Empoleon
|-damage|p1a: Empoleon|80\/363
|-damage|p2a: Starmie|0 fnt|[from] item: Life Orb
|faint|p2a: Starmie
|
|-heal|p1a: Empoleon|102\/363|[from] item: Leftovers
|
|switch|p2a: Swampert|Swampert, F|341\/341
|turn|4
|
|detailschange|p2a: Swampert|Swampert-Mega, F
|message|Swampert has Mega Evolved into Mega Swampert!
|move|p2a: Swampert|Earthquake|p1a: Empoleon
|-supereffective|p1a: Empoleon
|-damage|p1a: Empoleon|0 fnt
|faint|p1a: Empoleon
|
|
|switch|p1a: Keldeo-Resolute|Keldeo-Resolute|209\/323
|turn|5
|
|switch|p2a: Politoed|Politoed, M|383\/383
|-weather|RainDance
|move|p1a: Keldeo-Resolute|Scald|p2a: Politoed
|-resisted|p2a: Politoed
|-damage|p2a: Politoed|278\/383
|-status|p2a: Politoed|brn
|
|-weather|RainDance|[upkeep]
|-damage|p2a: Politoed|231\/383 brn|[from] brn
|turn|6
|
|move|p1a: Keldeo-Resolute|Scald|p2a: Politoed
|-resisted|p2a: Politoed
|-damage|p2a: Politoed|107\/383 brn
|move|p2a: Politoed|Rest|p2a: Politoed
|-status|p2a: Politoed|slp
|-heal|p2a: Politoed|383\/383 slp|[silent]
|-status|p2a: Politoed|slp|[from] move: Rest
|
|-weather|RainDance|[upkeep]
|turn|7
|
|move|p1a: Keldeo-Resolute|Scald|p2a: Politoed
|-resisted|p2a: Politoed
|-damage|p2a: Politoed|268\/383 slp
|cant|p2a: Politoed|slp
|move|p2a: Politoed|Sleep Talk|p2a: Politoed
|move|p2a: Politoed|Encore|p1a: Keldeo-Resolute|[from]Sleep Talk
|-start|p1a: Keldeo-Resolute|Encore
|
|-weather|RainDance|[upkeep]
|turn|8
|
|move|p1a: Keldeo-Resolute|Scald|p2a: Politoed
|-resisted|p2a: Politoed
|-damage|p2a: Politoed|162\/383 slp
|cant|p2a: Politoed|slp
|move|p2a: Politoed|Sleep Talk|p2a: Politoed
|move|p2a: Politoed|Encore|p1a: Keldeo-Resolute|[from]Sleep Talk
|-fail|p1a: Keldeo-Resolute
|
|-weather|RainDance|[upkeep]
|turn|9
|
|switch|p1a: Charizard|Charizard, F|311\/311
|-curestatus|p2a: Politoed|slp
|move|p2a: Politoed|Rest|p2a: Politoed
|-status|p2a: Politoed|slp
|-heal|p2a: Politoed|383\/383 slp|[silent]
|-status|p2a: Politoed|slp|[from] move: Rest
|
|-weather|RainDance|[upkeep]
|turn|10
|
|detailschange|p1a: Charizard|Charizard-Mega-X, F
|message|Charizard has Mega Evolved into Mega Charizard!
|move|p1a: Charizard|Dragon Dance|p1a: Charizard
|-boost|p1a: Charizard|atk|1
|-boost|p1a: Charizard|spe|1
|cant|p2a: Politoed|slp
|move|p2a: Politoed|Sleep Talk|p2a: Politoed
|move|p2a: Politoed|Scald|p1a: Charizard|[from]Sleep Talk
|-damage|p1a: Charizard|169\/311
|
|-weather|RainDance|[upkeep]
|turn|11
|
|move|p1a: Charizard|Dragon Claw|p2a: Politoed
|-damage|p2a: Politoed|5\/383 slp
|cant|p2a: Politoed|slp
|move|p2a: Politoed|Sleep Talk|p2a: Politoed
|move|p2a: Politoed|Scald|p1a: Charizard|[from]Sleep Talk
|-damage|p1a: Charizard|13\/311
|
|-weather|RainDance|[upkeep]
|turn|12
|
|switch|p2a: Empoleon|Empoleon, F|371\/371
|move|p1a: Charizard|Dragon Claw|p2a: Empoleon
|-resisted|p2a: Empoleon
|-damage|p2a: Empoleon|257\/371
|
|-weather|none
|turn|13
|
|move|p1a: Charizard|Roost|p1a: Charizard
|-heal|p1a: Charizard|169\/311
|move|p2a: Empoleon|Roar|p1a: Charizard
|drag|p1a: Clefable|Clefable, F|393\/393
|
|turn|14
|
|move|p2a: Empoleon|Stealth Rock|p1a: Clefable
|-sidestart|p1: STILL THE N1|move: Stealth Rock
|move|p1a: Clefable|Moonblast|p2a: Empoleon
|-resisted|p2a: Empoleon
|-damage|p2a: Empoleon|206\/371
|
|turn|15
|
|move|p2a: Empoleon|Rain Dance|p2a: Empoleon
|-weather|RainDance
|move|p1a: Clefable|Moonblast|p2a: Empoleon
|-resisted|p2a: Empoleon
|-damage|p2a: Empoleon|156\/371
|
|-weather|RainDance|[upkeep]
|turn|16
|
|move|p2a: Empoleon|Scald|p1a: Clefable
|-damage|p1a: Clefable|248\/393
|move|p1a: Clefable|Soft-Boiled|p1a: Clefable
|-heal|p1a: Clefable|393\/393
|
|-weather|RainDance|[upkeep]
|turn|17
|
|move|p2a: Empoleon|Scald|p1a: Clefable
|-damage|p1a: Clefable|251\/393
|-status|p1a: Clefable|brn
|move|p1a: Clefable|Moonblast|p2a: Empoleon
|-crit|p2a: Empoleon
|-resisted|p2a: Empoleon
|-damage|p2a: Empoleon|77\/371
|
|-weather|RainDance|[upkeep]
|-heal|p1a: Clefable|275\/393 brn|[from] item: Leftovers
|turn|18
|
|move|p2a: Empoleon|Scald|p1a: Clefable
|-damage|p1a: Clefable|34\/393 brn
|move|p1a: Clefable|Soft-Boiled|p1a: Clefable
|-heal|p1a: Clefable|231\/393 brn
|
|-weather|RainDance|[upkeep]
|-heal|p1a: Clefable|255\/393 brn|[from] item: Leftovers
|turn|19
|
|switch|p1a: Keldeo-Resolute|Keldeo-Resolute|209\/323
|-damage|p1a: Keldeo-Resolute|189\/323|[from] Stealth Rock
|move|p2a: Empoleon|Scald|p1a: Keldeo-Resolute
|-resisted|p1a: Keldeo-Resolute
|-damage|p1a: Keldeo-Resolute|66\/323
|
|-weather|RainDance|[upkeep]
|turn|20
|
|move|p1a: Keldeo-Resolute|Scald|p2a: Empoleon
|-resisted|p2a: Empoleon
|-damage|p2a: Empoleon|0 fnt
|faint|p2a: Empoleon
|
|-weather|RainDance|[upkeep]
|
|switch|p2a: Swampert|Swampert-Mega, F|341\/341
|turn|21
|
|switch|p1a: Charizard|Charizard-Mega-X, F|169\/311
|-damage|p1a: Charizard|92\/311|[from] Stealth Rock
|move|p2a: Swampert|Waterfall|p1a: Charizard
|-damage|p1a: Charizard|0 fnt
|faint|p1a: Charizard
|
|-weather|RainDance|[upkeep]
|
|switch|p1a: Tyranitar|Tyranitar, F|342\/342
|-damage|p1a: Tyranitar|300\/342|[from] Stealth Rock
|-weather|Sandstorm
|turn|22
|
|switch|p1a: Clefable|Clefable, F|255\/393 brn
|move|p2a: Swampert|Earthquake|p1a: Clefable
|-damage|p1a: Clefable|68\/393 brn
|
|-weather|Sandstorm|[upkeep]
|-heal|p1a: Clefable|92\/393 brn|[from] item: Leftovers
|turn|23
|
|switch|p1a: Gliscor|Gliscor, M|352\/352
|-damage|p1a: Gliscor|308\/352|[from] Stealth Rock
|move|p2a: Swampert|Waterfall|p1a: Gliscor
|-supereffective|p1a: Gliscor
|-damage|p1a: Gliscor|50\/352
|
|-weather|Sandstorm|[upkeep]
|-status|p1a: Gliscor|tox|[from] item: Toxic Orb
|turn|24
|
|move|p2a: Swampert|Waterfall|p1a: Gliscor
|-supereffective|p1a: Gliscor
|-damage|p1a: Gliscor|0 fnt
|faint|p1a: Gliscor
|
|-weather|Sandstorm|[upkeep]
|
|switch|p1a: Keldeo-Resolute|Keldeo-Resolute|66\/323
|-damage|p1a: Keldeo-Resolute|46\/323|[from] Stealth Rock
|turn|25
|
|switch|p2a: Politoed|Politoed, M|5\/383 slp
|-weather|RainDance
|move|p1a: Keldeo-Resolute|Hydro Pump|p2a: Politoed|[miss]
|-miss|p1a: Keldeo-Resolute|p2a: Politoed
|
|-weather|RainDance|[upkeep]
|turn|26
|
|move|p1a: Keldeo-Resolute|Hydro Pump|p2a: Politoed
|-resisted|p2a: Politoed
|-damage|p2a: Politoed|0 fnt
|faint|p2a: Politoed
|
|-weather|RainDance|[upkeep]
|
|switch|p2a: Swampert|Swampert-Mega, F|341\/341
|turn|27
|
|switch|p1a: Tyranitar|Tyranitar, F|300\/342
|-damage|p1a: Tyranitar|258\/342|[from] Stealth Rock
|-weather|Sandstorm
|move|p2a: Swampert|Waterfall|p1a: Tyranitar
|-supereffective|p1a: Tyranitar
|-damage|p1a: Tyranitar|0 fnt
|faint|p1a: Tyranitar
|
|-weather|Sandstorm|[upkeep]
|
|switch|p1a: Keldeo-Resolute|Keldeo-Resolute|46\/323
|-damage|p1a: Keldeo-Resolute|26\/323|[from] Stealth Rock
|turn|28
|
|switch|p2a: Chesnaught|Chesnaught, F|379\/379
|move|p1a: Keldeo-Resolute|Hydro Pump|p2a: Chesnaught
|-resisted|p2a: Chesnaught
|-damage|p2a: Chesnaught|208\/379
|
|-weather|Sandstorm|[upkeep]
|-damage|p1a: Keldeo-Resolute|6\/323|[from] sandstorm
|-damage|p2a: Chesnaught|185\/379|[from] sandstorm
|-heal|p2a: Chesnaught|208\/379|[from] item: Leftovers
|turn|29
|
|move|p1a: Keldeo-Resolute|Hydro Pump|p2a: Chesnaught
|-resisted|p2a: Chesnaught
|-damage|p2a: Chesnaught|15\/379
|move|p2a: Chesnaught|Drain Punch|p1a: Keldeo-Resolute
|-damage|p1a: Keldeo-Resolute|0 fnt
|-heal|p2a: Chesnaught|18\/379|[from] drain|[of] p1a: Keldeo-Resolute
|faint|p1a: Keldeo-Resolute
|
|-weather|Sandstorm|[upkeep]
|-damage|p2a: Chesnaught|0 fnt|[from] sandstorm
|faint|p2a: Chesnaught
|
|switch|p2a: Tornadus-Therian|Tornadus-Therian, M|301\/301
|switch|p1a: Clefable|Clefable, F|92\/393 brn
|turn|30
|
|move|p2a: Tornadus-Therian|Taunt|p1a: Clefable
|-start|p1a: Clefable|move: Taunt
|cant|p1a: Clefable|move: Taunt|Soft-Boiled
|
|-weather|Sandstorm|[upkeep]
|-damage|p2a: Tornadus-Therian|283\/301|[from] sandstorm
|-heal|p1a: Clefable|116\/393 brn|[from] item: Leftovers
|turn|31
|c|âhelkijin|gg
|
|move|p2a: Tornadus-Therian|Hurricane|p1a: Clefable
|-damage|p1a: Clefable|0 fnt
|-damage|p2a: Tornadus-Therian|253\/301|[from] item: Life Orb
|faint|p1a: Clefable
|
|win|helkijin
|raw|Ladder updating...
|leave|STILL THE N1
|player|p1
|leave|SasoriGod
|raw|STILL THE N1's rating: 1756 &rarr; <strong>1728<\/strong><br \/>(-28 for losing)
|raw|helkijin's rating: 1617 &rarr; <strong>1644<\/strong><br \/>(+27 for winning)