|join|stfo test
|join|still the n1
|player|p1|stfo test|290
|player|p2|still the n1|1
|gametype|singles
|gen|6
|tier|OU
|rated
|clearpoke
|poke|p1|Azumarill, M
|poke|p1|Metagross
|poke|p1|Scolipede, F
|poke|p1|Heatran, M
|poke|p1|Latias, F
|poke|p1|Kyurem-Black
|poke|p2|Serperior, F
|poke|p2|Garchomp, M
|poke|p2|Metagross
|poke|p2|Latias, F
|poke|p2|Gyarados, M
|poke|p2|Talonflame, M
|rule|Swagger Clause: Swagger is banned
|rule|Baton Pass Clause: Limit one PokÃ©mon knowing Baton Pass
|rule|Sleep Clause Mod: Limit one foe put to sleep
|rule|Species Clause: Limit one of each PokÃ©mon
|rule|OHKO Clause: OHKO moves are banned
|rule|Moody Clause: Moody is banned
|rule|Evasion Moves Clause: Evasion moves are banned
|rule|Endless Battle Clause: Forcing endless battles is banned
|rule|HP Percentage Mod: HP is shown in percentages
|teampreview
|
|start
|switch|p1a: Azumarill|Azumarill, M|403\/403
|switch|p2a: Talonflame|Talonflame, M|314\/314
|turn|1
|join|Antaury
|leave|Antaury
|
|switch|p1a: Heatran|Heatran, M|369\/369
|move|p2a: Talonflame|Brave Bird|p1a: Heatran
|-resisted|p1a: Heatran
|-damage|p1a: Heatran|261\/369
|-damage|p2a: Talonflame|278\/314|[from] recoil|[of] p1a: Heatran
|
|-heal|p1a: Heatran|284\/369|[from] item: Leftovers
|turn|2
|
|switch|p2a: Garchomp|Garchomp, M|420\/420
|move|p1a: Heatran|Stealth Rock|p2a: Garchomp
|-sidestart|p2: still the n1|move: Stealth Rock
|
|-heal|p1a: Heatran|307\/369|[from] item: Leftovers
|turn|3
|
|switch|p1a: Latias|Latias, F|364\/364
|move|p2a: Garchomp|Stealth Rock|p1a: Latias
|-sidestart|p1: stfo test|move: Stealth Rock
|
|turn|4
|
|switch|p2a: Metagross|Metagross|301\/301
|-damage|p2a: Metagross|283\/301|[from] Stealth Rock
|move|p1a: Latias|Reflect|p1a: Latias
|-sidestart|p1: stfo test|Reflect
|
|turn|5
|
|detailschange|p2a: Metagross|Metagross-Mega
|-mega|p2a: Metagross|Metagross|Metagrossite
|move|p1a: Latias|Light Screen|p1a: Latias
|-sidestart|p1: stfo test|move: Light Screen
|move|p2a: Metagross|Pursuit|p1a: Latias
|-supereffective|p1a: Latias
|-damage|p1a: Latias|289\/364
|
|turn|6
|
|switch|p1a: Azumarill|Azumarill, M|403\/403
|-damage|p1a: Azumarill|353\/403|[from] Stealth Rock
|move|p2a: Metagross|Meteor Mash|p1a: Azumarill|[miss]
|-miss|p2a: Metagross|p1a: Azumarill
|
|turn|7
|
|switch|p2a: Garchomp|Garchomp, M|420\/420
|-damage|p2a: Garchomp|394\/420|[from] Stealth Rock
|move|p1a: Azumarill|Knock Off|p2a: Garchomp
|-damage|p2a: Garchomp|291\/420
|-damage|p1a: Azumarill|303\/403|[from] ability: Rough Skin|[of] p2a: Garchomp
|-damage|p1a: Azumarill|236\/403|[from] item: Rocky Helmet|[of] p2a: Garchomp
|-enditem|p2a: Garchomp|Rocky Helmet|[from] move: Knock Off|[of] p1a: Azumarill
|
|turn|8
|
|move|p2a: Garchomp|Toxic|p1a: Azumarill
|-status|p1a: Azumarill|tox
|move|p1a: Azumarill|Play Rough|p2a: Garchomp
|-supereffective|p2a: Garchomp
|-damage|p2a: Garchomp|33\/420
|-damage|p1a: Azumarill|186\/403 tox|[from] ability: Rough Skin|[of] p2a: Garchomp
|
|-damage|p1a: Azumarill|161\/403 tox|[from] psn
|turn|9
|
|move|p1a: Azumarill|Aqua Jet|p2a: Garchomp
|-damage|p2a: Garchomp|0 fnt
|-damage|p1a: Azumarill|111\/403 tox|[from] ability: Rough Skin|[of] p2a: Garchomp
|faint|p2a: Garchomp
|
|-damage|p1a: Azumarill|61\/403 tox|[from] psn
|c|âstfo test|another team nice
|
|switch|p2a: Gyarados|Gyarados, M|331\/331
|-damage|p2a: Gyarados|249\/331|[from] Stealth Rock
|-ability|p2a: Gyarados|Intimidate|[of] p1a: Azumarill
|-unboost|p1a: Azumarill|atk|1
|turn|10
|c|âstfo test|jukain team
|
|switch|p1a: Latias|Latias, F|289\/364
|-damage|p1a: Latias|244\/364|[from] Stealth Rock
|move|p2a: Gyarados|Dragon Dance|p2a: Gyarados
|-boost|p2a: Gyarados|atk|1
|-boost|p2a: Gyarados|spe|1
|
|turn|11
|
|move|p2a: Gyarados|Bounce|p1a: Latias|[still]
|-prepare|p2a: Gyarados|Bounce|p1a: Latias
|move|p1a: Latias|Defog|p2a: Gyarados|[miss]
|-miss|p1a: Latias|p2a: Gyarados
|
|-sideend|p1: stfo test|Reflect
|turn|12
|
|move|p2a: Gyarados|Bounce|p1a: Latias
|-damage|p1a: Latias|1\/364
|move|p1a: Latias|Healing Wish|p1a: Latias
|faint|p1a: Latias
|
|-sideend|p1: stfo test|move: Light Screen
|
|switch|p1a: Azumarill|Azumarill, M|61\/403 tox
|-heal|p1a: Azumarill|403\/403|[from] move: Healing Wish
|-damage|p1a: Azumarill|353\/403|[from] Stealth Rock
|turn|13
|
|move|p2a: Gyarados|Bounce|p1a: Azumarill|[still]
|-prepare|p2a: Gyarados|Bounce|p1a: Azumarill
|move|p1a: Azumarill|Play Rough|p2a: Gyarados|[miss]
|-miss|p1a: Azumarill|p2a: Gyarados
|
|turn|14
|
|move|p2a: Gyarados|Bounce|p1a: Azumarill
|-damage|p1a: Azumarill|37\/403
|move|p1a: Azumarill|Play Rough|p2a: Gyarados
|-damage|p2a: Gyarados|39\/331
|
|turn|15
|
|move|p1a: Azumarill|Aqua Jet|p2a: Gyarados
|-resisted|p2a: Gyarados
|-damage|p2a: Gyarados|0 fnt
|faint|p2a: Gyarados
|
|
|switch|p2a: Latias|Latias, F|301\/301
|-damage|p2a: Latias|264\/301|[from] Stealth Rock
|turn|16
|
|move|p2a: Latias|Psyshock|p1a: Azumarill
|-damage|p1a: Azumarill|0 fnt
|-damage|p2a: Latias|234\/301|[from] item: Life Orb
|faint|p1a: Azumarill
|
|
|switch|p1a: Scolipede|Scolipede, F|323\/323
|-damage|p1a: Scolipede|243\/323|[from] Stealth Rock
|turn|17
|
|move|p1a: Scolipede|Substitute|p1a: Scolipede
|-start|p1a: Scolipede|Substitute
|-damage|p1a: Scolipede|163\/323
|move|p2a: Latias|Psyshock|p1a: Scolipede
|-supereffective|p1a: Scolipede
|-end|p1a: Scolipede|Substitute
|-damage|p2a: Latias|204\/301|[from] item: Life Orb
|
|-heal|p1a: Scolipede|183\/323|[from] item: Black Sludge
|-boost|p1a: Scolipede|spe|1|[from] ability: Speed Boost
|turn|18
|
|switch|p2a: Metagross|Metagross-Mega|283\/301
|-damage|p2a: Metagross|265\/301|[from] Stealth Rock
|move|p1a: Scolipede|Substitute|p1a: Scolipede
|-start|p1a: Scolipede|Substitute
|-damage|p1a: Scolipede|103\/323
|
|-heal|p1a: Scolipede|123\/323|[from] item: Black Sludge
|-boost|p1a: Scolipede|spe|1|[from] ability: Speed Boost
|turn|19
|
|move|p1a: Scolipede|Swords Dance|p1a: Scolipede
|-boost|p1a: Scolipede|atk|2
|move|p2a: Metagross|Meteor Mash|p1a: Scolipede|[miss]
|-miss|p2a: Metagross|p1a: Scolipede
|
|-heal|p1a: Scolipede|143\/323|[from] item: Black Sludge
|-boost|p1a: Scolipede|spe|1|[from] ability: Speed Boost
|turn|20
|c|âstill the n1|gr8 play
|
|move|p1a: Scolipede|Baton Pass|p1a: Scolipede
|
|switch|p1a: Metagross|Metagross|303\/303
|-damage|p1a: Metagross|285\/303|[from] Stealth Rock
|move|p2a: Metagross|Meteor Mash|p1a: Metagross
|-crit|p1a: Metagross
|-resisted|p1a: Metagross
|-end|p1a: Metagross|Substitute
|
|turn|21
|c|âstfo test|this is my team
|
|detailschange|p1a: Metagross|Metagross-Mega
|-mega|p1a: Metagross|Metagross|Metagrossite
|move|p1a: Metagross|Earthquake|p2a: Metagross
|-supereffective|p2a: Metagross
|-damage|p2a: Metagross|0 fnt
|faint|p2a: Metagross
|
|c|âstfo test|no one elseÂ´s team
|c|âstill the n1|what the fuck are u saying
|c|âstill the n1|do u believe ppl use their own team
|c|âstill the n1|so fucking retarded
|c|âstill the n1|you haxing bitch
|-message|still the n1 forfeited.
|leave|still the n1
|
|win|stfo test
|raw|Ladder updating...
|player|p2
|raw|stfo test's rating: 1544 &rarr; <strong>1566<\/strong><br \/>(+22 for winning)
|raw|still the n1's rating: 1580 &rarr; <strong>1558<\/strong><br \/>(-22 for losing)