|join|kars4kidz
|join|STILL THE N1
|player|p1|kars4kidz|23
|player|p2|STILL THE N1|1
|gametype|singles
|gen|6
|tier|OU
|rated
|clearpoke
|poke|p1|Metagross, shiny
|poke|p1|Ferrothorn, F
|poke|p1|Landorus-Therian, M
|poke|p1|Gengar, M
|poke|p1|Chansey, F
|poke|p1|Rotom-Wash
|poke|p2|Slowbro, M
|poke|p2|Gliscor, F
|poke|p2|Sableye, F
|poke|p2|Ferrothorn, F
|poke|p2|Bronzong
|poke|p2|Latios, M
|rule|Swagger Clause: Swagger is banned
|rule|Baton Pass Clause: Limit one PokÃ©mon knowing Baton Pass
|rule|Sleep Clause Mod: Limit one foe put to sleep
|rule|Species Clause: Limit one of each PokÃ©mon
|rule|OHKO Clause: OHKO moves are banned
|rule|Moody Clause: Moody is banned
|rule|Evasion Moves Clause: Evasion moves are banned
|rule|Endless Battle Clause: Forcing endless battles is banned
|rule|HP Percentage Mod: HP is shown in percentages
|teampreview
|
|start
|switch|p1a: Landorus-Therian|Landorus-Therian, M|320\/320
|switch|p2a: Sableye|Sableye, F|303\/303
|-ability|p1a: Landorus-Therian|Intimidate|[of] p2a: Sableye
|-unboost|p2a: Sableye|atk|1
|turn|1
|join|TrueSon
|
|switch|p1a: Gengar|Gengar, M|261\/261
|detailschange|p2a: Sableye|Sableye-Mega, F
|-mega|p2a: Sableye|Sableye|Sablenite
|move|p2a: Sableye|Will-O-Wisp|p1a: Gengar
|-status|p1a: Gengar|brn
|
|-damage|p1a: Gengar|229\/261 brn|[from] brn
|turn|2
|
|move|p1a: Gengar|Shadow Ball|p2a: Sableye
|-damage|p2a: Sableye|165\/303
|move|p2a: Sableye|Shadow Ball|p1a: Gengar
|-crit|p1a: Gengar
|-supereffective|p1a: Gengar
|-damage|p1a: Gengar|0 fnt
|faint|p1a: Gengar
|
|
|switch|p1a: Landorus-Therian|Landorus-Therian, M|320\/320
|-ability|p1a: Landorus-Therian|Intimidate|[of] p2a: Sableye
|-unboost|p2a: Sableye|atk|1
|turn|3
|
|move|p1a: Landorus-Therian|Knock Off|p2a: Sableye
|-damage|p2a: Sableye|116\/303
|move|p2a: Sableye|Recover|p2a: Sableye
|-heal|p2a: Sableye|268\/303
|
|turn|4
|
|switch|p1a: Metagross|Metagross, shiny|301\/301
|move|p2a: Sableye|Calm Mind|p2a: Sableye
|-boost|p2a: Sableye|spa|1
|-boost|p2a: Sableye|spd|1
|
|turn|5
|
|detailschange|p1a: Metagross|Metagross-Mega, shiny
|-mega|p1a: Metagross|Metagross|Metagrossite
|move|p1a: Metagross|Meteor Mash|p2a: Sableye
|-damage|p2a: Sableye|133\/303
|move|p2a: Sableye|Will-O-Wisp|p1a: Metagross
|-status|p1a: Metagross|brn
|
|-damage|p1a: Metagross|264\/301 brn|[from] brn
|turn|6
|-message|kars4kidz forfeited.
|leave|kars4kidz
|leave|TrueSon
|
|win|STILL THE N1
|raw|Ladder updating...
|player|p1
|raw|kars4kidz's rating: 1631 &rarr; <strong>1614<\/strong><br \/>(-17 for losing)
|raw|STILL THE N1's rating: 1673 &rarr; <strong>1690<\/strong><br \/>(+17 for winning)