|join|STILL THE N1
|join|Truthster
|player|p1|STILL THE N1|1
|player|p2|Truthster|56
|gametype|singles
|gen|6
|tier|OU
|rated
|clearpoke
|poke|p1|Charizard, M
|poke|p1|Tyranitar, M
|poke|p1|Keldeo
|poke|p1|Latios, M
|poke|p1|Clefable, F
|poke|p1|Landorus, M
|poke|p2|Dragonite, M
|poke|p2|Venusaur, F
|poke|p2|Zapdos
|poke|p2|Breloom, F
|poke|p2|Cloyster, F
|poke|p2|Talonflame, F
|rule|Swagger Clause: Swagger is banned
|rule|Baton Pass Clause: Limit one PokÃ©mon knowing Baton Pass
|rule|Sleep Clause Mod: Limit one foe put to sleep
|rule|Species Clause: Limit one of each PokÃ©mon
|rule|OHKO Clause: OHKO moves are banned
|rule|Moody Clause: Moody is banned
|rule|Evasion Moves Clause: Evasion moves are banned
|rule|Endless Battle Clause: Forcing endless battles is banned
|rule|HP Percentage Mod: HP is shown in percentages
|teampreview
|
|start
|switch|p1a: Keldeo|Keldeo|323\/323
|switch|p2a: Breloom|Breloom, F|262\/262
|turn|1
|
|move|p1a: Keldeo|Scald|p2a: Breloom
|-resisted|p2a: Breloom
|-damage|p2a: Breloom|113\/262
|move|p2a: Breloom|Bullet Seed|p1a: Keldeo
|-supereffective|p1a: Keldeo
|-damage|p1a: Keldeo|177\/323
|-supereffective|p1a: Keldeo
|-damage|p1a: Keldeo|25\/323
|-supereffective|p1a: Keldeo
|-damage|p1a: Keldeo|0 fnt
|-hitcount|p1a: Keldeo|3
|faint|p1a: Keldeo
|
|
|switch|p1a: Charizard|Charizard, M|301\/301
|turn|2
|
|detailschange|p1a: Charizard|Charizard-Mega-Y, M
|-mega|p1a: Charizard|Charizard|Charizardite Y
|-weather|SunnyDay
|move|p2a: Breloom|Mach Punch|p1a: Charizard
|-resisted|p1a: Charizard
|-damage|p1a: Charizard|231\/301
|move|p1a: Charizard|Solar Beam|p2a: Breloom|[still]
|-prepare|p1a: Charizard|Solar Beam|p2a: Breloom
|-anim|p1a: Charizard|Solar Beam|p2a: Breloom
|-resisted|p2a: Breloom
|-damage|p2a: Breloom|0 fnt
|faint|p2a: Breloom
|
|-weather|SunnyDay|[upkeep]
|
|switch|p2a: Zapdos|Zapdos|321\/321
|-ability|p2a: Zapdos|Pressure
|turn|3
|
|switch|p1a: Clefable|Clefable, F|393\/393
|move|p2a: Zapdos|Discharge|p1a: Clefable
|-damage|p1a: Clefable|275\/393
|
|-weather|SunnyDay|[upkeep]
|-heal|p1a: Clefable|299\/393|[from] item: Leftovers
|turn|4
|
|move|p2a: Zapdos|Heat Wave|p1a: Clefable
|-damage|p1a: Clefable|153\/393
|move|p1a: Clefable|Stealth Rock|p2a: Zapdos
|-sidestart|p2: Truthster|move: Stealth Rock
|
|-weather|SunnyDay|[upkeep]
|-heal|p1a: Clefable|177\/393|[from] item: Leftovers
|turn|5
|
|move|p2a: Zapdos|Defog|p1a: Clefable
|-unboost|p1a: Clefable|evasion|1
|-sideend|p2: Truthster|Stealth Rock|[from] move: Defog|[of] p2a: Zapdos
|move|p1a: Clefable|Soft-Boiled|p1a: Clefable
|-heal|p1a: Clefable|374\/393
|
|-weather|SunnyDay|[upkeep]
|-heal|p1a: Clefable|393\/393|[from] item: Leftovers
|turn|6
|
|switch|p2a: Venusaur|Venusaur, F|301\/301
|move|p1a: Clefable|Stealth Rock|p2a: Venusaur
|-sidestart|p2: Truthster|move: Stealth Rock
|
|-weather|none
|turn|7
|
|switch|p1a: Landorus|Landorus, M|319\/319
|move|p2a: Venusaur|Sludge Bomb|p1a: Landorus
|-resisted|p1a: Landorus
|-damage|p1a: Landorus|226\/319
|
|turn|8
|
|switch|p2a: Dragonite|Dragonite, M|324\/324
|-damage|p2a: Dragonite|243\/324|[from] Stealth Rock
|move|p1a: Landorus|Psychic|p2a: Dragonite
|-damage|p2a: Dragonite|55\/324
|
|turn|9
|
|move|p2a: Dragonite|Extreme Speed|p1a: Landorus
|-damage|p1a: Landorus|111\/319
|move|p1a: Landorus|Psychic|p2a: Dragonite
|-damage|p2a: Dragonite|0 fnt
|faint|p2a: Dragonite
|
|
|switch|p2a: Talonflame|Talonflame, F|297\/297
|-damage|p2a: Talonflame|149\/297|[from] Stealth Rock
|turn|10
|
|switch|p1a: Tyranitar|Tyranitar, M|341\/341
|-weather|Sandstorm
|move|p2a: Talonflame|Flare Blitz|p1a: Tyranitar
|-resisted|p1a: Tyranitar
|-damage|p1a: Tyranitar|271\/341
|-status|p1a: Tyranitar|brn
|-damage|p2a: Talonflame|126\/297|[from] recoil|[of] p1a: Tyranitar
|
|-weather|Sandstorm|[upkeep]
|-damage|p2a: Talonflame|108\/297|[from] sandstorm
|-heal|p2a: Talonflame|126\/297|[from] item: Leftovers
|-damage|p1a: Tyranitar|229\/341 brn|[from] brn
|turn|11
|
|move|p2a: Talonflame|Brave Bird|p1a: Tyranitar
|-resisted|p1a: Tyranitar
|-damage|p1a: Tyranitar|163\/341 brn
|-damage|p2a: Talonflame|104\/297|[from] recoil|[of] p1a: Tyranitar
|move|p1a: Tyranitar|Stone Edge|p2a: Talonflame
|-supereffective|p2a: Talonflame
|-damage|p2a: Talonflame|0 fnt
|faint|p2a: Talonflame
|
|-weather|Sandstorm|[upkeep]
|-damage|p1a: Tyranitar|121\/341 brn|[from] brn
|
|switch|p2a: Zapdos|Zapdos|321\/321
|-damage|p2a: Zapdos|241\/321|[from] Stealth Rock
|-ability|p2a: Zapdos|Pressure
|turn|12
|
|move|p1a: Tyranitar|Stone Edge|p2a: Zapdos|[miss]
|-miss|p1a: Tyranitar|p2a: Zapdos
|move|p2a: Zapdos|Defog|p1a: Tyranitar
|-unboost|p1a: Tyranitar|evasion|1
|-sideend|p2: Truthster|Stealth Rock|[from] move: Defog|[of] p2a: Zapdos
|
|-weather|Sandstorm|[upkeep]
|-damage|p2a: Zapdos|221\/321|[from] sandstorm
|-heal|p2a: Zapdos|241\/321|[from] item: Leftovers
|-damage|p1a: Tyranitar|79\/341 brn|[from] brn
|turn|13
|
|move|p1a: Tyranitar|Stone Edge|p2a: Zapdos
|-supereffective|p2a: Zapdos
|-damage|p2a: Zapdos|25\/321
|move|p2a: Zapdos|Hidden Power|p1a: Tyranitar
|-supereffective|p1a: Tyranitar
|-damage|p1a: Tyranitar|0 fnt
|faint|p1a: Tyranitar
|
|-weather|Sandstorm|[upkeep]
|-damage|p2a: Zapdos|5\/321|[from] sandstorm
|-heal|p2a: Zapdos|25\/321|[from] item: Leftovers
|
|switch|p1a: Latios|Latios, M|301\/301
|turn|14
|
|move|p1a: Latios|Psyshock|p2a: Zapdos
|-damage|p2a: Zapdos|0 fnt
|-damage|p1a: Latios|271\/301|[from] item: Life Orb
|faint|p2a: Zapdos
|
|-weather|none
|
|switch|p2a: Cloyster|Cloyster, F|242\/242
|turn|15
|
|move|p1a: Latios|Draco Meteor|p2a: Cloyster
|-enditem|p2a: Cloyster|Focus Sash
|-damage|p2a: Cloyster|1\/242
|-unboost|p1a: Latios|spa|2
|-damage|p1a: Latios|241\/301|[from] item: Life Orb
|move|p2a: Cloyster|Shell Smash|p2a: Cloyster
|-boost|p2a: Cloyster|atk|2
|-boost|p2a: Cloyster|spa|2
|-boost|p2a: Cloyster|spe|2
|-unboost|p2a: Cloyster|def|1
|-unboost|p2a: Cloyster|spd|1
|
|turn|16
|
|move|p2a: Cloyster|Icicle Spear|p1a: Latios
|-crit|p1a: Latios
|-supereffective|p1a: Latios
|-damage|p1a: Latios|0 fnt
|-hitcount|p1a: Latios|1
|faint|p1a: Latios
|
|
|switch|p1a: Clefable|Clefable, F|393\/393
|turn|17
|c|âTruthster|damn it. please crit
|c|âSTILL THE N1|you haxed enuf
|
|move|p2a: Cloyster|Icicle Spear|p1a: Clefable
|-damage|p1a: Clefable|309\/393
|-damage|p1a: Clefable|221\/393
|-damage|p1a: Clefable|140\/393
|-damage|p1a: Clefable|55\/393
|-crit|p1a: Clefable
|-damage|p1a: Clefable|0 fnt
|-hitcount|p1a: Clefable|5
|faint|p1a: Clefable
|
|c|âSTILL THE N1|u dont need to hax more
|c|âSTILL THE N1|yea
|c|âTruthster|okay
|c|âSTILL THE N1|so fucking lucky piece of shit
|-message|STILL THE N1 forfeited.
|leave|STILL THE N1
|c|âTruthster|crit didnt matter dipshit
|
|win|Truthster
|raw|Ladder updating...
|player|p1
|raw|STILL THE N1's rating: 1611 &rarr; <strong>1583<\/strong><br \/>(-28 for losing)
|raw|Truthster's rating: 1458 &rarr; <strong>1486<\/strong><br \/>(+28 for winning)