|join|lapraz
|join|Roznen
|player|p1|lapraz|157
|player|p2|Roznen|265
|gametype|singles
|gen|6
|tier|UU
|rated
|rule|Sleep Clause Mod: Limit one foe put to sleep
|rule|Species Clause: Limit one of each PokÃ©mon
|rule|OHKO Clause: OHKO moves are banned
|rule|Moody Clause: Moody is banned
|rule|Evasion Moves Clause: Evasion moves are banned
|rule|Endless Battle Clause: Forcing endless battles is banned
|rule|HP Percentage Mod: HP is shown in percentages
|clearpoke
|poke|p1|Umbreon, F
|poke|p1|Steelix, F
|poke|p1|Tentacruel, F
|poke|p1|Xatu, M
|poke|p1|Jellicent, F
|poke|p1|Chesnaught, M
|poke|p2|Darmanitan, M, shiny
|poke|p2|Galvantula, M, shiny
|poke|p2|Forretress, F, shiny
|poke|p2|Suicune, shiny
|poke|p2|Machamp, F, shiny
|poke|p2|Goodra, M, shiny
|rule|Swagger Clause: Swagger is banned
|rule|Baton Pass Clause: Limit one PokÃ©mon knowing Baton Pass
|teampreview
|
|start
|switch|p1a: Steelix|Steelix, F|354\/354
|switch|p2a: Forretress|Forretress, F, shiny|353\/353
|turn|1
|
|detailschange|p1a: Steelix|Steelix-Mega, F
|-mega|p1a: Steelix|Steelix|Steelixite
|move|p1a: Steelix|Stealth Rock|p2a: Forretress
|-sidestart|p2: Roznen|move: Stealth Rock
|move|p2a: Forretress|Volt Switch|p1a: Steelix
|-immune|p1a: Steelix|[msg]
|
|turn|2
|
|switch|p1a: Jellicent|Jellicent, F|404\/404
|move|p2a: Forretress|Rapid Spin|p1a: Jellicent
|-immune|p1a: Jellicent|[msg]
|
|turn|3
|
|switch|p2a: Goodra|Goodra, M, shiny|383\/383
|-damage|p2a: Goodra|336\/383|[from] Stealth Rock
|move|p1a: Jellicent|Taunt|p2a: Goodra
|-start|p2a: Goodra|move: Taunt
|
|turn|4
|
|switch|p1a: Tentacruel|Tentacruel, F|364\/364
|move|p2a: Goodra|Thunderbolt|p1a: Tentacruel
|-supereffective|p1a: Tentacruel
|-damage|p1a: Tentacruel|170\/364
|
|-heal|p1a: Tentacruel|192\/364|[from] item: Black Sludge
|turn|5
|
|switch|p1a: Umbreon|Umbreon, F|394\/394
|move|p2a: Goodra|Thunderbolt|p1a: Umbreon
|-damage|p1a: Umbreon|328\/394
|
|-heal|p1a: Umbreon|352\/394|[from] item: Leftovers
|turn|6
|
|move|p2a: Goodra|Sludge Bomb|p1a: Umbreon
|-damage|p1a: Umbreon|286\/394
|-status|p1a: Umbreon|psn
|-status|p2a: Goodra|psn
|move|p1a: Umbreon|Wish|p1a: Umbreon
|
|-heal|p1a: Umbreon|310\/394 psn|[from] item: Leftovers
|-damage|p2a: Goodra|289\/383 psn|[from] psn
|-damage|p1a: Umbreon|261\/394 psn|[from] psn
|-end|p2a: Goodra|move: Taunt
|turn|7
|
|move|p2a: Goodra|Thunderbolt|p1a: Umbreon
|-damage|p1a: Umbreon|198\/394 psn
|move|p1a: Umbreon|Foul Play|p2a: Goodra
|-damage|p2a: Goodra|177\/383 psn
|
|-heal|p1a: Umbreon|394\/394 psn|[from] move: Wish|[wisher] Umbreon
|-damage|p2a: Goodra|130\/383 psn|[from] psn
|-damage|p1a: Umbreon|345\/394 psn|[from] psn
|turn|8
|
|switch|p2a: Forretress|Forretress, F, shiny|353\/353
|-damage|p2a: Forretress|309\/353|[from] Stealth Rock
|move|p1a: Umbreon|Wish|p1a: Umbreon
|
|-heal|p1a: Umbreon|369\/394 psn|[from] item: Leftovers
|-damage|p1a: Umbreon|320\/394 psn|[from] psn
|turn|9
|
|switch|p1a: Jellicent|Jellicent, F|404\/404
|move|p2a: Forretress|Volt Switch|p1a: Jellicent
|-supereffective|p1a: Jellicent
|-damage|p1a: Jellicent|340\/404
|
|switch|p2a: Machamp|Machamp, F, shiny|363\/363
|-damage|p2a: Machamp|341\/363|[from] Stealth Rock
|
|-heal|p1a: Jellicent|404\/404|[from] move: Wish|[wisher] Umbreon
|turn|10
|
|switch|p1a: Chesnaught|Chesnaught, M|380\/380
|move|p2a: Machamp|Knock Off|p1a: Chesnaught
|-resisted|p1a: Chesnaught
|-damage|p1a: Chesnaught|338\/380
|-enditem|p1a: Chesnaught|Leftovers|[from] move: Knock Off|[of] p2a: Machamp
|
|turn|11
|
|move|p2a: Machamp|Dynamic Punch|p1a: Chesnaught
|-damage|p1a: Chesnaught|221\/380
|-start|p1a: Chesnaught|confusion
|-activate|p1a: Chesnaught|confusion
|-damage|p1a: Chesnaught|199\/380|[from] confusion
|
|turn|12
|
|switch|p1a: Jellicent|Jellicent, F|404\/404
|move|p2a: Machamp|Ice Punch|p1a: Jellicent
|-resisted|p1a: Jellicent
|-damage|p1a: Jellicent|355\/404
|-status|p1a: Jellicent|frz
|
|-heal|p1a: Jellicent|380\/404 frz|[from] item: Leftovers
|turn|13
|
|cant|p1a: Jellicent|frz
|move|p2a: Machamp|Knock Off|p1a: Jellicent
|-supereffective|p1a: Jellicent
|-damage|p1a: Jellicent|150\/404 frz
|-enditem|p1a: Jellicent|Leftovers|[from] move: Knock Off|[of] p2a: Machamp
|
|turn|14
|
|switch|p1a: Chesnaught|Chesnaught, M|199\/380
|move|p2a: Machamp|Knock Off|p1a: Chesnaught
|-resisted|p1a: Chesnaught
|-damage|p1a: Chesnaught|170\/380
|
|turn|15
|
|move|p2a: Machamp|Dynamic Punch|p1a: Chesnaught
|-crit|p1a: Chesnaught
|-damage|p1a: Chesnaught|0 fnt
|faint|p1a: Chesnaught
|
|
|switch|p1a: Tentacruel|Tentacruel, F|192\/364
|turn|16
|
|switch|p2a: Goodra|Goodra, M, shiny|130\/383 psn
|-damage|p2a: Goodra|83\/383 psn|[from] Stealth Rock
|move|p1a: Tentacruel|Scald|p2a: Goodra
|-resisted|p2a: Goodra
|-damage|p2a: Goodra|64\/383 psn
|
|-heal|p1a: Tentacruel|214\/364|[from] item: Black Sludge
|-damage|p2a: Goodra|17\/383 psn|[from] psn
|turn|17
|
|switch|p1a: Umbreon|Umbreon, F|320\/394 psn
|move|p2a: Goodra|Draco Meteor|p1a: Umbreon
|-damage|p1a: Umbreon|178\/394 psn
|-unboost|p2a: Goodra|spa|2
|
|-heal|p1a: Umbreon|202\/394 psn|[from] item: Leftovers
|-damage|p2a: Goodra|0 fnt|[from] psn
|-damage|p1a: Umbreon|153\/394 psn|[from] psn
|faint|p2a: Goodra
|
|switch|p2a: Machamp|Machamp, F, shiny|341\/363
|-damage|p2a: Machamp|319\/363|[from] Stealth Rock
|turn|18
|
|switch|p1a: Jellicent|Jellicent, F|150\/404 frz
|move|p2a: Machamp|Knock Off|p1a: Jellicent
|-supereffective|p1a: Jellicent
|-damage|p1a: Jellicent|0 fnt
|faint|p1a: Jellicent
|
|
|switch|p1a: Tentacruel|Tentacruel, F|214\/364
|turn|19
|
|switch|p2a: Forretress|Forretress, F, shiny|309\/353
|-damage|p2a: Forretress|265\/353|[from] Stealth Rock
|move|p1a: Tentacruel|Scald|p2a: Forretress
|-damage|p2a: Forretress|144\/353
|
|-heal|p1a: Tentacruel|236\/364|[from] item: Black Sludge
|turn|20
|
|move|p1a: Tentacruel|Scald|p2a: Forretress
|-damage|p2a: Forretress|35\/353
|move|p2a: Forretress|Rapid Spin|p1a: Tentacruel
|-damage|p1a: Tentacruel|222\/364
|-sideend|p2: Roznen|Stealth Rock|[from] move: Rapid Spin|[of] p2a: Forretress
|
|-heal|p1a: Tentacruel|244\/364|[from] item: Black Sludge
|turn|21
|
|move|p1a: Tentacruel|Toxic Spikes|p2a: Forretress
|-sidestart|p2: Roznen|move: Toxic Spikes
|move|p2a: Forretress|Volt Switch|p1a: Tentacruel
|-supereffective|p1a: Tentacruel
|-damage|p1a: Tentacruel|180\/364
|
|switch|p2a: Suicune|Suicune, shiny|403\/403
|-status|p2a: Suicune|psn
|-ability|p2a: Suicune|Pressure
|
|-heal|p1a: Tentacruel|202\/364|[from] item: Black Sludge
|-damage|p2a: Suicune|353\/403 psn|[from] psn
|turn|22
|
|switch|p1a: Umbreon|Umbreon, F|153\/394 psn
|move|p2a: Suicune|Calm Mind|p2a: Suicune
|-boost|p2a: Suicune|spa|1
|-boost|p2a: Suicune|spd|1
|
|-heal|p2a: Suicune|378\/403 psn|[from] item: Leftovers
|-heal|p1a: Umbreon|177\/394 psn|[from] item: Leftovers
|-damage|p2a: Suicune|328\/403 psn|[from] psn
|-damage|p1a: Umbreon|128\/394 psn|[from] psn
|turn|23
|
|move|p2a: Suicune|Scald|p1a: Umbreon
|-damage|p1a: Umbreon|56\/394 psn
|move|p1a: Umbreon|Heal Bell|p1a: Umbreon
|-cureteam|p1a: Umbreon|[from] move: HealBell
|
|-heal|p2a: Suicune|353\/403 psn|[from] item: Leftovers
|-heal|p1a: Umbreon|80\/394|[from] item: Leftovers
|-damage|p2a: Suicune|303\/403 psn|[from] psn
|turn|24
|
|move|p2a: Suicune|Calm Mind|p2a: Suicune
|-boost|p2a: Suicune|spa|1
|-boost|p2a: Suicune|spd|1
|move|p1a: Umbreon|Wish|p1a: Umbreon
|
|-heal|p2a: Suicune|328\/403 psn|[from] item: Leftovers
|-heal|p1a: Umbreon|104\/394|[from] item: Leftovers
|-damage|p2a: Suicune|278\/403 psn|[from] psn
|turn|25
|
|move|p1a: Umbreon|Protect|p1a: Umbreon
|-singleturn|p1a: Umbreon|Protect
|move|p2a: Suicune|Calm Mind|p2a: Suicune
|-boost|p2a: Suicune|spa|1
|-boost|p2a: Suicune|spd|1
|
|-heal|p1a: Umbreon|301\/394|[from] move: Wish|[wisher] Umbreon
|-heal|p2a: Suicune|303\/403 psn|[from] item: Leftovers
|-heal|p1a: Umbreon|325\/394|[from] item: Leftovers
|-damage|p2a: Suicune|253\/403 psn|[from] psn
|turn|26
|
|move|p2a: Suicune|Calm Mind|p2a: Suicune
|-boost|p2a: Suicune|spa|1
|-boost|p2a: Suicune|spd|1
|move|p1a: Umbreon|Wish|p1a: Umbreon
|
|-heal|p2a: Suicune|278\/403 psn|[from] item: Leftovers
|-heal|p1a: Umbreon|349\/394|[from] item: Leftovers
|-damage|p2a: Suicune|228\/403 psn|[from] psn
|turn|27
|
|switch|p1a: Xatu|Xatu, M|334\/334
|move|p2a: Suicune|Rest|p2a: Suicune
|-status|p2a: Suicune|slp
|-heal|p2a: Suicune|403\/403 slp|[silent]
|-status|p2a: Suicune|slp|[from] move: Rest
|
|turn|28
|
|move|p1a: Xatu|Haze|p1a: Xatu
|-clearallboost
|cant|p2a: Suicune|slp
|move|p2a: Suicune|Sleep Talk|p2a: Suicune
|move|p2a: Suicune|Calm Mind|p2a: Suicune|[from]Sleep Talk
|-boost|p2a: Suicune|spa|1
|-boost|p2a: Suicune|spd|1
|
|turn|29
|
|move|p1a: Xatu|Haze|p1a: Xatu
|-clearallboost
|cant|p2a: Suicune|slp
|move|p2a: Suicune|Sleep Talk|p2a: Suicune
|move|p2a: Suicune|Scald|p1a: Xatu|[from]Sleep Talk
|-damage|p1a: Xatu|262\/334
|
|-heal|p1a: Xatu|282\/334|[from] item: Leftovers
|turn|30
|
|switch|p2a: Forretress|Forretress, F, shiny|35\/353
|move|p1a: Xatu|Toxic|p2a: Forretress
|-fail|p2a: Forretress
|
|-heal|p1a: Xatu|302\/334|[from] item: Leftovers
|turn|31
|
|move|p1a: Xatu|Night Shade|p2a: Forretress
|-damage|p2a: Forretress|0 fnt
|faint|p2a: Forretress
|
|-heal|p1a: Xatu|322\/334|[from] item: Leftovers
|
|switch|p2a: Machamp|Machamp, F, shiny|319\/363
|-status|p2a: Machamp|psn
|turn|32
|
|switch|p1a: Steelix|Steelix-Mega, F|354\/354
|move|p2a: Machamp|Knock Off|p1a: Steelix
|-damage|p1a: Steelix|315\/354
|
|-damage|p2a: Machamp|274\/363 psn|[from] psn
|turn|33
|
|switch|p1a: Tentacruel|Tentacruel, F|202\/364
|move|p2a: Machamp|Dynamic Punch|p1a: Tentacruel
|-resisted|p1a: Tentacruel
|-damage|p1a: Tentacruel|113\/364
|-start|p1a: Tentacruel|confusion
|
|-heal|p1a: Tentacruel|135\/364|[from] item: Black Sludge
|-damage|p2a: Machamp|229\/363 psn|[from] psn
|turn|34
|
|-activate|p1a: Tentacruel|confusion
|move|p1a: Tentacruel|Scald|p2a: Machamp
|-crit|p2a: Machamp
|-damage|p2a: Machamp|139\/363 psn
|move|p2a: Machamp|Earthquake|p1a: Tentacruel
|-supereffective|p1a: Tentacruel
|-damage|p1a: Tentacruel|0 fnt
|faint|p1a: Tentacruel
|
|-damage|p2a: Machamp|94\/363 psn|[from] psn
|
|switch|p1a: Steelix|Steelix-Mega, F|315\/354
|turn|35
|
|move|p2a: Machamp|Dynamic Punch|p1a: Steelix
|-supereffective|p1a: Steelix
|-damage|p1a: Steelix|133\/354
|-start|p1a: Steelix|confusion
|-activate|p1a: Steelix|confusion
|move|p1a: Steelix|Stealth Rock|p2a: Machamp
|-sidestart|p2: Roznen|move: Stealth Rock
|
|-damage|p2a: Machamp|49\/363 psn|[from] psn
|turn|36
|
|move|p2a: Machamp|Dynamic Punch|p1a: Steelix
|-supereffective|p1a: Steelix
|-damage|p1a: Steelix|0 fnt
|faint|p1a: Steelix
|
|-damage|p2a: Machamp|4\/363 psn|[from] psn
|
|switch|p1a: Umbreon|Umbreon, F|349\/394
|turn|37
|
|move|p1a: Umbreon|Protect|p1a: Umbreon
|-singleturn|p1a: Umbreon|Protect
|move|p2a: Machamp|Knock Off|p1a: Umbreon
|-activate|p1a: Umbreon|Protect
|
|-heal|p1a: Umbreon|373\/394|[from] item: Leftovers
|-damage|p2a: Machamp|0 fnt|[from] psn
|faint|p2a: Machamp
|
|switch|p2a: Darmanitan|Darmanitan, M, shiny|352\/352
|-status|p2a: Darmanitan|psn
|-damage|p2a: Darmanitan|264\/352 psn|[from] Stealth Rock
|turn|38
|
|move|p2a: Darmanitan|Belly Drum|p2a: Darmanitan
|-damage|p2a: Darmanitan|88\/352 psn
|-setboost|p2a: Darmanitan|atk|6|[from] move: Belly Drum
|-enditem|p2a: Darmanitan|Sitrus Berry|[eat]
|-heal|p2a: Darmanitan|176\/352 psn|[from] item: Sitrus Berry
|move|p1a: Umbreon|Wish|p1a: Umbreon
|
|-heal|p1a: Umbreon|394\/394|[from] item: Leftovers
|-damage|p2a: Darmanitan|132\/352 psn|[from] psn
|turn|39
|
|move|p1a: Umbreon|Protect|p1a: Umbreon
|-singleturn|p1a: Umbreon|Protect
|move|p2a: Darmanitan|Flare Blitz|p1a: Umbreon
|-activate|p1a: Umbreon|Protect
|
|-damage|p2a: Darmanitan|88\/352 psn|[from] psn
|turn|40
|
|move|p2a: Darmanitan|Flare Blitz|p1a: Umbreon
|-damage|p1a: Umbreon|0 fnt
|-damage|p2a: Darmanitan|0 fnt|[from] recoil|[of] p1a: Umbreon
|faint|p1a: Umbreon
|faint|p2a: Darmanitan
|
|
|switch|p2a: Galvantula|Galvantula, M, shiny|281\/281
|switch|p1a: Xatu|Xatu, M|322\/334
|-status|p2a: Galvantula|psn
|-damage|p2a: Galvantula|211\/281 psn|[from] Stealth Rock
|turn|41
|
|move|p2a: Galvantula|Bug Buzz|p1a: Xatu
|-damage|p1a: Xatu|210\/334
|move|p1a: Xatu|Roost|p1a: Xatu
|-heal|p1a: Xatu|334\/334
|
|-damage|p2a: Galvantula|176\/281 psn|[from] psn
|turn|42
|
|move|p2a: Galvantula|Volt Switch|p1a: Xatu
|-crit|p1a: Xatu
|-supereffective|p1a: Xatu
|-damage|p1a: Xatu|56\/334
|
|switch|p2a: Suicune|Suicune, shiny|403\/403 slp
|-damage|p2a: Suicune|353\/403 slp|[from] Stealth Rock
|-ability|p2a: Suicune|Pressure
|move|p1a: Xatu|Night Shade|p2a: Suicune
|-damage|p2a: Suicune|253\/403 slp
|
|-heal|p1a: Xatu|76\/334|[from] item: Leftovers
|-heal|p2a: Suicune|278\/403 slp|[from] item: Leftovers
|turn|43
|
|move|p1a: Xatu|Roost|p1a: Xatu
|-heal|p1a: Xatu|243\/334
|-curestatus|p2a: Suicune|slp
|move|p2a: Suicune|Scald|p1a: Xatu
|-damage|p1a: Xatu|167\/334
|
|-heal|p1a: Xatu|187\/334|[from] item: Leftovers
|-heal|p2a: Suicune|303\/403|[from] item: Leftovers
|turn|44
|
|move|p1a: Xatu|Toxic|p2a: Suicune|[miss]
|-miss|p1a: Xatu|p2a: Suicune
|move|p2a: Suicune|Scald|p1a: Xatu
|-damage|p1a: Xatu|115\/334
|
|-heal|p1a: Xatu|135\/334|[from] item: Leftovers
|-heal|p2a: Suicune|328\/403|[from] item: Leftovers
|turn|45
|
|move|p1a: Xatu|Toxic|p2a: Suicune
|-status|p2a: Suicune|tox
|move|p2a: Suicune|Scald|p1a: Xatu
|-damage|p1a: Xatu|51\/334
|
|-heal|p1a: Xatu|71\/334|[from] item: Leftovers
|-heal|p2a: Suicune|353\/403 tox|[from] item: Leftovers
|-damage|p2a: Suicune|328\/403 tox|[from] psn
|turn|46
|
|move|p1a: Xatu|Roost|p1a: Xatu
|-heal|p1a: Xatu|238\/334
|move|p2a: Suicune|Scald|p1a: Xatu
|-damage|p1a: Xatu|159\/334
|
|-heal|p1a: Xatu|179\/334|[from] item: Leftovers
|-heal|p2a: Suicune|353\/403 tox|[from] item: Leftovers
|-damage|p2a: Suicune|303\/403 tox|[from] psn
|turn|47
|
|move|p1a: Xatu|Night Shade|p2a: Suicune
|-damage|p2a: Suicune|203\/403 tox
|move|p2a: Suicune|Scald|p1a: Xatu
|-damage|p1a: Xatu|101\/334
|
|-heal|p1a: Xatu|121\/334|[from] item: Leftovers
|-heal|p2a: Suicune|228\/403 tox|[from] item: Leftovers
|-damage|p2a: Suicune|153\/403 tox|[from] psn
|turn|48
|
|move|p1a: Xatu|Haze|p1a: Xatu
|-clearallboost
|move|p2a: Suicune|Rest|p2a: Suicune
|-status|p2a: Suicune|slp
|-heal|p2a: Suicune|403\/403 slp|[silent]
|-status|p2a: Suicune|slp|[from] move: Rest
|
|-heal|p1a: Xatu|141\/334|[from] item: Leftovers
|turn|49
|
|move|p1a: Xatu|Haze|p1a: Xatu
|-clearallboost
|cant|p2a: Suicune|slp
|move|p2a: Suicune|Sleep Talk|p2a: Suicune
|move|p2a: Suicune|Calm Mind|p2a: Suicune|[from]Sleep Talk
|-boost|p2a: Suicune|spa|1
|-boost|p2a: Suicune|spd|1
|
|-heal|p1a: Xatu|161\/334|[from] item: Leftovers
|turn|50
|
|move|p1a: Xatu|Haze|p1a: Xatu
|-clearallboost
|cant|p2a: Suicune|slp
|move|p2a: Suicune|Sleep Talk|p2a: Suicune
|move|p2a: Suicune|Rest|p2a: Suicune|[from]Sleep Talk
|-fail|p2a: Suicune
|
|-heal|p1a: Xatu|181\/334|[from] item: Leftovers
|turn|51
|
|move|p1a: Xatu|Night Shade|p2a: Suicune
|-damage|p2a: Suicune|303\/403 slp
|-curestatus|p2a: Suicune|slp
|move|p2a: Suicune|Scald|p1a: Xatu
|-damage|p1a: Xatu|97\/334
|
|-heal|p1a: Xatu|117\/334|[from] item: Leftovers
|-heal|p2a: Suicune|328\/403|[from] item: Leftovers
|turn|52
|
|move|p1a: Xatu|Roost|p1a: Xatu
|-heal|p1a: Xatu|284\/334
|move|p2a: Suicune|Calm Mind|p2a: Suicune
|-boost|p2a: Suicune|spa|1
|-boost|p2a: Suicune|spd|1
|
|-heal|p1a: Xatu|304\/334|[from] item: Leftovers
|-heal|p2a: Suicune|353\/403|[from] item: Leftovers
|turn|53
|
|move|p1a: Xatu|Haze|p1a: Xatu
|-clearallboost
|move|p2a: Suicune|Scald|p1a: Xatu
|-damage|p1a: Xatu|228\/334
|
|-heal|p1a: Xatu|248\/334|[from] item: Leftovers
|-heal|p2a: Suicune|378\/403|[from] item: Leftovers
|turn|54
|
|move|p1a: Xatu|Toxic|p2a: Suicune
|-status|p2a: Suicune|tox
|move|p2a: Suicune|Rest|p2a: Suicune
|-status|p2a: Suicune|slp
|-heal|p2a: Suicune|403\/403 slp|[silent]
|-status|p2a: Suicune|slp|[from] move: Rest
|
|-heal|p1a: Xatu|268\/334|[from] item: Leftovers
|turn|55
|
|move|p1a: Xatu|Haze|p1a: Xatu
|-clearallboost
|cant|p2a: Suicune|slp
|
|-heal|p1a: Xatu|288\/334|[from] item: Leftovers
|turn|56
|
|move|p1a: Xatu|Haze|p1a: Xatu
|-clearallboost
|cant|p2a: Suicune|slp
|
|-heal|p1a: Xatu|308\/334|[from] item: Leftovers
|turn|57
|
|move|p1a: Xatu|Haze|p1a: Xatu
|-clearallboost
|-curestatus|p2a: Suicune|slp
|move|p2a: Suicune|Calm Mind|p2a: Suicune
|-boost|p2a: Suicune|spa|1
|-boost|p2a: Suicune|spd|1
|
|-heal|p1a: Xatu|328\/334|[from] item: Leftovers
|turn|58
|
|move|p1a: Xatu|Haze|p1a: Xatu
|-clearallboost
|move|p2a: Suicune|Calm Mind|p2a: Suicune
|-boost|p2a: Suicune|spa|1
|-boost|p2a: Suicune|spd|1
|
|-heal|p1a: Xatu|334\/334|[from] item: Leftovers
|turn|59
|
|move|p1a: Xatu|Toxic|p2a: Suicune
|-status|p2a: Suicune|tox
|move|p2a: Suicune|Calm Mind|p2a: Suicune
|-boost|p2a: Suicune|spa|1
|-boost|p2a: Suicune|spd|1
|
|-damage|p2a: Suicune|378\/403 tox|[from] psn
|turn|60
|
|move|p1a: Xatu|Haze|p1a: Xatu
|-clearallboost
|move|p2a: Suicune|Calm Mind|p2a: Suicune
|-boost|p2a: Suicune|spa|1
|-boost|p2a: Suicune|spd|1
|
|-heal|p2a: Suicune|403\/403 tox|[from] item: Leftovers
|-damage|p2a: Suicune|353\/403 tox|[from] psn
|turn|61
|
|move|p1a: Xatu|Haze|p1a: Xatu
|-clearallboost
|move|p2a: Suicune|Calm Mind|p2a: Suicune
|-boost|p2a: Suicune|spa|1
|-boost|p2a: Suicune|spd|1
|
|-heal|p2a: Suicune|378\/403 tox|[from] item: Leftovers
|-damage|p2a: Suicune|303\/403 tox|[from] psn
|turn|62
|
|move|p1a: Xatu|Haze|p1a: Xatu
|-clearallboost
|move|p2a: Suicune|Scald|p1a: Xatu
|-damage|p1a: Xatu|258\/334
|
|-heal|p1a: Xatu|278\/334|[from] item: Leftovers
|-heal|p2a: Suicune|328\/403 tox|[from] item: Leftovers
|-damage|p2a: Suicune|228\/403 tox|[from] psn
|turn|63
|
|move|p1a: Xatu|Haze|p1a: Xatu
|-clearallboost
|move|p2a: Suicune|Rest|p2a: Suicune
|-status|p2a: Suicune|slp
|-heal|p2a: Suicune|403\/403 slp|[silent]
|-status|p2a: Suicune|slp|[from] move: Rest
|
|-heal|p1a: Xatu|298\/334|[from] item: Leftovers
|turn|64
|
|move|p1a: Xatu|Haze|p1a: Xatu
|-clearallboost
|cant|p2a: Suicune|slp
|
|-heal|p1a: Xatu|318\/334|[from] item: Leftovers
|turn|65
|
|move|p1a: Xatu|Haze|p1a: Xatu
|-clearallboost
|cant|p2a: Suicune|slp
|
|-heal|p1a: Xatu|334\/334|[from] item: Leftovers
|turn|66
|
|move|p1a: Xatu|Night Shade|p2a: Suicune
|-damage|p2a: Suicune|303\/403 slp
|-curestatus|p2a: Suicune|slp
|move|p2a: Suicune|Scald|p1a: Xatu
|-damage|p1a: Xatu|250\/334
|-status|p1a: Xatu|brn
|
|-heal|p1a: Xatu|270\/334 brn|[from] item: Leftovers
|-heal|p2a: Suicune|328\/403|[from] item: Leftovers
|-damage|p1a: Xatu|229\/334 brn|[from] brn
|turn|67
|
|move|p1a: Xatu|Toxic|p2a: Suicune
|-status|p2a: Suicune|tox
|move|p2a: Suicune|Calm Mind|p2a: Suicune
|-boost|p2a: Suicune|spa|1
|-boost|p2a: Suicune|spd|1
|
|-heal|p1a: Xatu|249\/334 brn|[from] item: Leftovers
|-heal|p2a: Suicune|353\/403 tox|[from] item: Leftovers
|-damage|p1a: Xatu|208\/334 brn|[from] brn
|-damage|p2a: Suicune|328\/403 tox|[from] psn
|turn|68
|
|switch|p2a: Galvantula|Galvantula, M, shiny|176\/281 psn
|-damage|p2a: Galvantula|106\/281 psn|[from] Stealth Rock
|move|p1a: Xatu|Haze|p1a: Xatu
|-clearallboost
|
|-heal|p1a: Xatu|228\/334 brn|[from] item: Leftovers
|-damage|p2a: Galvantula|71\/281 psn|[from] psn
|-damage|p1a: Xatu|187\/334 brn|[from] brn
|turn|69
|
|move|p2a: Galvantula|Volt Switch|p1a: Xatu
|-supereffective|p1a: Xatu
|-damage|p1a: Xatu|1\/334 brn
|c|âRoznen|lol
|
|switch|p2a: Suicune|Suicune, shiny|328\/403 tox
|-damage|p2a: Suicune|278\/403 tox|[from] Stealth Rock
|-ability|p2a: Suicune|Pressure
|move|p1a: Xatu|Roost|p1a: Xatu
|-heal|p1a: Xatu|168\/334 brn
|
|-heal|p1a: Xatu|188\/334 brn|[from] item: Leftovers
|-heal|p2a: Suicune|303\/403 tox|[from] item: Leftovers
|-damage|p1a: Xatu|147\/334 brn|[from] brn
|-damage|p2a: Suicune|278\/403 tox|[from] psn
|turn|70
|c|âlapraz|lol
|
|move|p1a: Xatu|Roost|p1a: Xatu
|-heal|p1a: Xatu|314\/334 brn
|move|p2a: Suicune|Scald|p1a: Xatu
|-damage|p1a: Xatu|235\/334 brn
|
|-heal|p1a: Xatu|255\/334 brn|[from] item: Leftovers
|-heal|p2a: Suicune|303\/403 tox|[from] item: Leftovers
|-damage|p1a: Xatu|214\/334 brn|[from] brn
|-damage|p2a: Suicune|253\/403 tox|[from] psn
|turn|71
|
|move|p1a: Xatu|Night Shade|p2a: Suicune
|-damage|p2a: Suicune|153\/403 tox
|move|p2a: Suicune|Rest|p2a: Suicune
|-status|p2a: Suicune|slp
|-heal|p2a: Suicune|403\/403 slp|[silent]
|-status|p2a: Suicune|slp|[from] move: Rest
|
|-heal|p1a: Xatu|234\/334 brn|[from] item: Leftovers
|-damage|p1a: Xatu|193\/334 brn|[from] brn
|turn|72
|
|move|p1a: Xatu|Night Shade|p2a: Suicune
|-damage|p2a: Suicune|303\/403 slp
|cant|p2a: Suicune|slp
|
|-heal|p1a: Xatu|213\/334 brn|[from] item: Leftovers
|-heal|p2a: Suicune|328\/403 slp|[from] item: Leftovers
|-damage|p1a: Xatu|172\/334 brn|[from] brn
|turn|73
|
|move|p1a: Xatu|Night Shade|p2a: Suicune
|-damage|p2a: Suicune|228\/403 slp
|cant|p2a: Suicune|slp
|
|-heal|p1a: Xatu|192\/334 brn|[from] item: Leftovers
|-heal|p2a: Suicune|253\/403 slp|[from] item: Leftovers
|-damage|p1a: Xatu|151\/334 brn|[from] brn
|turn|74
|
|move|p1a: Xatu|Roost|p1a: Xatu
|-heal|p1a: Xatu|318\/334 brn
|-curestatus|p2a: Suicune|slp
|move|p2a: Suicune|Scald|p1a: Xatu
|-damage|p1a: Xatu|237\/334 brn
|
|-heal|p1a: Xatu|257\/334 brn|[from] item: Leftovers
|-heal|p2a: Suicune|278\/403|[from] item: Leftovers
|-damage|p1a: Xatu|216\/334 brn|[from] brn
|turn|75
|
|move|p1a: Xatu|Toxic|p2a: Suicune
|-status|p2a: Suicune|tox
|move|p2a: Suicune|Calm Mind|p2a: Suicune
|-boost|p2a: Suicune|spa|1
|-boost|p2a: Suicune|spd|1
|
|-heal|p1a: Xatu|236\/334 brn|[from] item: Leftovers
|-heal|p2a: Suicune|303\/403 tox|[from] item: Leftovers
|-damage|p1a: Xatu|195\/334 brn|[from] brn
|-damage|p2a: Suicune|278\/403 tox|[from] psn
|turn|76
|
|move|p1a: Xatu|Haze|p1a: Xatu
|-clearallboost
|move|p2a: Suicune|Scald|p1a: Xatu
|-damage|p1a: Xatu|113\/334 brn
|
|-heal|p1a: Xatu|133\/334 brn|[from] item: Leftovers
|-heal|p2a: Suicune|303\/403 tox|[from] item: Leftovers
|-damage|p1a: Xatu|92\/334 brn|[from] brn
|-damage|p2a: Suicune|253\/403 tox|[from] psn
|turn|77
|
|move|p1a: Xatu|Roost|p1a: Xatu
|-heal|p1a: Xatu|259\/334 brn
|move|p2a: Suicune|Calm Mind|p2a: Suicune
|-boost|p2a: Suicune|spa|1
|-boost|p2a: Suicune|spd|1
|
|-heal|p1a: Xatu|279\/334 brn|[from] item: Leftovers
|-heal|p2a: Suicune|278\/403 tox|[from] item: Leftovers
|-damage|p1a: Xatu|238\/334 brn|[from] brn
|-damage|p2a: Suicune|203\/403 tox|[from] psn
|turn|78
|
|move|p1a: Xatu|Haze|p1a: Xatu
|-clearallboost
|move|p2a: Suicune|Rest|p2a: Suicune
|-status|p2a: Suicune|slp
|-heal|p2a: Suicune|403\/403 slp|[silent]
|-status|p2a: Suicune|slp|[from] move: Rest
|
|-heal|p1a: Xatu|258\/334 brn|[from] item: Leftovers
|-damage|p1a: Xatu|217\/334 brn|[from] brn
|turn|79
|
|move|p1a: Xatu|Night Shade|p2a: Suicune
|-damage|p2a: Suicune|303\/403 slp
|cant|p2a: Suicune|slp
|
|-heal|p1a: Xatu|237\/334 brn|[from] item: Leftovers
|-heal|p2a: Suicune|328\/403 slp|[from] item: Leftovers
|-damage|p1a: Xatu|196\/334 brn|[from] brn
|turn|80
|c|âlapraz|ok i can't win this
|c|âlapraz|gg
|c|âRoznen|thanks lol gg
|-message|lapraz forfeited.
|leave|lapraz
|
|win|Roznen
|raw|Ladder updating...
|player|p1
|raw|lapraz's rating: 1549 &rarr; <strong>1516<\/strong><br \/>(-33 for losing)
|raw|Roznen's rating: 1303 &rarr; <strong>1335<\/strong><br \/>(+32 for winning)