|join|lapraz
|join|Bob the Wut
|player|p1|lapraz|157
|player|p2|Bob the Wut|23
|gametype|singles
|gen|6
|tier|UU
|rated
|rule|Sleep Clause Mod: Limit one foe put to sleep
|rule|Species Clause: Limit one of each PokÃ©mon
|rule|OHKO Clause: OHKO moves are banned
|rule|Moody Clause: Moody is banned
|rule|Evasion Moves Clause: Evasion moves are banned
|rule|Endless Battle Clause: Forcing endless battles is banned
|rule|HP Percentage Mod: HP is shown in percentages
|clearpoke
|poke|p1|Weezing, M
|poke|p1|Forretress, M
|poke|p1|Suicune
|poke|p1|Celebi
|poke|p1|Blissey, F
|poke|p1|Spiritomb, F
|poke|p2|Jirachi
|poke|p2|Suicune
|poke|p2|Lucario, F
|poke|p2|Swampert, M
|poke|p2|Crobat, F
|poke|p2|Machamp, F
|rule|Swagger Clause: Swagger is banned
|rule|Baton Pass Clause: Limit one PokÃ©mon knowing Baton Pass
|teampreview
|join|waiv
|c| waiv|fkn
|
|start
|switch|p1a: Nardis|Weezing, M|333\/333
|switch|p2a: Machamp|Machamp, F|321\/321
|turn|1
|c| waiv|bop dis nigga
|c| waiv|lapraz bop bob pls
|c|âBob the Wut|:]
|c| waiv|bob bop lapraz pls
|c|âlapraz|(:
|
|move|p2a: Machamp|Knock Off|p1a: Nardis
|-damage|p1a: Nardis|202\/333
|-enditem|p1a: Nardis|Black Sludge|[from] move: Knock Off|[of] p2a: Machamp
|move|p1a: Nardis|Toxic Spikes|p2a: Machamp
|-sidestart|p2: Bob the Wut|move: Toxic Spikes
|
|turn|2
|
|switch|p2a: Suicune|Suicune|401\/401
|-status|p2a: Suicune|psn
|-ability|p2a: Suicune|Pressure
|move|p1a: Nardis|Pain Split|p2a: Suicune
|-sethp|p2a: Suicune|301\/401 psn|p1a: Nardis|301\/333|[from] move: Pain Split
|
|-heal|p2a: Suicune|326\/401 psn|[from] item: Leftovers
|-damage|p2a: Suicune|276\/401 psn|[from] psn
|turn|3
|c| waiv|lapraz
|
|switch|p2a: Jirachi|Jirachi|341\/341
|switch|p1a: Lush Life|Celebi|403\/403
|
|turn|4
|
|switch|p1a: Body and Soul|Forretress, M|354\/354
|move|p2a: Jirachi|Trick|p1a: Body and Soul
|-activate|p2a: Jirachi|move: Trick|[of] p1a: Body and Soul
|-item|p1a: Body and Soul|Choice Scarf|[from] move: Trick
|-item|p2a: Jirachi|Leftovers|[from] move: Trick
|
|turn|5
|c| waiv|lose pls
|c|âlapraz|?
|c| waiv|LOL
|c|âlapraz|):
|
|move|p2a: Jirachi|U-turn|p1a: Body and Soul
|-resisted|p1a: Body and Soul
|-damage|p1a: Body and Soul|335\/354
|c| waiv|he CT'd u harder than a motherfuka
|
|switch|p2a: Lucario|Lucario, F|281\/281
|move|p1a: Body and Soul|Spikes|p2a: Lucario
|-sidestart|p2: Bob the Wut|Spikes
|
|turn|6
|c| waiv|it's ogre
|c| waiv|the lucario is here ~_~
|
|switch|p1a: Blue in Green|Suicune|404\/404
|-ability|p1a: Blue in Green|Pressure
|move|p2a: Lucario|Nasty Plot|p2a: Lucario
|-boost|p2a: Lucario|spa|2
|
|turn|7
|
|move|p2a: Lucario|Aura Sphere|p1a: Blue in Green
|-damage|p1a: Blue in Green|104\/404
|-damage|p2a: Lucario|253\/281|[from] item: Life Orb
|move|p1a: Blue in Green|Scald|p2a: Lucario
|-damage|p2a: Lucario|139\/281
|-status|p2a: Lucario|brn
|
|-heal|p1a: Blue in Green|129\/404|[from] item: Leftovers
|-damage|p2a: Lucario|104\/281 brn|[from] brn
|turn|8
|c| waiv|o
|c| waiv|nice n burned
|c| waiv|~_~
|c|âBob the Wut|fk me
|
|switch|p1a: Bitches Brew|Spiritomb, F|304\/304
|move|p2a: Lucario|Flash Cannon|p1a: Bitches Brew
|-damage|p1a: Bitches Brew|61\/304
|-damage|p2a: Lucario|76\/281 brn|[from] item: Life Orb
|
|-heal|p1a: Bitches Brew|80\/304|[from] item: Leftovers
|-damage|p2a: Lucario|41\/281 brn|[from] brn
|turn|9
|c| waiv|healing wish rachi y\/y
|
|switch|p2a: Crobat|Crobat, F|325\/325
|switch|p1a: My Foolish Heart|Blissey, F|657\/657
|
|turn|10
|
|move|p2a: Crobat|Defog|p1a: My Foolish Heart
|-unboost|p1a: My Foolish Heart|evasion|1
|-sideend|p2: Bob the Wut|Spikes|[from] move: Defog|[of] p2a: Crobat
|-sideend|p2: Bob the Wut|Toxic Spikes|[from] move: Defog|[of] p2a: Crobat
|move|p1a: My Foolish Heart|Wish|p1a: My Foolish Heart
|
|turn|11
|
|switch|p1a: Blue in Green|Suicune|129\/404
|-ability|p1a: Blue in Green|Pressure
|move|p2a: Crobat|Brave Bird|p1a: Blue in Green
|-damage|p1a: Blue in Green|27\/404
|-damage|p2a: Crobat|291\/325|[from] recoil|[of] p1a: Blue in Green
|
|-heal|p1a: Blue in Green|355\/404|[from] move: Wish|[wisher] My Foolish Heart
|-heal|p2a: Crobat|311\/325|[from] item: Black Sludge
|-heal|p1a: Blue in Green|380\/404|[from] item: Leftovers
|turn|12
|
|switch|p2a: Suicune|Suicune|276\/401 psn
|-ability|p2a: Suicune|Pressure
|move|p1a: Blue in Green|Scald|p2a: Suicune
|-resisted|p2a: Suicune
|-damage|p2a: Suicune|237\/401 psn
|
|-heal|p2a: Suicune|262\/401 psn|[from] item: Leftovers
|-heal|p1a: Blue in Green|404\/404|[from] item: Leftovers
|-damage|p2a: Suicune|212\/401 psn|[from] psn
|turn|13
|
|switch|p2a: Jirachi|Jirachi|341\/341
|switch|p1a: Lush Life|Celebi|403\/403
|
|turn|14
|c| waiv|healing wish y\/y
|
|switch|p1a: Nardis|Weezing, M|301\/333
|move|p2a: Jirachi|Healing Wish|p2a: Jirachi
|faint|p2a: Jirachi
|
|
|switch|p2a: Lucario|Lucario, F|41\/281 brn
|-heal|p2a: Lucario|281\/281|[from] move: Healing Wish
|turn|15
|
|switch|p2a: Swampert|Swampert, M|404\/404
|move|p1a: Nardis|Fire Blast|p2a: Swampert|[miss]
|-miss|p1a: Nardis|p2a: Swampert
|
|turn|16
|
|move|p1a: Nardis|Will-O-Wisp|p2a: Swampert
|-status|p2a: Swampert|brn
|move|p2a: Swampert|Stealth Rock|p1a: Nardis
|-sidestart|p1: lapraz|move: Stealth Rock
|
|-damage|p2a: Swampert|354\/404 brn|[from] brn
|turn|17
|
|switch|p1a: Lush Life|Celebi|403\/403
|-damage|p1a: Lush Life|353\/403|[from] Stealth Rock
|switch|p2a: Machamp|Machamp, F|321\/321
|
|-heal|p1a: Lush Life|378\/403|[from] item: Leftovers
|turn|18
|c| waiv|lapraz how do you beat sub toxic rachi
|c|âlapraz|roar
|c| waiv|o
|c| waiv|assuming you dun just die 2 flinch lol
|c| waiv|wpwpwp
|
|switch|p1a: Nardis|Weezing, M|301\/333
|-damage|p1a: Nardis|260\/333|[from] Stealth Rock
|move|p2a: Machamp|Close Combat|p1a: Nardis
|-resisted|p1a: Nardis
|-damage|p1a: Nardis|152\/333
|-unboost|p2a: Machamp|def|1
|-unboost|p2a: Machamp|spd|1
|
|turn|19
|
|switch|p2a: Suicune|Suicune|212\/401 psn
|-ability|p2a: Suicune|Pressure
|move|p1a: Nardis|Toxic Spikes|p2a: Suicune
|-sidestart|p2: Bob the Wut|move: Toxic Spikes
|
|-heal|p2a: Suicune|237\/401 psn|[from] item: Leftovers
|-damage|p2a: Suicune|187\/401 psn|[from] psn
|turn|20
|
|switch|p2a: Machamp|Machamp, F|321\/321
|-status|p2a: Machamp|psn
|switch|p1a: My Foolish Heart|Blissey, F|657\/657
|-damage|p1a: My Foolish Heart|575\/657|[from] Stealth Rock
|
|-heal|p1a: My Foolish Heart|616\/657|[from] item: Leftovers
|-damage|p2a: Machamp|281\/321 psn|[from] psn
|turn|21
|join|not watfor
|
|switch|p2a: Lucario|Lucario, F|281\/281
|move|p1a: My Foolish Heart|Protect|p1a: My Foolish Heart
|-fail|p1a: My Foolish Heart
|
|-heal|p1a: My Foolish Heart|657\/657|[from] item: Leftovers
|turn|22
|
|switch|p2a: Crobat|Crobat, F|311\/325
|move|p1a: My Foolish Heart|Seismic Toss|p2a: Crobat
|-damage|p2a: Crobat|211\/325
|
|-heal|p2a: Crobat|231\/325|[from] item: Black Sludge
|turn|23
|
|switch|p2a: Machamp|Machamp, F|281\/321 psn
|switch|p1a: Body and Soul|Forretress, M|335\/354
|-damage|p1a: Body and Soul|291\/354|[from] Stealth Rock
|
|-damage|p2a: Machamp|241\/321 psn|[from] psn
|turn|24
|
|switch|p1a: Bitches Brew|Spiritomb, F|80\/304
|-damage|p1a: Bitches Brew|42\/304|[from] Stealth Rock
|move|p2a: Machamp|Knock Off|p1a: Bitches Brew
|-crit|p1a: Bitches Brew
|-damage|p1a: Bitches Brew|0 fnt
|-enditem|p1a: Bitches Brew|Leftovers|[from] move: Knock Off|[of] p2a: Machamp
|faint|p1a: Bitches Brew
|
|-damage|p2a: Machamp|201\/321 psn|[from] psn
|
|switch|p1a: Body and Soul|Forretress, M|291\/354
|-damage|p1a: Body and Soul|247\/354|[from] Stealth Rock
|turn|25
|
|switch|p2a: Lucario|Lucario, F|281\/281
|move|p1a: Body and Soul|Rapid Spin|p2a: Lucario
|-resisted|p2a: Lucario
|-damage|p2a: Lucario|272\/281
|-sideend|p1: lapraz|Stealth Rock|[from] move: Rapid Spin|[of] p1a: Body and Soul
|
|turn|26
|
|switch|p1a: My Foolish Heart|Blissey, F|657\/657
|move|p2a: Lucario|Nasty Plot|p2a: Lucario
|-boost|p2a: Lucario|spa|2
|
|turn|27
|
|move|p2a: Lucario|Aura Sphere|p1a: My Foolish Heart
|-supereffective|p1a: My Foolish Heart
|-damage|p1a: My Foolish Heart|205\/657
|-damage|p2a: Lucario|244\/281|[from] item: Life Orb
|move|p1a: My Foolish Heart|Seismic Toss|p2a: Lucario
|-damage|p2a: Lucario|144\/281
|
|-heal|p1a: My Foolish Heart|246\/657|[from] item: Leftovers
|turn|28
|c| not watfor|bob are you winning
|c|âBob the Wut|idk
|
|switch|p1a: Lush Life|Celebi|378\/403
|move|p2a: Lucario|Aura Sphere|p1a: Lush Life
|-resisted|p1a: Lush Life
|-damage|p1a: Lush Life|252\/403
|-damage|p2a: Lucario|116\/281|[from] item: Life Orb
|
|-heal|p1a: Lush Life|277\/403|[from] item: Leftovers
|turn|29
|c| not watfor|np again on his perish song
|
|move|p2a: Lucario|Flash Cannon|p1a: Lush Life
|-damage|p1a: Lush Life|12\/403
|-damage|p2a: Lucario|88\/281|[from] item: Life Orb
|move|p1a: Lush Life|Psychic|p2a: Lucario
|-damage|p2a: Lucario|0 fnt
|faint|p2a: Lucario
|
|-heal|p1a: Lush Life|37\/403|[from] item: Leftovers
|
|switch|p2a: Machamp|Machamp, F|201\/321 psn
|turn|30
|
|switch|p1a: Nardis|Weezing, M|152\/333
|move|p2a: Machamp|Close Combat|p1a: Nardis
|-resisted|p1a: Nardis
|-damage|p1a: Nardis|0 fnt
|-unboost|p2a: Machamp|def|1
|-unboost|p2a: Machamp|spd|1
|faint|p1a: Nardis
|
|-damage|p2a: Machamp|161\/321 psn|[from] psn
|c| not watfor|"resist"
|
|switch|p1a: Body and Soul|Forretress, M|247\/354
|turn|31
|
|move|p2a: Machamp|Close Combat|p1a: Body and Soul
|-damage|p1a: Body and Soul|0 fnt
|-unboost|p2a: Machamp|def|1
|-unboost|p2a: Machamp|spd|1
|faint|p1a: Body and Soul
|
|-damage|p2a: Machamp|121\/321 psn|[from] psn
|c| waiv|fkn bop
|
|switch|p1a: Blue in Green|Suicune|404\/404
|-ability|p1a: Blue in Green|Pressure
|turn|32
|
|switch|p2a: Swampert|Swampert, M|354\/404 brn
|move|p1a: Blue in Green|Scald|p2a: Swampert
|-damage|p2a: Swampert|260\/404 brn
|
|-heal|p2a: Swampert|285\/404 brn|[from] item: Leftovers
|-damage|p2a: Swampert|235\/404 brn|[from] brn
|turn|33
|
|switch|p1a: Lush Life|Celebi|37\/403
|move|p2a: Swampert|Stealth Rock|p1a: Lush Life
|-sidestart|p1: lapraz|move: Stealth Rock
|
|-heal|p1a: Lush Life|62\/403|[from] item: Leftovers
|-heal|p2a: Swampert|260\/404 brn|[from] item: Leftovers
|-damage|p2a: Swampert|210\/404 brn|[from] brn
|turn|34
|
|switch|p2a: Crobat|Crobat, F|231\/325
|move|p1a: Lush Life|Recover|p1a: Lush Life
|-heal|p1a: Lush Life|264\/403
|
|-heal|p2a: Crobat|251\/325|[from] item: Black Sludge
|-heal|p1a: Lush Life|289\/403|[from] item: Leftovers
|turn|35
|
|switch|p1a: Blue in Green|Suicune|404\/404
|-damage|p1a: Blue in Green|354\/404|[from] Stealth Rock
|-ability|p1a: Blue in Green|Pressure
|move|p2a: Crobat|Brave Bird|p1a: Blue in Green
|-damage|p1a: Blue in Green|239\/404
|-damage|p2a: Crobat|213\/325|[from] recoil|[of] p1a: Blue in Green
|
|-heal|p2a: Crobat|233\/325|[from] item: Black Sludge
|-heal|p1a: Blue in Green|264\/404|[from] item: Leftovers
|turn|36
|
|move|p2a: Crobat|Brave Bird|p1a: Blue in Green
|-damage|p1a: Blue in Green|164\/404
|-damage|p2a: Crobat|200\/325|[from] recoil|[of] p1a: Blue in Green
|move|p1a: Blue in Green|Scald|p2a: Crobat
|-damage|p2a: Crobat|103\/325
|
|-heal|p2a: Crobat|123\/325|[from] item: Black Sludge
|-heal|p1a: Blue in Green|189\/404|[from] item: Leftovers
|turn|37
|
|move|p2a: Crobat|Roost|p2a: Crobat
|-heal|p2a: Crobat|286\/325
|move|p1a: Blue in Green|Scald|p2a: Crobat
|-damage|p2a: Crobat|187\/325
|
|-heal|p2a: Crobat|207\/325|[from] item: Black Sludge
|-heal|p1a: Blue in Green|214\/404|[from] item: Leftovers
|turn|38
|
|move|p2a: Crobat|Brave Bird|p1a: Blue in Green
|-damage|p1a: Blue in Green|108\/404
|-damage|p2a: Crobat|172\/325|[from] recoil|[of] p1a: Blue in Green
|move|p1a: Blue in Green|Scald|p2a: Crobat
|-damage|p2a: Crobat|73\/325
|-status|p2a: Crobat|brn
|
|-heal|p2a: Crobat|93\/325 brn|[from] item: Black Sludge
|-heal|p1a: Blue in Green|133\/404|[from] item: Leftovers
|-damage|p2a: Crobat|53\/325 brn|[from] brn
|turn|39
|
|move|p2a: Crobat|Brave Bird|p1a: Blue in Green
|-damage|p1a: Blue in Green|76\/404
|-damage|p2a: Crobat|34\/325 brn|[from] recoil|[of] p1a: Blue in Green
|move|p1a: Blue in Green|Rest|p1a: Blue in Green
|-status|p1a: Blue in Green|slp
|-heal|p1a: Blue in Green|404\/404 slp|[silent]
|-status|p1a: Blue in Green|slp|[from] move: Rest
|
|-heal|p2a: Crobat|54\/325 brn|[from] item: Black Sludge
|-damage|p2a: Crobat|14\/325 brn|[from] brn
|turn|40
|
|switch|p1a: Lush Life|Celebi|289\/403
|-damage|p1a: Lush Life|239\/403|[from] Stealth Rock
|move|p2a: Crobat|Brave Bird|p1a: Lush Life
|-supereffective|p1a: Lush Life
|-damage|p1a: Lush Life|63\/403
|-damage|p2a: Crobat|0 fnt|[from] recoil|[of] p1a: Lush Life
|faint|p2a: Crobat
|
|-heal|p1a: Lush Life|88\/403|[from] item: Leftovers
|
|switch|p2a: Suicune|Suicune|187\/401 psn
|-ability|p2a: Suicune|Pressure
|turn|41
|
|move|p1a: Lush Life|Recover|p1a: Lush Life
|-heal|p1a: Lush Life|290\/403
|move|p2a: Suicune|Rest|p2a: Suicune
|-status|p2a: Suicune|slp
|-heal|p2a: Suicune|401\/401 slp|[silent]
|-status|p2a: Suicune|slp|[from] move: Rest
|
|-heal|p1a: Lush Life|315\/403|[from] item: Leftovers
|turn|42
|
|switch|p1a: My Foolish Heart|Blissey, F|246\/657
|-damage|p1a: My Foolish Heart|164\/657|[from] Stealth Rock
|cant|p2a: Suicune|slp
|move|p2a: Suicune|Sleep Talk|p2a: Suicune
|move|p2a: Suicune|Scald|p1a: My Foolish Heart|[from]Sleep Talk
|-damage|p1a: My Foolish Heart|103\/657
|-status|p1a: My Foolish Heart|brn
|
|-heal|p1a: My Foolish Heart|144\/657 brn|[from] item: Leftovers
|-damage|p1a: My Foolish Heart|62\/657 brn|[from] brn
|turn|43
|c| waiv|big
|
|cant|p2a: Suicune|slp
|move|p2a: Suicune|Sleep Talk|p2a: Suicune
|move|p2a: Suicune|Calm Mind|p2a: Suicune|[from]Sleep Talk
|-boost|p2a: Suicune|spa|1
|-boost|p2a: Suicune|spd|1
|move|p1a: My Foolish Heart|Wish|p1a: My Foolish Heart
|
|-heal|p1a: My Foolish Heart|103\/657 brn|[from] item: Leftovers
|-damage|p1a: My Foolish Heart|21\/657 brn|[from] brn
|turn|44
|c|âBob the Wut|not big enough
|c| waiv|damn it
|c| waiv|-_-
|
|move|p1a: My Foolish Heart|Protect|p1a: My Foolish Heart
|-singleturn|p1a: My Foolish Heart|Protect
|-curestatus|p2a: Suicune|slp
|move|p2a: Suicune|Calm Mind|p2a: Suicune
|-boost|p2a: Suicune|spa|1
|-boost|p2a: Suicune|spd|1
|
|-heal|p1a: My Foolish Heart|349\/657 brn|[from] move: Wish|[wisher] My Foolish Heart
|-heal|p1a: My Foolish Heart|390\/657 brn|[from] item: Leftovers
|-damage|p1a: My Foolish Heart|308\/657 brn|[from] brn
|turn|45
|c| waiv|can u stall this out?
|
|switch|p1a: Lush Life|Celebi|315\/403
|-damage|p1a: Lush Life|265\/403|[from] Stealth Rock
|move|p2a: Suicune|Scald|p1a: Lush Life
|-resisted|p1a: Lush Life
|-damage|p1a: Lush Life|205\/403
|
|-heal|p1a: Lush Life|230\/403|[from] item: Leftovers
|turn|46
|c|âBob the Wut|idk
|c| not watfor|yes
|c| not watfor|not celebi tho
|c| waiv|danm
|
|move|p1a: Lush Life|Perish Song|p1a: Lush Life
|-fieldactivate|move: Perish Song
|move|p2a: Suicune|Scald|p1a: Lush Life
|-resisted|p1a: Lush Life
|-damage|p1a: Lush Life|167\/403
|-status|p1a: Lush Life|brn
|
|-start|p1a: Lush Life|perish3
|-start|p2a: Suicune|perish3
|-heal|p1a: Lush Life|192\/403 brn|[from] item: Leftovers
|-damage|p1a: Lush Life|142\/403 brn|[from] brn
|turn|47
|c| waiv|perish song
|c| waiv|is real af
|
|move|p1a: Lush Life|Recover|p1a: Lush Life
|-heal|p1a: Lush Life|344\/403 brn
|move|p2a: Suicune|Scald|p1a: Lush Life
|-resisted|p1a: Lush Life
|-damage|p1a: Lush Life|285\/403 brn
|
|-start|p1a: Lush Life|perish2
|-start|p2a: Suicune|perish2
|-heal|p1a: Lush Life|310\/403 brn|[from] item: Leftovers
|-damage|p1a: Lush Life|260\/403 brn|[from] brn
|turn|48
|
|switch|p1a: Blue in Green|Suicune|404\/404 slp
|-damage|p1a: Blue in Green|354\/404 slp|[from] Stealth Rock
|-ability|p1a: Blue in Green|Pressure
|switch|p2a: Machamp|Machamp, F|121\/321 psn
|
|-heal|p1a: Blue in Green|379\/404 slp|[from] item: Leftovers
|-damage|p2a: Machamp|81\/321 psn|[from] psn
|turn|49
|
|move|p2a: Machamp|Close Combat|p1a: Blue in Green
|-damage|p1a: Blue in Green|13\/404 slp
|-unboost|p2a: Machamp|def|1
|-unboost|p2a: Machamp|spd|1
|cant|p1a: Blue in Green|slp
|move|p1a: Blue in Green|Sleep Talk|p1a: Blue in Green
|move|p1a: Blue in Green|Roar|p2a: Machamp|[from]Sleep Talk
|drag|p2a: Swampert|Swampert, M|210\/404 brn
|
|-heal|p1a: Blue in Green|38\/404 slp|[from] item: Leftovers
|-heal|p2a: Swampert|235\/404 brn|[from] item: Leftovers
|-damage|p2a: Swampert|185\/404 brn|[from] brn
|turn|50
|
|cant|p1a: Blue in Green|slp
|move|p1a: Blue in Green|Sleep Talk|p1a: Blue in Green
|move|p1a: Blue in Green|Rest|p1a: Blue in Green|[from]Sleep Talk
|-fail|p1a: Blue in Green
|move|p2a: Swampert|Roar|p1a: Blue in Green
|drag|p1a: My Foolish Heart|Blissey, F|308\/657
|-damage|p1a: My Foolish Heart|226\/657|[from] Stealth Rock
|
|-heal|p1a: My Foolish Heart|267\/657|[from] item: Leftovers
|-heal|p2a: Swampert|210\/404 brn|[from] item: Leftovers
|-damage|p2a: Swampert|160\/404 brn|[from] brn
|turn|51
|c| not watfor|ah
|c| not watfor|ez
|c| not watfor|roar again if huge
|
|move|p1a: My Foolish Heart|Wish|p1a: My Foolish Heart
|move|p2a: Swampert|Roar|p1a: My Foolish Heart
|drag|p1a: Blue in Green|Suicune|38\/404 slp
|-damage|p1a: Blue in Green|0 fnt|[from] Stealth Rock
|faint|p1a: Blue in Green
|
|-heal|p2a: Swampert|185\/404 brn|[from] item: Leftovers
|-damage|p2a: Swampert|135\/404 brn|[from] brn
|
|switch|p1a: My Foolish Heart|Blissey, F|267\/657
|-damage|p1a: My Foolish Heart|185\/657|[from] Stealth Rock
|turn|52
|
|move|p1a: My Foolish Heart|Seismic Toss|p2a: Swampert
|-damage|p2a: Swampert|35\/404 brn
|move|p2a: Swampert|Earthquake|p1a: My Foolish Heart
|-crit|p1a: My Foolish Heart
|-damage|p1a: My Foolish Heart|0 fnt
|faint|p1a: My Foolish Heart
|
|-heal|p2a: Swampert|60\/404 brn|[from] item: Leftovers
|-damage|p2a: Swampert|10\/404 brn|[from] brn
|c|âBob the Wut|ez
|
|switch|p1a: Lush Life|Celebi|260\/403
|-damage|p1a: Lush Life|210\/403|[from] Stealth Rock
|turn|53
|c| waiv|gggggg
|
|move|p1a: Lush Life|Recover|p1a: Lush Life
|-heal|p1a: Lush Life|403\/403
|move|p2a: Swampert|Scald|p1a: Lush Life
|-resisted|p1a: Lush Life
|-damage|p1a: Lush Life|355\/403
|
|-heal|p1a: Lush Life|380\/403|[from] item: Leftovers
|-heal|p2a: Swampert|35\/404 brn|[from] item: Leftovers
|-damage|p2a: Swampert|0 fnt|[from] brn
|faint|p2a: Swampert
|c| not watfor|I think you still lost
|c| waiv|gg
|c| waiv|g
|c| waiv|g
|c| waiv|g
|c| waiv|g
|c| waiv|g
|c| waiv|g
|c| waiv|g
|c|âBob the Wut|um no
|c|âBob the Wut|i win
|c| not watfor|waiv pls
|
|switch|p2a: Suicune|Suicune|401\/401
|-status|p2a: Suicune|psn
|-ability|p2a: Suicune|Pressure
|turn|54
|c| waiv|cune wins
|c| waiv|on the perish song
|c| not watfor|k
|c|âBob the Wut|cant beat this without psong
|c| not watfor|cm blizzard y\/y
|
|move|p1a: Lush Life|Psychic|p2a: Suicune
|-damage|p2a: Suicune|298\/401 psn
|move|p2a: Suicune|Calm Mind|p2a: Suicune
|-boost|p2a: Suicune|spa|1
|-boost|p2a: Suicune|spd|1
|
|-heal|p1a: Lush Life|403\/403|[from] item: Leftovers
|-heal|p2a: Suicune|323\/401 psn|[from] item: Leftovers
|-damage|p2a: Suicune|273\/401 psn|[from] psn
|turn|55
|c| waiv|or crits
|
|move|p1a: Lush Life|Psychic|p2a: Suicune
|-damage|p2a: Suicune|210\/401 psn
|-unboost|p2a: Suicune|spd|1
|move|p2a: Suicune|Rest|p2a: Suicune
|-status|p2a: Suicune|slp
|-heal|p2a: Suicune|401\/401 slp|[silent]
|-status|p2a: Suicune|slp|[from] move: Rest
|
|turn|56
|c| not watfor|wait, he used up all his perish songs?
|c| not watfor|rippppp
|c|âlapraz|no
|c| not watfor|kkkk
|c|âlapraz|but perish song kills me
|
|move|p1a: Lush Life|Perish Song|p1a: Lush Life
|-fieldactivate|move: Perish Song
|cant|p2a: Suicune|slp
|move|p2a: Suicune|Sleep Talk|p2a: Suicune
|move|p2a: Suicune|Calm Mind|p2a: Suicune|[from]Sleep Talk
|-boost|p2a: Suicune|spa|1
|-boost|p2a: Suicune|spd|1
|
|-start|p1a: Lush Life|perish3
|-start|p2a: Suicune|perish3
|turn|57
|c|âBob the Wut|10 spdef drops in a row
|c|âBob the Wut|imo
|
|move|p1a: Lush Life|Psychic|p2a: Suicune
|-damage|p2a: Suicune|341\/401 slp
|cant|p2a: Suicune|slp
|move|p2a: Suicune|Sleep Talk|p2a: Suicune
|move|p2a: Suicune|Scald|p1a: Lush Life|[from]Sleep Talk
|-resisted|p1a: Lush Life
|-damage|p1a: Lush Life|342\/403
|
|-start|p1a: Lush Life|perish2
|-start|p2a: Suicune|perish2
|-heal|p1a: Lush Life|367\/403|[from] item: Leftovers
|-heal|p2a: Suicune|366\/401 slp|[from] item: Leftovers
|turn|58
|c| not watfor|ah I thought machamp was dead lol
|c| not watfor|goddamn mobile
|c| waiv|lol
|join|DMT
|c| waiv|hahah mobile
|
|move|p1a: Lush Life|Psychic|p2a: Suicune
|-crit|p2a: Suicune
|-damage|p2a: Suicune|215\/401 slp
|-curestatus|p2a: Suicune|slp
|move|p2a: Suicune|Sleep Talk|p2a: Suicune
|-fail|p2a: Suicune
|
|-start|p1a: Lush Life|perish1
|-start|p2a: Suicune|perish1
|-heal|p1a: Lush Life|392\/403|[from] item: Leftovers
|-heal|p2a: Suicune|240\/401|[from] item: Leftovers
|turn|59
|c| not watfor|crit drop here
|c| waiv|sswitch
|
|move|p1a: Lush Life|Psychic|p2a: Suicune
|-damage|p2a: Suicune|182\/401
|move|p2a: Suicune|Rest|p2a: Suicune
|-status|p2a: Suicune|slp
|-heal|p2a: Suicune|401\/401 slp|[silent]
|-status|p2a: Suicune|slp|[from] move: Rest
|
|-start|p1a: Lush Life|perish0
|-start|p2a: Suicune|perish0
|faint|p1a: Lush Life
|faint|p2a: Suicune
|
|win|Bob the Wut
|raw|Ladder updating...
|c| waiv|pl
|raw|lapraz's rating: 1581 &rarr; <strong>1561<\/strong><br \/>(-20 for losing)
|raw|Bob the Wut's rating: 1591 &rarr; <strong>1610<\/strong><br \/>(+19 for winning)
|c| waiv|s
|c| waiv|o
|leave|not watfor
|c|âlapraz|gg
|join|Efmm
|c| waiv|fkn
|leave|lapraz