|join|lapraz
|join|Bob the Wut
|player|p1|lapraz|157
|player|p2|Bob the Wut|23
|gametype|singles
|gen|6
|tier|UU
|rated
|rule|Sleep Clause Mod: Limit one foe put to sleep
|rule|Species Clause: Limit one of each PokÃ©mon
|rule|OHKO Clause: OHKO moves are banned
|rule|Moody Clause: Moody is banned
|rule|Evasion Moves Clause: Evasion moves are banned
|rule|Endless Battle Clause: Forcing endless battles is banned
|rule|HP Percentage Mod: HP is shown in percentages
|clearpoke
|poke|p1|Blissey, F
|poke|p1|Suicune
|poke|p1|Gligar, M
|poke|p1|Granbull, M
|poke|p1|Forretress, M
|poke|p1|Doublade, F
|poke|p2|Medicham, M
|poke|p2|Escavalier, M
|poke|p2|Vaporeon, F
|poke|p2|Krookodile, M
|poke|p2|Forretress, M
|poke|p2|Granbull, F
|rule|Swagger Clause: Swagger is banned
|rule|Baton Pass Clause: Limit one PokÃ©mon knowing Baton Pass
|teampreview
|join|Exemption
|c|âBob the Wut|fk
|
|start
|switch|p1a: Granbull|Granbull, M|384\/384
|switch|p2a: andy dufresne|Krookodile, M|331\/331
|-ability|p2a: andy dufresne|Intimidate|[of] p1a: Granbull
|-unboost|p1a: Granbull|atk|1
|-ability|p1a: Granbull|Intimidate|[of] p2a: andy dufresne
|-unboost|p2a: andy dufresne|atk|1
|turn|1
|
|switch|p2a: allahu akbar|Forretress, M|354\/354
|move|p1a: Granbull|Play Rough|p2a: allahu akbar
|-resisted|p2a: allahu akbar
|-damage|p2a: allahu akbar|331\/354
|
|-heal|p2a: allahu akbar|353\/354|[from] item: Leftovers
|turn|2
|join|DebatingTheHating
|
|switch|p1a: Forretress|Forretress, M|354\/354
|switch|p2a: andy dufresne|Krookodile, M|331\/331
|-ability|p2a: andy dufresne|Intimidate|[of] p1a: Forretress
|-unboost|p1a: Forretress|atk|1
|
|turn|3
|
|move|p2a: andy dufresne|Taunt|p1a: Forretress
|-start|p1a: Forretress|move: Taunt
|cant|p1a: Forretress|move: Taunt|Spikes
|
|turn|4
|
|switch|p1a: Granbull|Granbull, M|384\/384
|-ability|p1a: Granbull|Intimidate|[of] p2a: andy dufresne
|-unboost|p2a: andy dufresne|atk|1
|move|p2a: andy dufresne|Knock Off|p1a: Granbull
|-resisted|p1a: Granbull
|-damage|p1a: Granbull|330\/384
|-enditem|p1a: Granbull|Leftovers|[from] move: Knock Off|[of] p2a: andy dufresne
|
|turn|5
|
|switch|p2a: allahu akbar|Forretress, M|353\/354
|move|p1a: Granbull|Play Rough|p2a: allahu akbar|[miss]
|-miss|p1a: Granbull|p2a: allahu akbar
|
|-heal|p2a: allahu akbar|354\/354|[from] item: Leftovers
|turn|6
|
|switch|p1a: Forretress|Forretress, M|354\/354
|move|p2a: allahu akbar|Volt Switch|p1a: Forretress
|-damage|p1a: Forretress|299\/354
|
|switch|p2a: andy dufresne|Krookodile, M|331\/331
|-ability|p2a: andy dufresne|Intimidate|[of] p1a: Forretress
|-unboost|p1a: Forretress|atk|1
|
|-heal|p1a: Forretress|321\/354|[from] item: Leftovers
|turn|7
|leave|Exemption
|
|switch|p1a: Granbull|Granbull, M|330\/384
|-ability|p1a: Granbull|Intimidate|[of] p2a: andy dufresne
|-unboost|p2a: andy dufresne|atk|1
|move|p2a: andy dufresne|Taunt|p1a: Granbull
|-start|p1a: Granbull|move: Taunt
|
|turn|8
|c| DebatingTheHating|so much stall lol
|join|Exemption
|
|switch|p2a: allahu akbar|Forretress, M|354\/354
|move|p1a: Granbull|Play Rough|p2a: allahu akbar|[miss]
|-miss|p1a: Granbull|p2a: allahu akbar
|
|turn|9
|
|switch|p1a: Gligar|Gligar, M|334\/334
|move|p2a: allahu akbar|Spikes|p1a: Gligar
|-sidestart|p1: lapraz|Spikes
|
|turn|10
|
|move|p1a: Gligar|Stealth Rock|p2a: allahu akbar
|-sidestart|p2: Bob the Wut|move: Stealth Rock
|move|p2a: allahu akbar|Toxic|p1a: Gligar
|-fail|p1a: Gligar
|
|turn|11
|
|switch|p1a: Forretress|Forretress, M|321\/354
|-damage|p1a: Forretress|277\/354|[from] Spikes
|move|p2a: allahu akbar|Rapid Spin|p1a: Forretress
|-resisted|p1a: Forretress
|-damage|p1a: Forretress|273\/354
|-sideend|p2: Bob the Wut|Stealth Rock|[from] move: Rapid Spin|[of] p2a: allahu akbar
|
|-heal|p1a: Forretress|295\/354|[from] item: Leftovers
|turn|12
|c| Exemption|rekt
|c|âlapraz|lol
|
|move|p2a: allahu akbar|Volt Switch|p1a: Forretress
|-damage|p1a: Forretress|239\/354
|
|switch|p2a: midget knight|Escavalier, M|312\/312
|move|p1a: Forretress|Rapid Spin|p2a: midget knight
|-resisted|p2a: midget knight
|-damage|p2a: midget knight|306\/312
|-sideend|p1: lapraz|Spikes|[from] move: Rapid Spin|[of] p1a: Forretress
|
|-heal|p1a: Forretress|261\/354|[from] item: Leftovers
|turn|13
|
|switch|p1a: Suicune|Suicune|404\/404
|-ability|p1a: Suicune|Pressure
|move|p2a: midget knight|Knock Off|p1a: Suicune
|-crit|p1a: Suicune
|-damage|p1a: Suicune|209\/404
|-enditem|p1a: Suicune|Leftovers|[from] move: Knock Off|[of] p2a: midget knight
|
|turn|14
|c| DebatingTheHating|not many specials
|
|switch|p2a: cat mermaid|Vaporeon, F|464\/464
|move|p1a: Suicune|Rest|p1a: Suicune
|-status|p1a: Suicune|slp
|-heal|p1a: Suicune|404\/404 slp|[silent]
|-status|p1a: Suicune|slp|[from] move: Rest
|
|turn|15
|
|switch|p1a: Blissey|Blissey, F|657\/657
|move|p2a: cat mermaid|Baton Pass|p2a: cat mermaid
|
|switch|p2a: andy dufresne|Krookodile, M|331\/331
|-ability|p2a: andy dufresne|Intimidate|[of] p1a: Blissey
|-unboost|p1a: Blissey|atk|1
|
|turn|16
|
|switch|p1a: Granbull|Granbull, M|330\/384
|-ability|p1a: Granbull|Intimidate|[of] p2a: andy dufresne
|-unboost|p2a: andy dufresne|atk|1
|move|p2a: andy dufresne|Stealth Rock|p1a: Granbull
|-sidestart|p1: lapraz|move: Stealth Rock
|
|turn|17
|c| DebatingTheHating|pure power ftw
|
|switch|p2a: midget knight|Escavalier, M|306\/312
|switch|p1a: Forretress|Forretress, M|261\/354
|-damage|p1a: Forretress|217\/354|[from] Stealth Rock
|
|-heal|p1a: Forretress|239\/354|[from] item: Leftovers
|turn|18
|
|move|p2a: midget knight|Knock Off|p1a: Forretress
|-damage|p1a: Forretress|130\/354
|-enditem|p1a: Forretress|Leftovers|[from] move: Knock Off|[of] p2a: midget knight
|move|p1a: Forretress|Toxic Spikes|p2a: midget knight
|-sidestart|p2: Bob the Wut|move: Toxic Spikes
|
|turn|19
|
|switch|p1a: Granbull|Granbull, M|330\/384
|-damage|p1a: Granbull|282\/384|[from] Stealth Rock
|-ability|p1a: Granbull|Intimidate|[of] p2a: midget knight
|-unboost|p2a: midget knight|atk|1
|move|p2a: midget knight|Knock Off|p1a: Granbull
|-resisted|p1a: Granbull
|-damage|p1a: Granbull|243\/384
|
|turn|20
|
|switch|p1a: Blissey|Blissey, F|657\/657
|-damage|p1a: Blissey|575\/657|[from] Stealth Rock
|switch|p2a: allahu akbar|Forretress, M|354\/354
|
|-heal|p1a: Blissey|616\/657|[from] item: Leftovers
|turn|21
|c| DebatingTheHating|rs
|
|move|p1a: Blissey|Wish|p1a: Blissey
|move|p2a: allahu akbar|Spikes|p1a: Blissey
|-sidestart|p1: lapraz|Spikes
|
|-heal|p1a: Blissey|657\/657|[from] item: Leftovers
|turn|22
|
|switch|p1a: Forretress|Forretress, M|130\/354
|-damage|p1a: Forretress|86\/354|[from] Stealth Rock
|-damage|p1a: Forretress|42\/354|[from] Spikes
|move|p2a: allahu akbar|Volt Switch|p1a: Forretress
|-damage|p1a: Forretress|0 fnt
|faint|p1a: Forretress
|
|switch|p2a: midget knight|Escavalier, M|306\/312
|
|
|switch|p1a: Granbull|Granbull, M|243\/384
|-damage|p1a: Granbull|195\/384|[from] Spikes
|-damage|p1a: Granbull|147\/384|[from] Stealth Rock
|-ability|p1a: Granbull|Intimidate|[of] p2a: midget knight
|-unboost|p2a: midget knight|atk|1
|turn|23
|
|move|p1a: Granbull|Rest|p1a: Granbull
|-status|p1a: Granbull|slp
|-heal|p1a: Granbull|384\/384 slp|[silent]
|-status|p1a: Granbull|slp|[from] move: Rest
|move|p2a: midget knight|Iron Head|p1a: Granbull
|-supereffective|p1a: Granbull
|-damage|p1a: Granbull|100\/384 slp
|
|turn|24
|
|switch|p1a: Gligar|Gligar, M|334\/334
|-damage|p1a: Gligar|293\/334|[from] Stealth Rock
|switch|p2a: allahu akbar|Forretress, M|354\/354
|
|turn|25
|
|switch|p1a: Doublade|Doublade, F|322\/322
|-damage|p1a: Doublade|302\/322|[from] Stealth Rock
|-damage|p1a: Doublade|262\/322|[from] Spikes
|move|p2a: allahu akbar|Spikes|p1a: Doublade
|-sidestart|p1: lapraz|Spikes
|
|turn|26
|
|move|p2a: allahu akbar|Spikes|p1a: Doublade
|-sidestart|p1: lapraz|Spikes
|move|p1a: Doublade|Shadow Claw|p2a: allahu akbar
|-damage|p2a: allahu akbar|303\/354
|
|-heal|p2a: allahu akbar|325\/354|[from] item: Leftovers
|turn|27
|
|move|p2a: allahu akbar|Volt Switch|p1a: Doublade
|-damage|p1a: Doublade|234\/322
|
|switch|p2a: midget knight|Escavalier, M|306\/312
|move|p1a: Doublade|Gyro Ball|p2a: midget knight
|-resisted|p2a: midget knight
|-damage|p2a: midget knight|280\/312
|
|turn|28
|c| Exemption|spikes >toxic spikes
|c|âlapraz|yeah
|c|âlapraz|tru
|
|switch|p1a: Granbull|Granbull, M|100\/384 slp
|-damage|p1a: Granbull|4\/384 slp|[from] Spikes
|-damage|p1a: Granbull|0 fnt|[from] Stealth Rock
|faint|p1a: Granbull
|move|p2a: midget knight|Knock Off|p1: Granbull|[notarget]
|-notarget
|
|
|switch|p1a: Suicune|Suicune|404\/404 slp
|-damage|p1a: Suicune|354\/404 slp|[from] Stealth Rock
|-damage|p1a: Suicune|253\/404 slp|[from] Spikes
|-ability|p1a: Suicune|Pressure
|turn|29
|
|switch|p2a: cat mermaid|Vaporeon, F|464\/464
|-status|p2a: cat mermaid|psn
|cant|p1a: Suicune|slp
|
|-damage|p2a: cat mermaid|406\/464 psn|[from] psn
|turn|30
|c| DebatingTheHating|use medicham before the end plz
|
|cant|p1a: Suicune|slp
|move|p2a: cat mermaid|Wish|p2a: cat mermaid
|
|-heal|p2a: cat mermaid|435\/464 psn|[from] item: Leftovers
|-damage|p2a: cat mermaid|377\/464 psn|[from] psn
|turn|31
|
|-curestatus|p1a: Suicune|slp
|move|p1a: Suicune|Calm Mind|p1a: Suicune
|-boost|p1a: Suicune|spa|1
|-boost|p1a: Suicune|spd|1
|move|p2a: cat mermaid|Baton Pass|p2a: cat mermaid
|
|switch|p2a: allahu akbar|Forretress, M|325\/354
|
|-heal|p2a: allahu akbar|354\/354|[from] move: Wish|[wisher] cat mermaid
|turn|32
|
|move|p1a: Suicune|Calm Mind|p1a: Suicune
|-boost|p1a: Suicune|spa|1
|-boost|p1a: Suicune|spd|1
|move|p2a: allahu akbar|Rapid Spin|p1a: Suicune
|-damage|p1a: Suicune|244\/404
|-sideend|p2: Bob the Wut|Toxic Spikes|[from] move: Rapid Spin|[of] p2a: allahu akbar
|
|turn|33
|
|move|p1a: Suicune|Calm Mind|p1a: Suicune
|-boost|p1a: Suicune|spa|1
|-boost|p1a: Suicune|spd|1
|move|p2a: allahu akbar|Volt Switch|p1a: Suicune
|-supereffective|p1a: Suicune
|-damage|p1a: Suicune|218\/404
|
|switch|p2a: reveal foresight|Medicham, M|261\/261
|
|turn|34
|
|detailschange|p2a: reveal foresight|Medicham-Mega, M
|-mega|p2a: reveal foresight|Medicham|Medichamite
|move|p2a: reveal foresight|Fake Out|p1a: Suicune
|-damage|p1a: Suicune|165\/404
|cant|p1a: Suicune|flinch
|
|turn|35
|
|move|p2a: reveal foresight|High Jump Kick|p1a: Suicune
|-damage|p1a: Suicune|0 fnt
|faint|p1a: Suicune
|
|c| DebatingTheHating|the damage
|
|switch|p1a: Doublade|Doublade, F|234\/322
|-damage|p1a: Doublade|214\/322|[from] Stealth Rock
|-damage|p1a: Doublade|134\/322|[from] Spikes
|turn|36
|
|switch|p2a: u wanna fkn go|Granbull, F|384\/384
|-ability|p2a: u wanna fkn go|Intimidate|[of] p1a: Doublade
|-unboost|p1a: Doublade|atk|1
|move|p1a: Doublade|Gyro Ball|p2a: u wanna fkn go
|-supereffective|p2a: u wanna fkn go
|-damage|p2a: u wanna fkn go|316\/384
|
|-heal|p2a: u wanna fkn go|340\/384|[from] item: Leftovers
|turn|37
|c| DebatingTheHating|lol that nickname
|
|move|p2a: u wanna fkn go|Heal Bell|p2a: u wanna fkn go
|-cureteam|p2a: u wanna fkn go|[from] move: HealBell
|move|p1a: Doublade|Shadow Claw|p2a: u wanna fkn go
|-crit|p2a: u wanna fkn go
|-damage|p2a: u wanna fkn go|222\/384
|
|-heal|p2a: u wanna fkn go|246\/384|[from] item: Leftovers
|turn|38
|
|switch|p2a: midget knight|Escavalier, M|280\/312
|move|p1a: Doublade|Shadow Claw|p2a: midget knight
|-crit|p2a: midget knight
|-damage|p2a: midget knight|159\/312
|
|turn|39
|
|move|p2a: midget knight|Knock Off|p1a: Doublade
|-supereffective|p1a: Doublade
|-damage|p1a: Doublade|0 fnt
|-enditem|p1a: Doublade|Eviolite|[from] move: Knock Off|[of] p2a: midget knight
|faint|p1a: Doublade
|
|
|switch|p1a: Gligar|Gligar, M|293\/334
|-damage|p1a: Gligar|252\/334|[from] Stealth Rock
|turn|40
|c| DebatingTheHating|gg
|c|âlapraz|gg
|c|âBob the Wut|i cant remember if i knocked this offf
|
|move|p1a: Gligar|Earthquake|p2a: midget knight
|-damage|p2a: midget knight|77\/312
|move|p2a: midget knight|Knock Off|p1a: Gligar
|-damage|p1a: Gligar|125\/334
|-enditem|p1a: Gligar|Eviolite|[from] move: Knock Off|[of] p2a: midget knight
|
|turn|41
|c| DebatingTheHating|you did now
|
|switch|p2a: reveal foresight|Medicham-Mega, M|261\/261
|move|p1a: Gligar|Roost|p1a: Gligar
|-heal|p1a: Gligar|292\/334
|
|turn|42
|
|move|p2a: reveal foresight|Fake Out|p1a: Gligar
|-damage|p1a: Gligar|215\/334
|cant|p1a: Gligar|flinch
|
|turn|43
|c| DebatingTheHating|ice punch?
|
|move|p2a: reveal foresight|Zen Headbutt|p1a: Gligar
|-damage|p1a: Gligar|0 fnt
|faint|p1a: Gligar
|
|c| DebatingTheHating|nop
|c|âlapraz|lol
|c|âBob the Wut|dont have
|
|switch|p1a: Blissey|Blissey, F|657\/657
|-damage|p1a: Blissey|493\/657|[from] Spikes
|-damage|p1a: Blissey|411\/657|[from] Stealth Rock
|turn|44
|
|move|p2a: reveal foresight|Zen Headbutt|p1a: Blissey
|-damage|p1a: Blissey|0 fnt
|faint|p1a: Blissey
|
|win|Bob the Wut
|raw|Ladder updating...
|raw|lapraz's rating: 1632 &rarr; <strong>1614<\/strong><br \/>(-18 for losing)
|raw|Bob the Wut's rating: 1678 &rarr; <strong>1695<\/strong><br \/>(+17 for winning)
|c|âlapraz|gg