|join|lapraz
|join|prof. waiv
|player|p1|lapraz|157
|player|p2|prof. waiv|31
|gametype|singles
|gen|6
|tier|UU
|rated
|rule|Sleep Clause Mod: Limit one foe put to sleep
|rule|Species Clause: Limit one of each PokÃ©mon
|rule|OHKO Clause: OHKO moves are banned
|rule|Moody Clause: Moody is banned
|rule|Evasion Moves Clause: Evasion moves are banned
|rule|Endless Battle Clause: Forcing endless battles is banned
|rule|HP Percentage Mod: HP is shown in percentages
|clearpoke
|poke|p1|Weezing, M
|poke|p1|Forretress, M
|poke|p1|Suicune
|poke|p1|Celebi
|poke|p1|Blissey, F
|poke|p1|Spiritomb, F
|poke|p2|Rhyperior, M
|poke|p2|Cresselia, F, shiny
|poke|p2|Ampharos, F
|poke|p2|Forretress, F
|poke|p2|Chesnaught, M
|poke|p2|Vaporeon, M
|rule|Swagger Clause: Swagger is banned
|rule|Baton Pass Clause: Limit one PokÃ©mon knowing Baton Pass
|teampreview
|c|âprof. waiv|o
|c|âprof. waiv|no
|c|âprof. waiv|o
|c|âprof. waiv|no
|c|âprof. waiv|o
|c|âprof. waiv|no
|c|âprof. waiv|o
|c|âlapraz|oh no
|c|âprof. waiv|:)
|c|âlapraz|(:
|
|start
|switch|p1a: Body and Soul|Forretress, M|354\/354
|switch|p2a: Forretress|Forretress, F|354\/354
|turn|1
|
|move|p1a: Body and Soul|Spikes|p2a: Forretress
|-sidestart|p2: prof. waiv|Spikes
|move|p2a: Forretress|Stealth Rock|p1a: Body and Soul
|-sidestart|p1: lapraz|move: Stealth Rock
|
|turn|2
|c|âprof. waiv|keke
|c|âlapraz|lel
|
|move|p1a: Body and Soul|Rapid Spin|p2a: Forretress
|-resisted|p2a: Forretress
|-damage|p2a: Forretress|349\/354
|-sideend|p1: lapraz|Stealth Rock|[from] move: Rapid Spin|[of] p1a: Body and Soul
|move|p2a: Forretress|Volt Switch|p1a: Body and Soul
|-damage|p1a: Body and Soul|295\/354
|
|switch|p2a: Ampharos|Ampharos, F|383\/383
|-damage|p2a: Ampharos|336\/383|[from] Spikes
|
|-heal|p1a: Body and Soul|317\/354|[from] item: Leftovers
|turn|3
|
|switch|p1a: Lush Life|Celebi|403\/403
|detailschange|p2a: Ampharos|Ampharos-Mega, F
|-mega|p2a: Ampharos|Ampharos|Ampharosite
|-ability|p2a: Ampharos|Mold Breaker
|move|p2a: Ampharos|Volt Switch|p1a: Lush Life
|-resisted|p1a: Lush Life
|-damage|p1a: Lush Life|340\/403
|
|switch|p2a: Forretress|Forretress, F|349\/354
|-damage|p2a: Forretress|305\/354|[from] Spikes
|
|-heal|p1a: Lush Life|365\/403|[from] item: Leftovers
|-heal|p2a: Forretress|327\/354|[from] item: Leftovers
|turn|4
|c|âprof. waiv|hidden
|c|âprof. waiv|power
|c|âprof. waiv|fire!!!
|c|âlapraz|yeah m8
|c|âlapraz|watch out
|join|DatGuyChuck
|
|switch|p1a: Body and Soul|Forretress, M|317\/354
|move|p2a: Forretress|Stealth Rock|p1a: Body and Soul
|-sidestart|p1: lapraz|move: Stealth Rock
|
|-heal|p1a: Body and Soul|339\/354|[from] item: Leftovers
|-heal|p2a: Forretress|349\/354|[from] item: Leftovers
|turn|5
|c| DatGuyChuck|o
|c| DatGuyChuck|DMT fought this guy
|c| DatGuyChuck|earlier
|
|move|p1a: Body and Soul|Rapid Spin|p2a: Forretress
|-resisted|p2a: Forretress
|-damage|p2a: Forretress|343\/354
|-sideend|p1: lapraz|Stealth Rock|[from] move: Rapid Spin|[of] p1a: Body and Soul
|move|p2a: Forretress|Rapid Spin|p1a: Body and Soul
|-resisted|p1a: Body and Soul
|-damage|p1a: Body and Soul|335\/354
|-sideend|p2: prof. waiv|Spikes|[from] move: Rapid Spin|[of] p2a: Forretress
|
|-heal|p2a: Forretress|354\/354|[from] item: Leftovers
|-heal|p1a: Body and Soul|354\/354|[from] item: Leftovers
|turn|6
|c|âprof. waiv|it's oh no!
|c|âlapraz|oh no
|c| DatGuyChuck|nice name
|join|njkh
|c| DatGuyChuck|oh no oh no
|c|âprof. waiv|secretly bouff
|c| DatGuyChuck|we found ur alt
|
|move|p2a: Forretress|Stealth Rock|p1a: Body and Soul
|-sidestart|p1: lapraz|move: Stealth Rock
|move|p1a: Body and Soul|Spikes|p2a: Forretress
|-sidestart|p2: prof. waiv|Spikes
|
|turn|7
|
|move|p1a: Body and Soul|Rapid Spin|p2a: Forretress
|-resisted|p2a: Forretress
|-damage|p2a: Forretress|349\/354
|-sideend|p1: lapraz|Stealth Rock|[from] move: Rapid Spin|[of] p1a: Body and Soul
|move|p2a: Forretress|Rapid Spin|p1a: Body and Soul
|-resisted|p1a: Body and Soul
|-damage|p1a: Body and Soul|350\/354
|-sideend|p2: prof. waiv|Spikes|[from] move: Rapid Spin|[of] p2a: Forretress
|
|-heal|p1a: Body and Soul|354\/354|[from] item: Leftovers
|-heal|p2a: Forretress|354\/354|[from] item: Leftovers
|turn|8
|c|âlapraz|the plays
|c|âprof. waiv|this is rly fun
|c|âprof. waiv|i havn't played
|c|âprof. waiv|this high level predictions
|c|âprof. waiv|in a while
|
|move|p1a: Body and Soul|Spikes|p2a: Forretress
|-sidestart|p2: prof. waiv|Spikes
|move|p2a: Forretress|Stealth Rock|p1a: Body and Soul
|-sidestart|p1: lapraz|move: Stealth Rock
|
|turn|9
|
|move|p2a: Forretress|Rapid Spin|p1a: Body and Soul
|-resisted|p1a: Body and Soul
|-damage|p1a: Body and Soul|350\/354
|-sideend|p2: prof. waiv|Spikes|[from] move: Rapid Spin|[of] p2a: Forretress
|move|p1a: Body and Soul|Rapid Spin|p2a: Forretress
|-resisted|p2a: Forretress
|-damage|p2a: Forretress|348\/354
|-sideend|p1: lapraz|Stealth Rock|[from] move: Rapid Spin|[of] p1a: Body and Soul
|
|-heal|p1a: Body and Soul|354\/354|[from] item: Leftovers
|-heal|p2a: Forretress|354\/354|[from] item: Leftovers
|turn|10
|join|watfor
|
|move|p1a: Body and Soul|Spikes|p2a: Forretress
|-sidestart|p2: prof. waiv|Spikes
|move|p2a: Forretress|Rapid Spin|p1a: Body and Soul
|-resisted|p1a: Body and Soul
|-damage|p1a: Body and Soul|350\/354
|-sideend|p2: prof. waiv|Spikes|[from] move: Rapid Spin|[of] p2a: Forretress
|
|-heal|p1a: Body and Soul|354\/354|[from] item: Leftovers
|turn|11
|c|âprof. waiv|!dt spikes
|c|~|\/data-move Spikes
|raw|<font size="1"><font color=#585858>Priority:<\/font> 0&nbsp;|&ThickSpace;<font color=#585858><font color=black>&#10003; Bounceable<\/font><\/font>&nbsp;|&ThickSpace;<font color=#585858>Target:<\/font> Opposing Side<\/font>
|c|âlapraz|!!!
|c|âprof. waiv|!!!!!!
|c|âprof. waiv|whats ur rank
|c|âprof. waiv|o
|c|âprof. waiv|ye i can't lose to u
|c|âlapraz|idk
|
|move|p1a: Body and Soul|Spikes|p2a: Forretress
|-sidestart|p2: prof. waiv|Spikes
|move|p2a: Forretress|Stealth Rock|p1a: Body and Soul
|-sidestart|p1: lapraz|move: Stealth Rock
|
|turn|12
|c| watfor|waiv your team loses to NP Celebi and Serp too
|c| watfor|n_n
|c|âprof. waiv|2 low zzzz
|c|âlapraz|like 1198
|c| watfor|just pointing out the flaws rip
|
|move|p2a: Forretress|Rapid Spin|p1a: Body and Soul
|-resisted|p1a: Body and Soul
|-damage|p1a: Body and Soul|350\/354
|-sideend|p2: prof. waiv|Spikes|[from] move: Rapid Spin|[of] p2a: Forretress
|move|p1a: Body and Soul|Spikes|p2a: Forretress
|-sidestart|p2: prof. waiv|Spikes
|
|-heal|p1a: Body and Soul|354\/354|[from] item: Leftovers
|turn|13
|c|âprof. waiv|ye
|c|âprof. waiv|i know
|c|âprof. waiv|:\/
|c|âprof. waiv|well NP celebi
|c|âprof. waiv|i have cress kinda
|c|âprof. waiv|lol
|c| watfor|will break cress
|c| watfor|what can cress do to NP celebi
|c| watfor|lol
|c|âprof. waiv|u
|c|âprof. waiv|m
|c|âprof. waiv|idk
|c|âprof. waiv|:x
|c| watfor|Psychic is a
|c| watfor|50 hko
|c| watfor|imo
|c| watfor|:^]
|c|âprof. waiv|o
|
|move|p1a: Body and Soul|Rapid Spin|p2a: Forretress
|-resisted|p2a: Forretress
|-damage|p2a: Forretress|348\/354
|-sideend|p1: lapraz|Stealth Rock|[from] move: Rapid Spin|[of] p1a: Body and Soul
|move|p2a: Forretress|Rapid Spin|p1a: Body and Soul
|-resisted|p1a: Body and Soul
|-damage|p1a: Body and Soul|350\/354
|-sideend|p2: prof. waiv|Spikes|[from] move: Rapid Spin|[of] p2a: Forretress
|
|-heal|p2a: Forretress|354\/354|[from] item: Leftovers
|-heal|p1a: Body and Soul|354\/354|[from] item: Leftovers
|turn|14
|c|âlapraz|cress is too powerful should be bl
|
|move|p2a: Forretress|Rapid Spin|p1a: Body and Soul
|-resisted|p1a: Body and Soul
|-damage|p1a: Body and Soul|350\/354
|move|p1a: Body and Soul|Spikes|p2a: Forretress
|-sidestart|p2: prof. waiv|Spikes
|
|-heal|p1a: Body and Soul|354\/354|[from] item: Leftovers
|turn|15
|c|âprof. waiv|lol
|c| watfor|+6 giga 2hkos
|c|âprof. waiv|are we same speed omg
|
|move|p2a: Forretress|Stealth Rock|p1a: Body and Soul
|-sidestart|p1: lapraz|move: Stealth Rock
|move|p1a: Body and Soul|Spikes|p2a: Forretress
|-sidestart|p2: prof. waiv|Spikes
|
|turn|16
|c|âprof. waiv|o
|c|âprof. waiv|xD
|
|move|p1a: Body and Soul|Rapid Spin|p2a: Forretress
|-resisted|p2a: Forretress
|-damage|p2a: Forretress|348\/354
|-sideend|p1: lapraz|Stealth Rock|[from] move: Rapid Spin|[of] p1a: Body and Soul
|move|p2a: Forretress|Rapid Spin|p1a: Body and Soul
|-resisted|p1a: Body and Soul
|-damage|p1a: Body and Soul|350\/354
|-sideend|p2: prof. waiv|Spikes|[from] move: Rapid Spin|[of] p2a: Forretress
|
|-heal|p2a: Forretress|354\/354|[from] item: Leftovers
|-heal|p1a: Body and Soul|354\/354|[from] item: Leftovers
|turn|17
|c|âprof. waiv|lapraz
|
|move|p1a: Body and Soul|Spikes|p2a: Forretress
|-sidestart|p2: prof. waiv|Spikes
|move|p2a: Forretress|Stealth Rock|p1a: Body and Soul
|-sidestart|p1: lapraz|move: Stealth Rock
|
|turn|18
|c|âprof. waiv|why you do this to me
|c|âprof. waiv|:(
|c|âlapraz|):
|c| DatGuyChuck|waiv
|c| watfor|he will win
|c| DatGuyChuck|can you end this
|c| watfor|bc spikes
|c| DatGuyChuck|and switch
|c|âlapraz|you have volt switch!!
|c| watfor|> spin
|
|move|p2a: Forretress|Rapid Spin|p1a: Body and Soul
|-resisted|p1a: Body and Soul
|-damage|p1a: Body and Soul|350\/354
|-sideend|p2: prof. waiv|Spikes|[from] move: Rapid Spin|[of] p2a: Forretress
|move|p1a: Body and Soul|Rapid Spin|p2a: Forretress
|-resisted|p2a: Forretress
|-damage|p2a: Forretress|348\/354
|-sideend|p1: lapraz|Stealth Rock|[from] move: Rapid Spin|[of] p1a: Body and Soul
|
|-heal|p1a: Body and Soul|354\/354|[from] item: Leftovers
|-heal|p2a: Forretress|354\/354|[from] item: Leftovers
|turn|19
|c| watfor|i also like how rhyperior does nothing in this matchup
|c| watfor|rhyperior rip
|
|move|p2a: Forretress|Stealth Rock|p1a: Body and Soul
|-sidestart|p1: lapraz|move: Stealth Rock
|move|p1a: Body and Soul|Spikes|p2a: Forretress
|-sidestart|p2: prof. waiv|Spikes
|
|turn|20
|c|âprof. waiv|no
|c|âprof. waiv|rhyp sweeps
|
|move|p1a: Body and Soul|Rapid Spin|p2a: Forretress
|-resisted|p2a: Forretress
|-damage|p2a: Forretress|349\/354
|-sideend|p1: lapraz|Stealth Rock|[from] move: Rapid Spin|[of] p1a: Body and Soul
|move|p2a: Forretress|Rapid Spin|p1a: Body and Soul
|-resisted|p1a: Body and Soul
|-damage|p1a: Body and Soul|350\/354
|-sideend|p2: prof. waiv|Spikes|[from] move: Rapid Spin|[of] p2a: Forretress
|
|-heal|p2a: Forretress|354\/354|[from] item: Leftovers
|-heal|p1a: Body and Soul|354\/354|[from] item: Leftovers
|turn|21
|
|move|p2a: Forretress|Stealth Rock|p1a: Body and Soul
|-sidestart|p1: lapraz|move: Stealth Rock
|move|p1a: Body and Soul|Rapid Spin|p2a: Forretress
|-resisted|p2a: Forretress
|-damage|p2a: Forretress|349\/354
|-sideend|p1: lapraz|Stealth Rock|[from] move: Rapid Spin|[of] p1a: Body and Soul
|
|-heal|p2a: Forretress|354\/354|[from] item: Leftovers
|turn|22
|join|Donkii
|c| watfor|yeah it is totally beating celebi suicune forry and weezing
|
|move|p1a: Body and Soul|Spikes|p2a: Forretress
|-sidestart|p2: prof. waiv|Spikes
|move|p2a: Forretress|Stealth Rock|p1a: Body and Soul
|-sidestart|p1: lapraz|move: Stealth Rock
|
|turn|23
|c|âprof. waiv|um hello
|leave|Donkii
|c|âprof. waiv|i'm weakness policy thunder punch, fire punch and skill swap and eq
|c| watfor|!
|
|move|p1a: Body and Soul|Rapid Spin|p2a: Forretress
|-resisted|p2a: Forretress
|-damage|p2a: Forretress|349\/354
|-sideend|p1: lapraz|Stealth Rock|[from] move: Rapid Spin|[of] p1a: Body and Soul
|move|p2a: Forretress|Rapid Spin|p1a: Body and Soul
|-resisted|p1a: Body and Soul
|-damage|p1a: Body and Soul|350\/354
|-sideend|p2: prof. waiv|Spikes|[from] move: Rapid Spin|[of] p2a: Forretress
|
|-heal|p2a: Forretress|354\/354|[from] item: Leftovers
|-heal|p1a: Body and Soul|354\/354|[from] item: Leftovers
|turn|24
|c| watfor|skill swap rhyperior
|c| DatGuyChuck|this
|c| DatGuyChuck|is cancerous
|c| DatGuyChuck|to watch
|
|move|p1a: Body and Soul|Spikes|p2a: Forretress
|-sidestart|p2: prof. waiv|Spikes
|move|p2a: Forretress|Stealth Rock|p1a: Body and Soul
|-sidestart|p1: lapraz|move: Stealth Rock
|
|turn|25
|c| watfor|not really
|
|switch|p2a: Subject II|Cresselia, F, shiny|443\/443
|move|p1a: Body and Soul|Rapid Spin|p2a: Subject II
|-damage|p2a: Subject II|434\/443
|-sideend|p1: lapraz|Stealth Rock|[from] move: Rapid Spin|[of] p1a: Body and Soul
|
|-heal|p2a: Subject II|443\/443|[from] item: Leftovers
|turn|26
|c|âlapraz|it's soothing (:
|c| DatGuyChuck|well its hard
|c| DatGuyChuck|ok?
|c|âlapraz|aww
|c| watfor|pif's stall is more cancerous
|c|âprof. waiv|i can't
|join|tuRkles
|c| watfor|it had no spikes
|c|âprof. waiv|lapraz
|c| watfor|no win con
|c| watfor|no nothing
|
|switch|p1a: Lush Life|Celebi|365\/403
|move|p2a: Subject II|Calm Mind|p2a: Subject II
|-boost|p2a: Subject II|spa|1
|-boost|p2a: Subject II|spd|1
|
|-heal|p1a: Lush Life|390\/403|[from] item: Leftovers
|turn|27
|c| watfor|just pure bulk
|c| watfor|and SR
|
|move|p1a: Lush Life|Stealth Rock|p2a: Subject II
|-sidestart|p2: prof. waiv|move: Stealth Rock
|move|p2a: Subject II|Calm Mind|p2a: Subject II
|-boost|p2a: Subject II|spa|1
|-boost|p2a: Subject II|spd|1
|
|-heal|p1a: Lush Life|403\/403|[from] item: Leftovers
|turn|28
|
|move|p1a: Lush Life|Perish Song|p1a: Lush Life
|-fieldactivate|move: Perish Song
|move|p2a: Subject II|Moonblast|p1a: Lush Life
|-damage|p1a: Lush Life|320\/403
|
|-start|p1a: Lush Life|perish3
|-start|p2a: Subject II|perish3
|-heal|p1a: Lush Life|345\/403|[from] item: Leftovers
|turn|29
|c| watfor|you lose to this bc perish s
|c|âprof. waiv|haze
|c|âprof. waiv|now
|c| watfor|rip
|c|âprof. waiv|o
|c|âprof. waiv|i kinda hate
|
|switch|p1a: Blue in Green|Suicune|404\/404
|-ability|p1a: Blue in Green|Pressure
|switch|p2a: Forretress|Forretress, F|354\/354
|-damage|p2a: Forretress|310\/354|[from] Spikes
|-damage|p2a: Forretress|266\/354|[from] Stealth Rock
|
|-heal|p2a: Forretress|288\/354|[from] item: Leftovers
|turn|30
|c| watfor|every celebi on stall is SR ps
|c|âprof. waiv|everything
|c|âprof. waiv|:)
|
|move|p1a: Blue in Green|Scald|p2a: Forretress
|-damage|p2a: Forretress|204\/354
|-status|p2a: Forretress|brn
|move|p2a: Forretress|Rapid Spin|p1a: Blue in Green
|-damage|p1a: Blue in Green|398\/404
|-sideend|p2: prof. waiv|Spikes|[from] move: Rapid Spin|[of] p2a: Forretress
|-sideend|p2: prof. waiv|Stealth Rock|[from] move: Rapid Spin|[of] p2a: Forretress
|
|-heal|p1a: Blue in Green|404\/404|[from] item: Leftovers
|-heal|p2a: Forretress|226\/354 brn|[from] item: Leftovers
|-damage|p2a: Forretress|182\/354 brn|[from] brn
|turn|31
|c| DatGuyChuck|nice brn
|
|switch|p1a: Lush Life|Celebi|345\/403
|switch|p2a: Vaporeon|Vaporeon, M|464\/464
|
|-heal|p1a: Lush Life|370\/403|[from] item: Leftovers
|turn|32
|
|move|p1a: Lush Life|Stealth Rock|p2a: Vaporeon
|-sidestart|p2: prof. waiv|move: Stealth Rock
|move|p2a: Vaporeon|Heal Bell|p2a: Vaporeon
|-cureteam|p2a: Vaporeon|[from] move: HealBell
|
|-heal|p1a: Lush Life|395\/403|[from] item: Leftovers
|turn|33
|
|move|p1a: Lush Life|Psychic|p2a: Vaporeon
|-damage|p2a: Vaporeon|371\/464
|move|p2a: Vaporeon|Wish|p2a: Vaporeon
|
|-heal|p1a: Lush Life|403\/403|[from] item: Leftovers
|-heal|p2a: Vaporeon|400\/464|[from] item: Leftovers
|turn|34
|c|âprof. waiv|lapraz
|c|âprof. waiv|why are you so good for
|c|âprof. waiv|argh
|
|switch|p1a: Nardis|Weezing, M|333\/333
|switch|p2a: Forretress|Forretress, F|182\/354
|-damage|p2a: Forretress|138\/354|[from] Stealth Rock
|
|-heal|p2a: Forretress|354\/354|[from] move: Wish|[wisher] Vaporeon
|turn|35
|c|âlapraz|turn 35
|c|âlapraz|both teams full health
|
|move|p1a: Nardis|Fire Blast|p2a: Forretress
|-supereffective|p2a: Forretress
|-damage|p2a: Forretress|46\/354
|move|p2a: Forretress|Stealth Rock|p1a: Nardis
|-sidestart|p1: lapraz|move: Stealth Rock
|
|-heal|p2a: Forretress|68\/354|[from] item: Leftovers
|turn|36
|c| watfor|not
|c| watfor|anymore
|c|âprof. waiv|nice
|c| watfor|rip
|c|âprof. waiv|!!!
|c| DatGuyChuck|__huehuehue__
|c| tuRkles|oh no oh no alt?
|c|âlapraz|yeah
|c| DatGuyChuck|flamethrower
|c| DatGuyChuck|where
|c|âprof. waiv|that's a cool one
|
|switch|p2a: Vaporeon|Vaporeon, M|400\/464
|-damage|p2a: Vaporeon|342\/464|[from] Stealth Rock
|move|p1a: Nardis|Will-O-Wisp|p2a: Vaporeon
|-status|p2a: Vaporeon|brn
|
|-heal|p2a: Vaporeon|371\/464 brn|[from] item: Leftovers
|-damage|p2a: Vaporeon|313\/464 brn|[from] brn
|turn|37
|c|âlapraz|<3 weezing
|c|âprof. waiv|o
|
|switch|p1a: Lush Life|Celebi|403\/403
|-damage|p1a: Lush Life|353\/403|[from] Stealth Rock
|move|p2a: Vaporeon|Wish|p2a: Vaporeon
|
|-heal|p1a: Lush Life|378\/403|[from] item: Leftovers
|-heal|p2a: Vaporeon|342\/464 brn|[from] item: Leftovers
|-damage|p2a: Vaporeon|284\/464 brn|[from] brn
|turn|38
|
|move|p1a: Lush Life|Psychic|p2a: Vaporeon
|-crit|p2a: Vaporeon
|-damage|p2a: Vaporeon|137\/464 brn
|move|p2a: Vaporeon|Baton Pass|p2a: Vaporeon
|
|switch|p2a: Forretress|Forretress, F|68\/354
|-damage|p2a: Forretress|24\/354|[from] Stealth Rock
|
|-heal|p2a: Forretress|256\/354|[from] move: Wish|[wisher] Vaporeon
|-heal|p1a: Lush Life|403\/403|[from] item: Leftovers
|-heal|p2a: Forretress|278\/354|[from] item: Leftovers
|turn|39
|c|âlapraz|orite
|c|âlapraz|well
|c|âlapraz|back to square 1
|
|switch|p1a: Body and Soul|Forretress, M|354\/354
|-damage|p1a: Body and Soul|310\/354|[from] Stealth Rock
|move|p2a: Forretress|Rapid Spin|p1a: Body and Soul
|-resisted|p1a: Body and Soul
|-damage|p1a: Body and Soul|305\/354
|-sideend|p2: prof. waiv|Stealth Rock|[from] move: Rapid Spin|[of] p2a: Forretress
|
|-heal|p2a: Forretress|300\/354|[from] item: Leftovers
|-heal|p1a: Body and Soul|327\/354|[from] item: Leftovers
|turn|40
|c|âprof. waiv|no
|c|âprof. waiv|i lose
|c|âprof. waiv|bye
|
|switch|p2a: Chesnaught|Chesnaught, M|380\/380
|move|p1a: Body and Soul|Rapid Spin|p2a: Chesnaught
|-damage|p2a: Chesnaught|369\/380
|-sideend|p1: lapraz|Stealth Rock|[from] move: Rapid Spin|[of] p1a: Body and Soul
|
|-heal|p2a: Chesnaught|380\/380|[from] item: Leftovers
|-heal|p1a: Body and Soul|349\/354|[from] item: Leftovers
|turn|41
|
|move|p2a: Chesnaught|Spikes|p1a: Body and Soul
|-sidestart|p1: lapraz|Spikes
|move|p1a: Body and Soul|Spikes|p2a: Chesnaught
|-sidestart|p2: prof. waiv|Spikes
|
|-heal|p1a: Body and Soul|354\/354|[from] item: Leftovers
|turn|42
|
|move|p2a: Chesnaught|Hammer Arm|p1a: Body and Soul
|-damage|p1a: Body and Soul|288\/354
|-unboost|p2a: Chesnaught|spe|1
|move|p1a: Body and Soul|Spikes|p2a: Chesnaught
|-sidestart|p2: prof. waiv|Spikes
|
|-heal|p1a: Body and Soul|310\/354|[from] item: Leftovers
|turn|43
|
|switch|p2a: Vaporeon|Vaporeon, M|137\/464 brn
|-damage|p2a: Vaporeon|60\/464 brn|[from] Spikes
|move|p1a: Body and Soul|Spikes|p2a: Vaporeon
|-sidestart|p2: prof. waiv|Spikes
|
|-heal|p2a: Vaporeon|89\/464 brn|[from] item: Leftovers
|-heal|p1a: Body and Soul|332\/354|[from] item: Leftovers
|-damage|p2a: Vaporeon|31\/464 brn|[from] brn
|turn|44
|c|âprof. waiv|gg
|
|move|p2a: Vaporeon|Heal Bell|p2a: Vaporeon
|-cureteam|p2a: Vaporeon|[from] move: HealBell
|move|p1a: Body and Soul|Gyro Ball|p2a: Vaporeon
|-resisted|p2a: Vaporeon
|-damage|p2a: Vaporeon|0 fnt
|faint|p2a: Vaporeon
|
|-heal|p1a: Body and Soul|354\/354|[from] item: Leftovers
|c|âlapraz|gg
|leave|watfor
|-message|prof. waiv forfeited.
|
|win|lapraz
|raw|Ladder updating...
|raw|lapraz's rating: 1198 &rarr; <strong>1232<\/strong><br \/>(+34 for winning)
|raw|prof. waiv's rating: 1330 &rarr; <strong>1303<\/strong><br \/>(-27 for losing)
|c|âprof. waiv|i hope you're happy
|c|âprof. waiv|with yourself
|c|âlapraz|(:
|c| tuRkles|lol
|c|âprof. waiv|ruining
|c|âprof. waiv|my hopes and dreams
|leave|prof. waiv
|player|p2
|c|âlapraz|soz m8
|leave|lapraz
|player|p1
|leave|tuRkles
|leave|DatGuyChuck
|join|DatGuyChuck