|join|DaWeezingDuckDH
|join|lapraz
|player|p1|DaWeezingDuckDH|102
|player|p2|lapraz|157
|gametype|singles
|gen|6
|tier|UU
|rated
|rule|Sleep Clause Mod: Limit one foe put to sleep
|rule|Species Clause: Limit one of each PokÃ©mon
|rule|OHKO Clause: OHKO moves are banned
|rule|Moody Clause: Moody is banned
|rule|Evasion Moves Clause: Evasion moves are banned
|rule|Endless Battle Clause: Forcing endless battles is banned
|rule|HP Percentage Mod: HP is shown in percentages
|clearpoke
|poke|p1|Cresselia, F
|poke|p1|Weezing, M
|poke|p1|Absol, M
|poke|p1|Vaporeon, M
|poke|p1|Serperior, F
|poke|p1|Crobat, M
|poke|p2|Weezing, M
|poke|p2|Forretress, F
|poke|p2|Suicune
|poke|p2|Celebi
|poke|p2|Blissey, F
|poke|p2|Spiritomb, F
|rule|Swagger Clause: Swagger is banned
|rule|Baton Pass Clause: Limit one PokÃ©mon knowing Baton Pass
|teampreview
|
|start
|switch|p1a: Absol 4.57|Absol, M|271\/271
|switch|p2a: Lush Life|Celebi|403\/403
|turn|1
|
|switch|p2a: Body and Soul|Forretress, F|354\/354
|detailschange|p1a: Absol 4.57|Absol-Mega, M
|-mega|p1a: Absol 4.57|Absol|Absolite
|move|p1a: Absol 4.57|Knock Off|p2a: Body and Soul
|-damage|p2a: Body and Soul|234\/354
|-enditem|p2a: Body and Soul|Leftovers|[from] move: Knock Off|[of] p1a: Absol 4.57
|
|turn|2
|
|switch|p1a: Serperior 0.04|Serperior, F|291\/291
|move|p2a: Body and Soul|Gyro Ball|p1a: Serperior 0.04
|-damage|p1a: Serperior 0.04|165\/291
|
|-heal|p1a: Serperior 0.04|183\/291|[from] item: Leftovers
|turn|3
|
|move|p1a: Serperior 0.04|Hidden Power|p2a: Body and Soul
|-supereffective|p2a: Body and Soul
|-damage|p2a: Body and Soul|0 fnt
|faint|p2a: Body and Soul
|
|-heal|p1a: Serperior 0.04|201\/291|[from] item: Leftovers
|
|switch|p2a: My Foolish Heart|Blissey, F|657\/657
|turn|4
|
|switch|p1a: Weezing 1.07|Weezing, M|334\/334
|move|p2a: My Foolish Heart|Toxic|p1a: Weezing 1.07
|-fail|p1a: Weezing 1.07
|
|turn|5
|
|switch|p2a: Lush Life|Celebi|403\/403
|move|p1a: Weezing 1.07|Toxic Spikes|p2a: Lush Life
|-sidestart|p2: lapraz|move: Toxic Spikes
|
|turn|6
|
|switch|p1a: Absol 4.57|Absol-Mega, M|271\/271
|move|p2a: Lush Life|Psychic|p1a: Absol 4.57
|-immune|p1a: Absol 4.57|[msg]
|
|turn|7
|
|switch|p2a: Nardis|Weezing, M|333\/333
|move|p1a: Absol 4.57|Knock Off|p2a: Nardis
|-damage|p2a: Nardis|201\/333
|-enditem|p2a: Nardis|Black Sludge|[from] move: Knock Off|[of] p1a: Absol 4.57
|
|turn|8
|
|move|p1a: Absol 4.57|Sucker Punch|p2a: Nardis
|-fail|p2a: Nardis
|move|p2a: Nardis|Pain Split|p1a: Absol 4.57
|-sethp|p1a: Absol 4.57|236\/271|p2a: Nardis|236\/333|[from] move: Pain Split
|
|turn|9
|
|move|p1a: Absol 4.57|Swords Dance|p1a: Absol 4.57
|-boost|p1a: Absol 4.57|atk|2
|move|p2a: Nardis|Fire Blast|p1a: Absol 4.57
|-damage|p1a: Absol 4.57|119\/271
|
|turn|10
|
|move|p1a: Absol 4.57|Knock Off|p2a: Nardis
|-crit|p2a: Nardis
|-damage|p2a: Nardis|0 fnt
|faint|p2a: Nardis
|
|
|switch|p2a: Bitches Brew|Spiritomb, F|304\/304
|-status|p2a: Bitches Brew|psn
|turn|11
|
|move|p1a: Absol 4.57|Play Rough|p2a: Bitches Brew
|-supereffective|p2a: Bitches Brew
|-damage|p2a: Bitches Brew|0 fnt
|faint|p2a: Bitches Brew
|
|
|switch|p2a: Blue in Green|Suicune|404\/404
|-status|p2a: Blue in Green|psn
|-ability|p2a: Blue in Green|Pressure
|turn|12
|
|move|p1a: Absol 4.57|Knock Off|p2a: Blue in Green
|-damage|p2a: Blue in Green|137\/404 psn
|-enditem|p2a: Blue in Green|Leftovers|[from] move: Knock Off|[of] p1a: Absol 4.57
|move|p2a: Blue in Green|Scald|p1a: Absol 4.57
|-damage|p1a: Absol 4.57|0 fnt
|faint|p1a: Absol 4.57
|
|-damage|p2a: Blue in Green|87\/404 psn|[from] psn
|
|switch|p1a: Serperior 0.04|Serperior, F|201\/291
|turn|13
|
|switch|p2a: My Foolish Heart|Blissey, F|657\/657
|-status|p2a: My Foolish Heart|psn
|move|p1a: Serperior 0.04|Leaf Storm|p2a: My Foolish Heart
|-damage|p2a: My Foolish Heart|555\/657 psn
|-boost|p1a: Serperior 0.04|spa|2
|
|-heal|p1a: Serperior 0.04|219\/291|[from] item: Leftovers
|-heal|p2a: My Foolish Heart|596\/657 psn|[from] item: Leftovers
|-damage|p2a: My Foolish Heart|514\/657 psn|[from] psn
|turn|14
|
|move|p1a: Serperior 0.04|Leaf Storm|p2a: My Foolish Heart
|-damage|p2a: My Foolish Heart|315\/657 psn
|-boost|p1a: Serperior 0.04|spa|2
|move|p2a: My Foolish Heart|Toxic|p1a: Serperior 0.04
|-status|p1a: Serperior 0.04|tox
|
|-heal|p1a: Serperior 0.04|237\/291 tox|[from] item: Leftovers
|-heal|p2a: My Foolish Heart|356\/657 psn|[from] item: Leftovers
|-damage|p1a: Serperior 0.04|219\/291 tox|[from] psn
|-damage|p2a: My Foolish Heart|274\/657 psn|[from] psn
|turn|15
|-message|lapraz forfeited.
|
|win|DaWeezingDuckDH
|raw|Ladder updating...
|leave|lapraz
|player|p2
|raw|DaWeezingDuckDH's rating: 1491 &rarr; <strong>1518<\/strong><br \/>(+27 for winning)
|raw|lapraz's rating: 1608 &rarr; <strong>1582<\/strong><br \/>(-26 for losing)