|join|lapraz
|join|Clement1
|player|p1|lapraz|157
|player|p2|Clement1|169
|gametype|singles
|gen|6
|tier|UU
|rated
|rule|Sleep Clause Mod: Limit one foe put to sleep
|rule|Species Clause: Limit one of each PokÃ©mon
|rule|OHKO Clause: OHKO moves are banned
|rule|Moody Clause: Moody is banned
|rule|Evasion Moves Clause: Evasion moves are banned
|rule|Endless Battle Clause: Forcing endless battles is banned
|rule|HP Percentage Mod: HP is shown in percentages
|clearpoke
|poke|p1|Weezing, F
|poke|p1|Forretress, M
|poke|p1|Suicune
|poke|p1|Celebi
|poke|p1|Blissey, F
|poke|p1|Spiritomb, M
|poke|p2|Machamp, M
|poke|p2|Porygon2
|poke|p2|Jirachi
|poke|p2|Espeon, F
|poke|p2|Froslass, F, shiny
|poke|p2|Aggron, F
|rule|Swagger Clause: Swagger is banned
|rule|Baton Pass Clause: Limit one PokÃ©mon knowing Baton Pass
|teampreview
|join|prof. waiv
|c| prof. waiv|lapraz
|c| prof. waiv|more like
|c| prof. waiv|oh no
|c| prof. waiv|!!!
|c| prof. waiv|:o
|c| prof. waiv|reveal
|c|âlapraz|!!!
|
|start
|switch|p1a: Body and Soul|Forretress, M|354\/354
|switch|p2a: Froslass|Froslass, F, shiny|343\/343
|turn|1
|
|move|p2a: Froslass|Taunt|p1a: Body and Soul
|-start|p1a: Body and Soul|move: Taunt
|move|p1a: Body and Soul|Gyro Ball|p2a: Froslass
|-supereffective|p2a: Froslass
|-damage|p2a: Froslass|29\/343
|
|turn|2
|
|switch|p1a: Lush Life|Celebi|403\/403
|move|p2a: Froslass|Destiny Bond|p2a: Froslass
|-singlemove|p2a: Froslass|Destiny Bond
|
|turn|3
|
|move|p2a: Froslass|Spikes|p1a: Lush Life
|-sidestart|p1: lapraz|Spikes
|move|p1a: Lush Life|Stealth Rock|p2a: Froslass
|-sidestart|p2: Clement1|move: Stealth Rock
|
|turn|4
|c| prof. waiv|BOP
|
|move|p2a: Froslass|Destiny Bond|p2a: Froslass
|-singlemove|p2a: Froslass|Destiny Bond
|move|p1a: Lush Life|Psychic|p2a: Froslass
|-damage|p2a: Froslass|0 fnt
|faint|p2a: Froslass
|-activate|p2a: Froslass|Destiny Bond
|faint|p1a: Lush Life
|
|c| prof. waiv|o
|c|âlapraz|ok
|
|switch|p2a: Jirachi|Jirachi|354\/354
|switch|p1a: Body and Soul|Forretress, M|354\/354
|-damage|p2a: Jirachi|332\/354|[from] Stealth Rock
|-damage|p1a: Body and Soul|310\/354|[from] Spikes
|turn|5
|
|move|p2a: Jirachi|Fire Punch|p1a: Body and Soul
|-supereffective|p1a: Body and Soul
|-damage|p1a: Body and Soul|138\/354
|move|p1a: Body and Soul|Rapid Spin|p2a: Jirachi
|-resisted|p2a: Jirachi
|-damage|p2a: Jirachi|324\/354
|-sideend|p1: lapraz|Spikes|[from] move: Rapid Spin|[of] p1a: Body and Soul
|
|-heal|p1a: Body and Soul|160\/354|[from] item: Leftovers
|turn|6
|
|switch|p1a: Blue in Green|Suicune|404\/404
|-ability|p1a: Blue in Green|Pressure
|move|p2a: Jirachi|Fire Punch|p1a: Blue in Green
|-resisted|p1a: Blue in Green
|-damage|p1a: Blue in Green|378\/404
|
|-heal|p1a: Blue in Green|403\/404|[from] item: Leftovers
|turn|7
|
|switch|p2a: Espeon|Espeon, F|334\/334
|-damage|p2a: Espeon|293\/334|[from] Stealth Rock
|move|p1a: Blue in Green|Scald|p2a: Espeon
|-damage|p2a: Espeon|202\/334
|
|-heal|p2a: Espeon|222\/334|[from] item: Leftovers
|-heal|p1a: Blue in Green|404\/404|[from] item: Leftovers
|turn|8
|
|switch|p1a: Bitches Brew|Spiritomb, M|304\/304
|move|p2a: Espeon|Calm Mind|p2a: Espeon
|-boost|p2a: Espeon|spa|1
|-boost|p2a: Espeon|spd|1
|
|-heal|p2a: Espeon|242\/334|[from] item: Leftovers
|turn|9
|
|move|p2a: Espeon|Dazzling Gleam|p1a: Bitches Brew
|-supereffective|p1a: Bitches Brew
|-damage|p1a: Bitches Brew|144\/304
|move|p1a: Bitches Brew|Foul Play|p2a: Espeon
|-supereffective|p2a: Espeon
|-damage|p2a: Espeon|36\/334
|
|-heal|p2a: Espeon|56\/334|[from] item: Leftovers
|-heal|p1a: Bitches Brew|163\/304|[from] item: Leftovers
|turn|10
|
|move|p2a: Espeon|Dazzling Gleam|p1a: Bitches Brew
|-supereffective|p1a: Bitches Brew
|-damage|p1a: Bitches Brew|0 fnt
|faint|p1a: Bitches Brew
|
|-heal|p2a: Espeon|76\/334|[from] item: Leftovers
|
|switch|p1a: My Foolish Heart|Blissey, F|657\/657
|turn|11
|
|move|p2a: Espeon|Morning Sun|p2a: Espeon
|-heal|p2a: Espeon|243\/334
|move|p1a: My Foolish Heart|Seismic Toss|p2a: Espeon
|-damage|p2a: Espeon|143\/334
|
|-heal|p2a: Espeon|163\/334|[from] item: Leftovers
|turn|12
|
|move|p2a: Espeon|Morning Sun|p2a: Espeon
|-heal|p2a: Espeon|330\/334
|move|p1a: My Foolish Heart|Seismic Toss|p2a: Espeon
|-damage|p2a: Espeon|230\/334
|
|-heal|p2a: Espeon|250\/334|[from] item: Leftovers
|turn|13
|c|âlapraz|ye i can't beat this thing gg
|c|âClement1|gg
|
|switch|p1a: Blue in Green|Suicune|404\/404
|-ability|p1a: Blue in Green|Pressure
|move|p2a: Espeon|Calm Mind|p2a: Espeon
|-boost|p2a: Espeon|spa|1
|-boost|p2a: Espeon|spd|1
|
|-heal|p2a: Espeon|270\/334|[from] item: Leftovers
|turn|14
|
|move|p2a: Espeon|Calm Mind|p2a: Espeon
|-boost|p2a: Espeon|spa|1
|-boost|p2a: Espeon|spd|1
|move|p1a: Blue in Green|Scald|p2a: Espeon
|-damage|p2a: Espeon|234\/334
|
|-heal|p2a: Espeon|254\/334|[from] item: Leftovers
|turn|15
|
|move|p2a: Espeon|Psyshock|p1a: Blue in Green
|-damage|p1a: Blue in Green|215\/404
|move|p1a: Blue in Green|Scald|p2a: Espeon
|-damage|p2a: Espeon|217\/334
|-status|p2a: Espeon|brn
|
|-heal|p2a: Espeon|237\/334 brn|[from] item: Leftovers
|-heal|p1a: Blue in Green|240\/404|[from] item: Leftovers
|-damage|p2a: Espeon|196\/334 brn|[from] brn
|turn|16
|
|move|p2a: Espeon|Calm Mind|p2a: Espeon
|-boost|p2a: Espeon|spa|1
|-boost|p2a: Espeon|spd|1
|move|p1a: Blue in Green|Rest|p1a: Blue in Green
|-status|p1a: Blue in Green|slp
|-heal|p1a: Blue in Green|404\/404 slp|[silent]
|-status|p1a: Blue in Green|slp|[from] move: Rest
|
|-heal|p2a: Espeon|216\/334 brn|[from] item: Leftovers
|-damage|p2a: Espeon|175\/334 brn|[from] brn
|turn|17
|
|switch|p1a: My Foolish Heart|Blissey, F|657\/657
|move|p2a: Espeon|Psyshock|p1a: My Foolish Heart
|-damage|p1a: My Foolish Heart|0 fnt
|faint|p1a: My Foolish Heart
|
|-heal|p2a: Espeon|195\/334 brn|[from] item: Leftovers
|-damage|p2a: Espeon|154\/334 brn|[from] brn
|
|switch|p1a: Body and Soul|Forretress, M|160\/354
|turn|18
|
|move|p2a: Espeon|Dazzling Gleam|p1a: Body and Soul
|-resisted|p1a: Body and Soul
|-damage|p1a: Body and Soul|0 fnt
|faint|p1a: Body and Soul
|
|-heal|p2a: Espeon|174\/334 brn|[from] item: Leftovers
|-damage|p2a: Espeon|133\/334 brn|[from] brn
|
|switch|p1a: Nardis|Weezing, F|333\/333
|turn|19
|
|move|p2a: Espeon|Psyshock|p1a: Nardis
|-supereffective|p1a: Nardis
|-damage|p1a: Nardis|0 fnt
|faint|p1a: Nardis
|
|-heal|p2a: Espeon|153\/334 brn|[from] item: Leftovers
|-damage|p2a: Espeon|112\/334 brn|[from] brn
|
|switch|p1a: Blue in Green|Suicune|404\/404 slp
|-ability|p1a: Blue in Green|Pressure
|turn|20
|
|move|p2a: Espeon|Psyshock|p1a: Blue in Green
|-damage|p1a: Blue in Green|172\/404 slp
|cant|p1a: Blue in Green|slp
|move|p1a: Blue in Green|Sleep Talk|p1a: Blue in Green
|move|p1a: Blue in Green|Scald|p2a: Espeon|[from]Sleep Talk
|-damage|p2a: Espeon|82\/334 brn
|
|-heal|p2a: Espeon|102\/334 brn|[from] item: Leftovers
|-heal|p1a: Blue in Green|197\/404 slp|[from] item: Leftovers
|-damage|p2a: Espeon|61\/334 brn|[from] brn
|turn|21
|
|move|p2a: Espeon|Psyshock|p1a: Blue in Green
|-damage|p1a: Blue in Green|0 fnt
|faint|p1a: Blue in Green
|
|win|Clement1
|raw|Ladder updating...
|raw|lapraz's rating: 1624 &rarr; <strong>1590<\/strong><br \/>(-34 for losing)
|raw|Clement1's rating: 1331 &rarr; <strong>1364<\/strong><br \/>(+33 for winning)
|c|âClement1|gg
|c|âlapraz|gg
|leave|lapraz
|player|p1
|join|Docreunitickles