|join|Lapraz
|join|Fuck Yeah Murica
|player|p1|Lapraz|157
|player|p2|Fuck Yeah Murica|288
|gametype|singles
|gen|6
|tier|UU
|rated
|rule|Sleep Clause Mod: Limit one foe put to sleep
|rule|Species Clause: Limit one of each PokÃ©mon
|rule|OHKO Clause: OHKO moves are banned
|rule|Moody Clause: Moody is banned
|rule|Evasion Moves Clause: Evasion moves are banned
|rule|Endless Battle Clause: Forcing endless battles is banned
|rule|HP Percentage Mod: HP is shown in percentages
|clearpoke
|poke|p1|Blissey, F
|poke|p1|Suicune
|poke|p1|Krookodile, F
|poke|p1|Granbull, M
|poke|p1|Forretress, M
|poke|p1|Moltres
|poke|p2|Entei, shiny
|poke|p2|Roserade, F
|poke|p2|Blastoise, F
|poke|p2|Jirachi
|poke|p2|Krookodile, M
|poke|p2|Yanmega, F
|rule|Swagger Clause: Swagger is banned
|rule|Baton Pass Clause: Limit one PokÃ©mon knowing Baton Pass
|teampreview
|join|Topkeka
|
|start
|switch|p1a: Granbull|Granbull, M|384\/384
|switch|p2a: Krookodile|Krookodile, M|331\/331
|-ability|p2a: Krookodile|Intimidate|[of] p1a: Granbull
|-unboost|p1a: Granbull|atk|1
|-ability|p1a: Granbull|Intimidate|[of] p2a: Krookodile
|-unboost|p2a: Krookodile|atk|1
|turn|1
|
|switch|p2a: Jirachi|Jirachi|341\/341
|move|p1a: Granbull|Play Rough|p2a: Jirachi
|-resisted|p2a: Jirachi
|-damage|p2a: Jirachi|302\/341
|
|turn|2
|
|switch|p1a: Forretress|Forretress, M|354\/354
|move|p2a: Jirachi|U-turn|p1a: Forretress
|-crit|p1a: Forretress
|-resisted|p1a: Forretress
|-damage|p1a: Forretress|326\/354
|
|switch|p2a: Entei|Entei, shiny|371\/371
|-ability|p2a: Entei|Pressure
|
|-heal|p1a: Forretress|348\/354|[from] item: Leftovers
|turn|3
|join|Starmeiâ¥
|
|switch|p1a: Suicune|Suicune|404\/404
|-ability|p1a: Suicune|Pressure
|move|p2a: Entei|Sacred Fire|p1a: Suicune
|-resisted|p1a: Suicune
|-damage|p1a: Suicune|314\/404
|
|-heal|p1a: Suicune|339\/404|[from] item: Leftovers
|turn|4
|
|switch|p2a: Roserade|Roserade, F|261\/261
|move|p1a: Suicune|Scald|p2a: Roserade
|-resisted|p2a: Roserade
|-damage|p2a: Roserade|218\/261
|
|-heal|p1a: Suicune|364\/404|[from] item: Leftovers
|turn|5
|
|switch|p1a: Forretress|Forretress, M|348\/354
|move|p2a: Roserade|Spikes|p1a: Forretress
|-sidestart|p1: Lapraz|Spikes
|
|-heal|p1a: Forretress|354\/354|[from] item: Leftovers
|turn|6
|join|OverlordMatt5379
|
|switch|p2a: Krookodile|Krookodile, M|331\/331
|-ability|p2a: Krookodile|Intimidate|[of] p1a: Forretress
|-unboost|p1a: Forretress|atk|1
|switch|p1a: Moltres|Moltres|383\/383
|-ability|p1a: Moltres|Pressure
|
|turn|7
|leave|OverlordMatt5379
|
|switch|p2a: Entei|Entei, shiny|371\/371
|-ability|p2a: Entei|Pressure
|switch|p1a: Granbull|Granbull, M|384\/384
|-damage|p1a: Granbull|336\/384|[from] Spikes
|-ability|p1a: Granbull|Intimidate|[of] p2a: Entei
|-unboost|p2a: Entei|atk|1
|
|-heal|p1a: Granbull|360\/384|[from] item: Leftovers
|turn|8
|
|switch|p2a: Roserade|Roserade, F|218\/261
|switch|p1a: Suicune|Suicune|364\/404
|-damage|p1a: Suicune|314\/404|[from] Spikes
|-ability|p1a: Suicune|Pressure
|
|-heal|p1a: Suicune|339\/404|[from] item: Leftovers
|turn|9
|
|switch|p2a: Entei|Entei, shiny|371\/371
|-ability|p2a: Entei|Pressure
|switch|p1a: Forretress|Forretress, M|354\/354
|-damage|p1a: Forretress|310\/354|[from] Spikes
|
|-heal|p1a: Forretress|332\/354|[from] item: Leftovers
|turn|10
|
|switch|p1a: Moltres|Moltres|383\/383
|-ability|p1a: Moltres|Pressure
|move|p2a: Entei|Sacred Fire|p1a: Moltres
|-resisted|p1a: Moltres
|-damage|p1a: Moltres|228\/383
|
|-heal|p1a: Moltres|251\/383|[from] item: Leftovers
|turn|11
|
|switch|p2a: Blastoise|Blastoise, F|313\/313
|move|p1a: Moltres|Defog|p2a: Blastoise
|-unboost|p2a: Blastoise|evasion|1
|-sideend|p1: Lapraz|Spikes|[from] move: Defog|[of] p1a: Moltres
|
|-heal|p1a: Moltres|274\/383|[from] item: Leftovers
|turn|12
|
|switch|p2a: Krookodile|Krookodile, M|331\/331
|-ability|p2a: Krookodile|Intimidate|[of] p1a: Moltres
|-unboost|p1a: Moltres|atk|1
|switch|p1a: Blissey|Blissey, F|657\/657
|
|turn|13
|
|switch|p1a: Granbull|Granbull, M|360\/384
|-ability|p1a: Granbull|Intimidate|[of] p2a: Krookodile
|-unboost|p2a: Krookodile|atk|1
|move|p2a: Krookodile|Taunt|p1a: Granbull
|-start|p1a: Granbull|move: Taunt
|
|-heal|p1a: Granbull|384\/384|[from] item: Leftovers
|turn|14
|
|switch|p2a: Jirachi|Jirachi|302\/341
|move|p1a: Granbull|Play Rough|p2a: Jirachi
|-resisted|p2a: Jirachi
|-damage|p2a: Jirachi|245\/341
|
|turn|15
|
|switch|p1a: Forretress|Forretress, M|332\/354
|move|p2a: Jirachi|U-turn|p1a: Forretress
|-resisted|p1a: Forretress
|-damage|p1a: Forretress|313\/354
|
|switch|p2a: Entei|Entei, shiny|371\/371
|-ability|p2a: Entei|Pressure
|
|-heal|p1a: Forretress|335\/354|[from] item: Leftovers
|turn|16
|
|switch|p1a: Suicune|Suicune|339\/404
|-ability|p1a: Suicune|Pressure
|move|p2a: Entei|Sacred Fire|p1a: Suicune
|-resisted|p1a: Suicune
|-damage|p1a: Suicune|256\/404
|
|-heal|p1a: Suicune|281\/404|[from] item: Leftovers
|turn|17
|
|switch|p2a: Roserade|Roserade, F|218\/261
|move|p1a: Suicune|Scald|p2a: Roserade
|-resisted|p2a: Roserade
|-damage|p2a: Roserade|178\/261
|
|-heal|p1a: Suicune|306\/404|[from] item: Leftovers
|turn|18
|join|RaiseUrDongerz
|
|switch|p1a: Moltres|Moltres|274\/383
|-ability|p1a: Moltres|Pressure
|move|p2a: Roserade|Spikes|p1a: Moltres
|-sidestart|p1: Lapraz|Spikes
|
|-heal|p1a: Moltres|297\/383|[from] item: Leftovers
|turn|19
|
|move|p2a: Roserade|Sludge Bomb|p1a: Moltres
|-damage|p1a: Moltres|141\/383
|-status|p1a: Moltres|psn
|-damage|p2a: Roserade|152\/261|[from] item: Life Orb
|move|p1a: Moltres|Defog|p2a: Roserade
|-unboost|p2a: Roserade|evasion|1
|-sideend|p1: Lapraz|Spikes|[from] move: Defog|[of] p1a: Moltres
|
|-heal|p1a: Moltres|164\/383 psn|[from] item: Leftovers
|-damage|p1a: Moltres|117\/383 psn|[from] psn
|turn|20
|
|switch|p1a: Forretress|Forretress, M|335\/354
|move|p2a: Roserade|Spikes|p1a: Forretress
|-sidestart|p1: Lapraz|Spikes
|
|-heal|p1a: Forretress|354\/354|[from] item: Leftovers
|turn|21
|
|switch|p2a: Entei|Entei, shiny|371\/371
|-ability|p2a: Entei|Pressure
|move|p1a: Forretress|Rapid Spin|p2a: Entei
|-damage|p2a: Entei|355\/371
|-sideend|p1: Lapraz|Spikes|[from] move: Rapid Spin|[of] p1a: Forretress
|
|turn|22
|
|switch|p1a: Suicune|Suicune|306\/404
|-ability|p1a: Suicune|Pressure
|move|p2a: Entei|Flare Blitz|p1a: Suicune
|-resisted|p1a: Suicune
|-damage|p1a: Suicune|198\/404
|-damage|p2a: Entei|319\/371|[from] recoil|[of] p1a: Suicune
|
|-heal|p1a: Suicune|223\/404|[from] item: Leftovers
|turn|23
|
|switch|p2a: Roserade|Roserade, F|152\/261
|move|p1a: Suicune|Scald|p2a: Roserade
|-resisted|p2a: Roserade
|-damage|p2a: Roserade|113\/261
|
|-heal|p1a: Suicune|248\/404|[from] item: Leftovers
|turn|24
|
|switch|p2a: Krookodile|Krookodile, M|331\/331
|-ability|p2a: Krookodile|Intimidate|[of] p1a: Suicune
|-unboost|p1a: Suicune|atk|1
|switch|p1a: Forretress|Forretress, M|354\/354
|
|turn|25
|leave|Cyndequil
|
|switch|p1a: Granbull|Granbull, M|384\/384
|-ability|p1a: Granbull|Intimidate|[of] p2a: Krookodile
|-unboost|p2a: Krookodile|atk|1
|move|p2a: Krookodile|Stealth Rock|p1a: Granbull
|-sidestart|p1: Lapraz|move: Stealth Rock
|
|turn|26
|join|Cyndequil
|leave|Cyndequil
|
|switch|p2a: Roserade|Roserade, F|113\/261
|move|p1a: Granbull|Play Rough|p2a: Roserade
|-resisted|p2a: Roserade
|-damage|p2a: Roserade|33\/261
|
|turn|27
|
|switch|p2a: Entei|Entei, shiny|319\/371
|-ability|p2a: Entei|Pressure
|switch|p1a: Forretress|Forretress, M|354\/354
|-damage|p1a: Forretress|310\/354|[from] Stealth Rock
|
|-heal|p1a: Forretress|332\/354|[from] item: Leftovers
|turn|28
|
|switch|p1a: Suicune|Suicune|248\/404
|-damage|p1a: Suicune|198\/404|[from] Stealth Rock
|-ability|p1a: Suicune|Pressure
|move|p2a: Entei|Flare Blitz|p1a: Suicune
|-resisted|p1a: Suicune
|-damage|p1a: Suicune|90\/404
|-damage|p2a: Entei|283\/371|[from] recoil|[of] p1a: Suicune
|
|-heal|p1a: Suicune|115\/404|[from] item: Leftovers
|turn|29
|
|switch|p2a: Roserade|Roserade, F|33\/261
|move|p1a: Suicune|Rest|p1a: Suicune
|-status|p1a: Suicune|slp
|-heal|p1a: Suicune|404\/404 slp|[silent]
|-status|p1a: Suicune|slp|[from] move: Rest
|
|turn|30
|
|switch|p2a: Entei|Entei, shiny|283\/371
|-ability|p2a: Entei|Pressure
|switch|p1a: Forretress|Forretress, M|332\/354
|-damage|p1a: Forretress|288\/354|[from] Stealth Rock
|
|-heal|p1a: Forretress|310\/354|[from] item: Leftovers
|turn|31
|
|switch|p1a: Suicune|Suicune|404\/404 slp
|-damage|p1a: Suicune|354\/404 slp|[from] Stealth Rock
|-ability|p1a: Suicune|Pressure
|move|p2a: Entei|Flare Blitz|p1a: Suicune
|-resisted|p1a: Suicune
|-damage|p1a: Suicune|247\/404 slp
|-damage|p2a: Entei|248\/371|[from] recoil|[of] p1a: Suicune
|
|-heal|p1a: Suicune|272\/404 slp|[from] item: Leftovers
|turn|32
|
|switch|p2a: Roserade|Roserade, F|33\/261
|cant|p1a: Suicune|slp
|
|-heal|p1a: Suicune|297\/404 slp|[from] item: Leftovers
|turn|33
|join|Cyndequil
|
|switch|p2a: Krookodile|Krookodile, M|331\/331
|-ability|p2a: Krookodile|Intimidate|[of] p1a: Suicune
|-unboost|p1a: Suicune|atk|1
|switch|p1a: Forretress|Forretress, M|310\/354
|-damage|p1a: Forretress|266\/354|[from] Stealth Rock
|
|-heal|p1a: Forretress|288\/354|[from] item: Leftovers
|turn|34
|
|move|p2a: Krookodile|Knock Off|p1a: Forretress
|-damage|p1a: Forretress|177\/354
|-enditem|p1a: Forretress|Leftovers|[from] move: Knock Off|[of] p2a: Krookodile
|move|p1a: Forretress|Spikes|p2a: Krookodile
|-sidestart|p2: Fuck Yeah Murica|Spikes
|
|turn|35
|leave|Cyndequil
|
|move|p2a: Krookodile|Earthquake|p1a: Forretress
|-damage|p1a: Forretress|78\/354
|move|p1a: Forretress|Rapid Spin|p2a: Krookodile
|-damage|p2a: Krookodile|313\/331
|-sideend|p1: Lapraz|Stealth Rock|[from] move: Rapid Spin|[of] p1a: Forretress
|
|turn|36
|
|switch|p1a: Moltres|Moltres|117\/383 psn
|-ability|p1a: Moltres|Pressure
|move|p2a: Krookodile|Stealth Rock|p1a: Moltres
|-sidestart|p1: Lapraz|move: Stealth Rock
|
|-heal|p1a: Moltres|140\/383 psn|[from] item: Leftovers
|-damage|p1a: Moltres|93\/383 psn|[from] psn
|turn|37
|
|move|p2a: Krookodile|Knock Off|p1a: Moltres
|-damage|p1a: Moltres|0 fnt
|-enditem|p1a: Moltres|Leftovers|[from] move: Knock Off|[of] p2a: Krookodile
|faint|p1a: Moltres
|
|
|switch|p1a: Granbull|Granbull, M|384\/384
|-damage|p1a: Granbull|336\/384|[from] Stealth Rock
|-ability|p1a: Granbull|Intimidate|[of] p2a: Krookodile
|-unboost|p2a: Krookodile|atk|1
|turn|38
|
|switch|p2a: Jirachi|Jirachi|245\/341
|-damage|p2a: Jirachi|203\/341|[from] Spikes
|move|p1a: Granbull|Play Rough|p2a: Jirachi
|-resisted|p2a: Jirachi
|-damage|p2a: Jirachi|141\/341
|
|-heal|p1a: Granbull|360\/384|[from] item: Leftovers
|turn|39
|
|switch|p1a: Krookodile|Krookodile, F|393\/393
|-damage|p1a: Krookodile|369\/393|[from] Stealth Rock
|-ability|p1a: Krookodile|Intimidate|[of] p2a: Jirachi
|-unboost|p2a: Jirachi|atk|1
|move|p2a: Jirachi|U-turn|p1a: Krookodile
|-supereffective|p1a: Krookodile
|-damage|p1a: Krookodile|287\/393
|
|switch|p2a: Blastoise|Blastoise, F|313\/313
|-damage|p2a: Blastoise|274\/313|[from] Spikes
|
|-heal|p1a: Krookodile|311\/393|[from] item: Leftovers
|turn|40
|
|switch|p1a: Blissey|Blissey, F|657\/657
|-damage|p1a: Blissey|575\/657|[from] Stealth Rock
|detailschange|p2a: Blastoise|Blastoise-Mega, F
|-mega|p2a: Blastoise|Blastoise|Blastoisinite
|move|p2a: Blastoise|Rapid Spin|p1a: Blissey
|-damage|p1a: Blissey|551\/657
|-sideend|p2: Fuck Yeah Murica|Spikes|[from] move: Rapid Spin|[of] p2a: Blastoise
|
|-heal|p1a: Blissey|592\/657|[from] item: Leftovers
|turn|41
|
|switch|p2a: Krookodile|Krookodile, M|313\/331
|-ability|p2a: Krookodile|Intimidate|[of] p1a: Blissey
|-unboost|p1a: Blissey|atk|1
|move|p1a: Blissey|Seismic Toss|p2a: Krookodile
|-damage|p2a: Krookodile|213\/331
|
|-heal|p1a: Blissey|633\/657|[from] item: Leftovers
|turn|42
|
|switch|p1a: Granbull|Granbull, M|360\/384
|-damage|p1a: Granbull|312\/384|[from] Stealth Rock
|-ability|p1a: Granbull|Intimidate|[of] p2a: Krookodile
|-unboost|p2a: Krookodile|atk|1
|move|p2a: Krookodile|Knock Off|p1a: Granbull
|-resisted|p1a: Granbull
|-damage|p1a: Granbull|255\/384
|-enditem|p1a: Granbull|Leftovers|[from] move: Knock Off|[of] p2a: Krookodile
|
|turn|43
|
|switch|p2a: Entei|Entei, shiny|248\/371
|-ability|p2a: Entei|Pressure
|move|p1a: Granbull|Play Rough|p2a: Entei
|-resisted|p2a: Entei
|-damage|p2a: Entei|181\/371
|
|turn|44
|
|move|p2a: Entei|Flare Blitz|p1a: Granbull
|-damage|p1a: Granbull|0 fnt
|-damage|p2a: Entei|97\/371|[from] recoil|[of] p1a: Granbull
|faint|p1a: Granbull
|
|
|switch|p1a: Krookodile|Krookodile, F|311\/393
|-damage|p1a: Krookodile|287\/393|[from] Stealth Rock
|-ability|p1a: Krookodile|Intimidate|[of] p2a: Entei
|-unboost|p2a: Entei|atk|1
|turn|45
|
|move|p2a: Entei|Flare Blitz|p1a: Krookodile
|-damage|p1a: Krookodile|98\/393
|-damage|p2a: Entei|35\/371|[from] recoil|[of] p1a: Krookodile
|move|p1a: Krookodile|Earthquake|p2a: Entei
|-supereffective|p2a: Entei
|-damage|p2a: Entei|0 fnt
|faint|p2a: Entei
|
|-heal|p1a: Krookodile|122\/393|[from] item: Leftovers
|
|switch|p2a: Krookodile|Krookodile, M|213\/331
|-ability|p2a: Krookodile|Intimidate|[of] p1a: Krookodile
|-unboost|p1a: Krookodile|atk|1
|turn|46
|
|move|p2a: Krookodile|Earthquake|p1a: Krookodile
|-damage|p1a: Krookodile|0 fnt
|faint|p1a: Krookodile
|
|
|switch|p1a: Suicune|Suicune|297\/404 slp
|-damage|p1a: Suicune|247\/404 slp|[from] Stealth Rock
|-ability|p1a: Suicune|Pressure
|turn|47
|
|move|p2a: Krookodile|Taunt|p1a: Suicune
|-start|p1a: Suicune|move: Taunt
|cant|p1a: Suicune|slp
|
|-heal|p1a: Suicune|272\/404 slp|[from] item: Leftovers
|turn|48
|join|dragonsrocks
|
|switch|p2a: Jirachi|Jirachi|141\/341
|-curestatus|p1a: Suicune|slp
|move|p1a: Suicune|Scald|p2a: Jirachi
|-damage|p2a: Jirachi|50\/341
|-status|p2a: Jirachi|brn
|
|-heal|p1a: Suicune|297\/404|[from] item: Leftovers
|-damage|p2a: Jirachi|8\/341 brn|[from] brn
|turn|49
|c| dragonsrocks|hi
|c|âFuck Yeah Murica|fuck
|c| dragonsrocks|JIRACHI!!
|
|switch|p1a: Forretress|Forretress, M|78\/354
|-damage|p1a: Forretress|34\/354|[from] Stealth Rock
|move|p2a: Jirachi|Healing Wish|p2a: Jirachi
|faint|p2a: Jirachi
|
|
|switch|p2a: Roserade|Roserade, F|33\/261
|-heal|p2a: Roserade|261\/261|[from] move: Healing Wish
|turn|50
|
|move|p2a: Roserade|Giga Drain|p1a: Forretress
|-resisted|p1a: Forretress
|-damage|p1a: Forretress|0 fnt
|-damage|p2a: Roserade|235\/261|[from] item: Life Orb
|faint|p1a: Forretress
|
|
|switch|p1a: Blissey|Blissey, F|633\/657
|-damage|p1a: Blissey|551\/657|[from] Stealth Rock
|turn|51
|
|move|p2a: Roserade|Spikes|p1a: Blissey
|-sidestart|p1: Lapraz|Spikes
|move|p1a: Blissey|Seismic Toss|p2a: Roserade
|-damage|p2a: Roserade|135\/261
|
|-heal|p1a: Blissey|592\/657|[from] item: Leftovers
|turn|52
|
|switch|p2a: Blastoise|Blastoise-Mega, F|274\/313
|move|p1a: Blissey|Seismic Toss|p2a: Blastoise
|-damage|p2a: Blastoise|174\/313
|
|-heal|p1a: Blissey|633\/657|[from] item: Leftovers
|turn|53
|
|move|p2a: Blastoise|Scald|p1a: Blissey
|-damage|p1a: Blissey|522\/657
|-status|p1a: Blissey|brn
|move|p1a: Blissey|Toxic|p2a: Blastoise
|-status|p2a: Blastoise|tox
|
|-heal|p1a: Blissey|563\/657 brn|[from] item: Leftovers
|-damage|p2a: Blastoise|155\/313 tox|[from] psn
|-damage|p1a: Blissey|481\/657 brn|[from] brn
|turn|54
|
|switch|p2a: Krookodile|Krookodile, M|213\/331
|-ability|p2a: Krookodile|Intimidate|[of] p1a: Blissey
|-unboost|p1a: Blissey|atk|1
|move|p1a: Blissey|Toxic|p2a: Krookodile
|-status|p2a: Krookodile|tox
|
|-heal|p1a: Blissey|522\/657 brn|[from] item: Leftovers
|-damage|p2a: Krookodile|193\/331 tox|[from] psn
|-damage|p1a: Blissey|440\/657 brn|[from] brn
|turn|55
|
|switch|p1a: Suicune|Suicune|297\/404
|-damage|p1a: Suicune|247\/404|[from] Spikes
|-damage|p1a: Suicune|197\/404|[from] Stealth Rock
|-ability|p1a: Suicune|Pressure
|move|p2a: Krookodile|Knock Off|p1a: Suicune
|-damage|p1a: Suicune|59\/404
|-enditem|p1a: Suicune|Leftovers|[from] move: Knock Off|[of] p2a: Krookodile
|
|-damage|p2a: Krookodile|153\/331 tox|[from] psn
|turn|56
|
|switch|p2a: Roserade|Roserade, F|135\/261
|move|p1a: Suicune|Scald|p2a: Roserade
|-resisted|p2a: Roserade
|-damage|p2a: Roserade|92\/261
|
|turn|57
|
|move|p2a: Roserade|Giga Drain|p1a: Suicune
|-supereffective|p1a: Suicune
|-damage|p1a: Suicune|0 fnt
|-heal|p2a: Roserade|122\/261|[from] drain|[of] p1a: Suicune
|-damage|p2a: Roserade|96\/261|[from] item: Life Orb
|faint|p1a: Suicune
|
|
|switch|p1a: Blissey|Blissey, F|440\/657
|-damage|p1a: Blissey|358\/657|[from] Spikes
|-damage|p1a: Blissey|276\/657|[from] Stealth Rock
|turn|58
|
|switch|p2a: Krookodile|Krookodile, M|153\/331 tox
|-ability|p2a: Krookodile|Intimidate|[of] p1a: Blissey
|-unboost|p1a: Blissey|atk|1
|move|p1a: Blissey|Wish|p1a: Blissey
|
|-heal|p1a: Blissey|317\/657|[from] item: Leftovers
|-damage|p2a: Krookodile|133\/331 tox|[from] psn
|turn|59
|
|move|p1a: Blissey|Protect|p1a: Blissey
|-singleturn|p1a: Blissey|Protect
|move|p2a: Krookodile|Knock Off|p1a: Blissey
|-activate|p1a: Blissey|Protect
|
|-heal|p1a: Blissey|645\/657|[from] move: Wish|[wisher] Blissey
|-heal|p1a: Blissey|657\/657|[from] item: Leftovers
|-damage|p2a: Krookodile|93\/331 tox|[from] psn
|turn|60
|
|move|p2a: Krookodile|Taunt|p1a: Blissey
|-start|p1a: Blissey|move: Taunt
|cant|p1a: Blissey|move: Taunt|Wish
|
|-damage|p2a: Krookodile|33\/331 tox|[from] psn
|turn|61
|
|move|p2a: Krookodile|Knock Off|p1a: Blissey
|-crit|p1a: Blissey
|-damage|p1a: Blissey|113\/657
|-enditem|p1a: Blissey|Leftovers|[from] move: Knock Off|[of] p2a: Krookodile
|move|p1a: Blissey|Seismic Toss|p2a: Krookodile
|-damage|p2a: Krookodile|0 fnt
|faint|p2a: Krookodile
|
|
|switch|p2a: Yanmega|Yanmega, F|313\/313
|turn|62
|c|âFuck Yeah Murica|damn
|c|âFuck Yeah Murica|I'm actually genuinely sorry
|c|âLapraz|that crit
|c|âLapraz|it's ok
|c|âFuck Yeah Murica|not gonna lie I was prepared to lose that one
|
|move|p2a: Yanmega|Bug Buzz|p1a: Blissey
|-damage|p1a: Blissey|0 fnt
|-damage|p2a: Yanmega|282\/313|[from] item: Life Orb
|faint|p1a: Blissey
|
|win|Fuck Yeah Murica
|raw|Ladder updating...
|raw|Lapraz's rating: 1603 &rarr; <strong>1574<\/strong><br \/>(-29 for losing)
|raw|Fuck Yeah Murica's rating: 1449 &rarr; <strong>1477<\/strong><br \/>(+28 for winning)
|c|âFuck Yeah Murica|gg
|c|âLapraz|gg
|leave|Lapraz