|join|lapraz
|join|Pkmn Champ Lance
|player|p1|lapraz|157
|player|p2|Pkmn Champ Lance|153
|gametype|singles
|gen|6
|tier|UU
|rated
|rule|Sleep Clause Mod: Limit one foe put to sleep
|rule|Species Clause: Limit one of each PokÃ©mon
|rule|OHKO Clause: OHKO moves are banned
|rule|Moody Clause: Moody is banned
|rule|Evasion Moves Clause: Evasion moves are banned
|rule|Endless Battle Clause: Forcing endless battles is banned
|rule|HP Percentage Mod: HP is shown in percentages
|clearpoke
|poke|p1|Weezing, F
|poke|p1|Forretress, M
|poke|p1|Suicune
|poke|p1|Celebi
|poke|p1|Blissey, F
|poke|p1|Spiritomb, F
|poke|p2|Azelf
|poke|p2|Tornadus, M
|poke|p2|Kingdra, M
|poke|p2|Swampert, M
|poke|p2|Kabutops, M
|poke|p2|Ludicolo, F
|rule|Swagger Clause: Swagger is banned
|rule|Baton Pass Clause: Limit one PokÃ©mon knowing Baton Pass
|teampreview
|c|âPkmn Champ Lance|gross
|
|start
|switch|p1a: Bitches Brew|Spiritomb, F|304\/304
|switch|p2a: Tornadus|Tornadus, M|361\/361
|turn|1
|
|move|p2a: Tornadus|Taunt|p1a: Bitches Brew
|-start|p1a: Bitches Brew|move: Taunt
|cant|p1a: Bitches Brew|move: Taunt|Will-O-Wisp
|
|turn|2
|
|move|p2a: Tornadus|Rain Dance|p2a: Tornadus
|-weather|RainDance
|move|p1a: Bitches Brew|Foul Play|p2a: Tornadus
|-damage|p2a: Tornadus|169\/361
|
|-weather|RainDance|[upkeep]
|turn|3
|
|move|p2a: Tornadus|Hurricane|p1a: Bitches Brew
|-damage|p1a: Bitches Brew|180\/304
|move|p1a: Bitches Brew|Foul Play|p2a: Tornadus
|-damage|p2a: Tornadus|0 fnt
|faint|p2a: Tornadus
|
|-weather|RainDance|[upkeep]
|-heal|p1a: Bitches Brew|199\/304|[from] item: Leftovers
|-end|p1a: Bitches Brew|move: Taunt
|
|switch|p2a: Swampert|Swampert, M|381\/381
|turn|4
|
|switch|p1a: Blue in Green|Suicune|404\/404
|-ability|p1a: Blue in Green|Pressure
|detailschange|p2a: Swampert|Swampert-Mega, M
|-mega|p2a: Swampert|Swampert|Swampertite
|move|p2a: Swampert|Waterfall|p1a: Blue in Green
|-resisted|p1a: Blue in Green
|-damage|p1a: Blue in Green|315\/404
|
|-weather|RainDance|[upkeep]
|-heal|p1a: Blue in Green|340\/404|[from] item: Leftovers
|turn|5
|
|switch|p2a: Ludicolo|Ludicolo, F|301\/301
|move|p1a: Blue in Green|Scald|p2a: Ludicolo
|-resisted|p2a: Ludicolo
|-damage|p2a: Ludicolo|270\/301
|-status|p2a: Ludicolo|brn
|
|-weather|RainDance|[upkeep]
|-heal|p1a: Blue in Green|365\/404|[from] item: Leftovers
|-damage|p2a: Ludicolo|233\/301 brn|[from] brn
|turn|6
|
|switch|p2a: Swampert|Swampert-Mega, M|381\/381
|switch|p1a: My Foolish Heart|Blissey, F|657\/657
|
|-weather|RainDance|[upkeep]
|turn|7
|
|switch|p1a: Blue in Green|Suicune|365\/404
|-ability|p1a: Blue in Green|Pressure
|move|p2a: Swampert|Power-Up Punch|p1a: Blue in Green
|-damage|p1a: Blue in Green|326\/404
|-boost|p2a: Swampert|atk|1
|
|-weather|RainDance|[upkeep]
|-heal|p1a: Blue in Green|351\/404|[from] item: Leftovers
|turn|8
|
|move|p2a: Swampert|Earthquake|p1a: Blue in Green
|-damage|p1a: Blue in Green|126\/404
|move|p1a: Blue in Green|Roar|p2a: Swampert
|drag|p2a: Ludicolo|Ludicolo, F|233\/301 brn
|
|-weather|RainDance|[upkeep]
|-heal|p1a: Blue in Green|151\/404|[from] item: Leftovers
|-damage|p2a: Ludicolo|196\/301 brn|[from] brn
|turn|9
|
|switch|p1a: Body and Soul|Forretress, M|354\/354
|move|p2a: Ludicolo|Giga Drain|p1a: Body and Soul
|-resisted|p1a: Body and Soul
|-damage|p1a: Body and Soul|298\/354
|-heal|p2a: Ludicolo|224\/301 brn|[from] drain|[of] p1a: Body and Soul
|-damage|p2a: Ludicolo|194\/301 brn|[from] item: Life Orb
|
|-weather|none
|-heal|p1a: Body and Soul|320\/354|[from] item: Leftovers
|-damage|p2a: Ludicolo|157\/301 brn|[from] brn
|turn|10
|
|move|p2a: Ludicolo|Hydro Pump|p1a: Body and Soul
|-damage|p1a: Body and Soul|0 fnt
|-damage|p2a: Ludicolo|127\/301 brn|[from] item: Life Orb
|faint|p1a: Body and Soul
|
|-damage|p2a: Ludicolo|90\/301 brn|[from] brn
|
|switch|p1a: Lush Life|Celebi|403\/403
|turn|11
|
|switch|p2a: Azelf|Azelf|291\/291
|move|p1a: Lush Life|Stealth Rock|p2a: Azelf
|-sidestart|p2: Pkmn Champ Lance|move: Stealth Rock
|
|turn|12
|
|switch|p1a: Blue in Green|Suicune|151\/404
|-ability|p1a: Blue in Green|Pressure
|move|p2a: Azelf|Knock Off|p1a: Blue in Green
|-damage|p1a: Blue in Green|79\/404
|-enditem|p1a: Blue in Green|Leftovers|[from] move: Knock Off|[of] p2a: Azelf
|
|turn|13
|
|move|p2a: Azelf|Rain Dance|p2a: Azelf
|-weather|RainDance
|move|p1a: Blue in Green|Rest|p1a: Blue in Green
|-status|p1a: Blue in Green|slp
|-heal|p1a: Blue in Green|404\/404 slp|[silent]
|-status|p1a: Blue in Green|slp|[from] move: Rest
|
|-weather|RainDance|[upkeep]
|turn|14
|
|move|p2a: Azelf|Stealth Rock|p1a: Blue in Green
|-sidestart|p1: lapraz|move: Stealth Rock
|cant|p1a: Blue in Green|slp
|move|p1a: Blue in Green|Sleep Talk|p1a: Blue in Green
|move|p1a: Blue in Green|Roar|p2a: Azelf|[from]Sleep Talk
|drag|p2a: Ludicolo|Ludicolo, F|90\/301 brn
|-damage|p2a: Ludicolo|53\/301 brn|[from] Stealth Rock
|
|-weather|RainDance|[upkeep]
|-damage|p2a: Ludicolo|16\/301 brn|[from] brn
|turn|15
|
|switch|p1a: Lush Life|Celebi|403\/403
|-damage|p1a: Lush Life|353\/403|[from] Stealth Rock
|move|p2a: Ludicolo|Giga Drain|p1a: Lush Life
|-resisted|p1a: Lush Life
|-damage|p1a: Lush Life|295\/403
|-heal|p2a: Ludicolo|45\/301 brn|[from] drain|[of] p1a: Lush Life
|-damage|p2a: Ludicolo|15\/301 brn|[from] item: Life Orb
|
|-weather|RainDance|[upkeep]
|-heal|p1a: Lush Life|320\/403|[from] item: Leftovers
|-damage|p2a: Ludicolo|0 fnt|[from] brn
|faint|p2a: Ludicolo
|
|switch|p2a: Kingdra|Kingdra, M|291\/291
|-damage|p2a: Kingdra|255\/291|[from] Stealth Rock
|turn|16
|
|move|p2a: Kingdra|Outrage|p1a: Lush Life
|-crit|p1a: Lush Life
|-damage|p1a: Lush Life|0 fnt
|-damage|p2a: Kingdra|226\/291|[from] item: Life Orb
|faint|p1a: Lush Life
|
|-weather|RainDance|[upkeep]
|
|switch|p1a: Nardis|Weezing, F|333\/333
|-damage|p1a: Nardis|292\/333|[from] Stealth Rock
|turn|17
|
|move|p2a: Kingdra|Outrage|p1a: Nardis
|-crit|p1a: Nardis
|-damage|p1a: Nardis|65\/333
|-damage|p2a: Kingdra|197\/291|[from] item: Life Orb
|move|p1a: Nardis|Will-O-Wisp|p2a: Kingdra
|-status|p2a: Kingdra|brn
|
|-end|p2a: Kingdra|rampage
|-start|p2a: Kingdra|confusion
|-weather|RainDance|[upkeep]
|-heal|p1a: Nardis|85\/333|[from] item: Black Sludge
|-damage|p2a: Kingdra|161\/291 brn|[from] brn
|turn|18
|c|âPkmn Champ Lance|crit dra
|c|âlapraz|fml
|c|âPkmn Champ Lance|hehe :)
|
|-activate|p2a: Kingdra|confusion
|move|p2a: Kingdra|Hydro Pump|p1a: Nardis
|-damage|p1a: Nardis|0 fnt
|-damage|p2a: Kingdra|132\/291 brn|[from] item: Life Orb
|faint|p1a: Nardis
|
|-weather|RainDance|[upkeep]
|-damage|p2a: Kingdra|96\/291 brn|[from] brn
|
|switch|p1a: My Foolish Heart|Blissey, F|657\/657
|-damage|p1a: My Foolish Heart|575\/657|[from] Stealth Rock
|turn|19
|
|move|p1a: My Foolish Heart|Protect|p1a: My Foolish Heart
|-singleturn|p1a: My Foolish Heart|Protect
|-activate|p2a: Kingdra|confusion
|-damage|p2a: Kingdra|61\/291 brn|[from] confusion
|
|-weather|RainDance|[upkeep]
|-heal|p1a: My Foolish Heart|616\/657|[from] item: Leftovers
|-damage|p2a: Kingdra|25\/291 brn|[from] brn
|turn|20
|
|switch|p1a: Bitches Brew|Spiritomb, F|199\/304
|-damage|p1a: Bitches Brew|161\/304|[from] Stealth Rock
|-end|p2a: Kingdra|confusion
|move|p2a: Kingdra|Waterfall|p1a: Bitches Brew
|-damage|p1a: Bitches Brew|47\/304
|-damage|p2a: Kingdra|0 fnt|[from] item: Life Orb
|faint|p2a: Kingdra
|
|-weather|none
|-heal|p1a: Bitches Brew|66\/304|[from] item: Leftovers
|
|switch|p2a: Kabutops|Kabutops, M|261\/261
|-damage|p2a: Kabutops|229\/261|[from] Stealth Rock
|turn|21
|
|move|p2a: Kabutops|Waterfall|p1a: Bitches Brew
|-damage|p1a: Bitches Brew|0 fnt
|-damage|p2a: Kabutops|203\/261|[from] item: Life Orb
|faint|p1a: Bitches Brew
|
|
|switch|p1a: Blue in Green|Suicune|404\/404 slp
|-damage|p1a: Blue in Green|354\/404 slp|[from] Stealth Rock
|-ability|p1a: Blue in Green|Pressure
|turn|22
|
|move|p2a: Kabutops|Swords Dance|p2a: Kabutops
|-boost|p2a: Kabutops|atk|2
|cant|p1a: Blue in Green|slp
|move|p1a: Blue in Green|Sleep Talk|p1a: Blue in Green
|move|p1a: Blue in Green|Scald|p2a: Kabutops|[from]Sleep Talk
|-damage|p2a: Kabutops|83\/261
|
|turn|23
|
|move|p2a: Kabutops|Stone Edge|p1a: Blue in Green
|-crit|p1a: Blue in Green
|-damage|p1a: Blue in Green|0 fnt
|-damage|p2a: Kabutops|57\/261|[from] item: Life Orb
|faint|p1a: Blue in Green
|
|c|âlapraz|ffs
|
|switch|p1a: My Foolish Heart|Blissey, F|616\/657
|-damage|p1a: My Foolish Heart|534\/657|[from] Stealth Rock
|turn|24
|-message|lapraz forfeited.
|leave|lapraz
|
|win|Pkmn Champ Lance
|raw|Ladder updating...
|player|p1
|raw|lapraz's rating: 1680 &rarr; <strong>1648<\/strong><br \/>(-32 for losing)
|raw|Pkmn Champ Lance's rating: 1453 &rarr; <strong>1484<\/strong><br \/>(+31 for winning)