|join|lapraz
|join|kruzynn
|player|p1|lapraz|157
|player|p2|kruzynn|10
|gametype|singles
|gen|6
|tier|UU
|rated
|rule|Sleep Clause Mod: Limit one foe put to sleep
|rule|Species Clause: Limit one of each PokÃ©mon
|rule|OHKO Clause: OHKO moves are banned
|rule|Moody Clause: Moody is banned
|rule|Evasion Moves Clause: Evasion moves are banned
|rule|Endless Battle Clause: Forcing endless battles is banned
|rule|HP Percentage Mod: HP is shown in percentages
|clearpoke
|poke|p1|Weezing, M
|poke|p1|Forretress, M
|poke|p1|Suicune
|poke|p1|Celebi
|poke|p1|Blissey, F
|poke|p1|Spiritomb, M
|poke|p2|Hydreigon, M
|poke|p2|Blastoise, F
|poke|p2|Krookodile, F
|poke|p2|Jirachi
|poke|p2|Roserade, M
|poke|p2|Nidoking, M
|rule|Swagger Clause: Swagger is banned
|rule|Baton Pass Clause: Limit one PokÃ©mon knowing Baton Pass
|teampreview
|
|start
|switch|p1a: Lush Life|Celebi|403\/403
|switch|p2a: BEUD|Hydreigon, M|357\/357
|turn|1
|
|switch|p1a: My Foolish Heart|Blissey, F|657\/657
|move|p2a: BEUD|U-turn|p1a: My Foolish Heart
|-damage|p1a: My Foolish Heart|558\/657
|
|switch|p2a: Roserade|Roserade, M|321\/321
|
|-heal|p1a: My Foolish Heart|599\/657|[from] item: Leftovers
|turn|2
|
|switch|p1a: Body and Soul|Forretress, M|354\/354
|move|p2a: Roserade|Spikes|p1a: Body and Soul
|-sidestart|p1: lapraz|Spikes
|
|turn|3
|
|switch|p1a: Lush Life|Celebi|403\/403
|-damage|p1a: Lush Life|353\/403|[from] Spikes
|move|p2a: Roserade|Sleep Powder|p1a: Lush Life
|-fail|p1a: Lush Life
|
|-heal|p1a: Lush Life|378\/403|[from] item: Leftovers
|turn|4
|
|switch|p2a: BEUD|Hydreigon, M|357\/357
|move|p1a: Lush Life|Psychic|p2a: BEUD
|-immune|p2a: BEUD|[msg]
|
|-heal|p1a: Lush Life|403\/403|[from] item: Leftovers
|turn|5
|
|switch|p1a: My Foolish Heart|Blissey, F|599\/657
|-damage|p1a: My Foolish Heart|517\/657|[from] Spikes
|move|p2a: BEUD|U-turn|p1a: My Foolish Heart
|-damage|p1a: My Foolish Heart|419\/657
|
|switch|p2a: Roserade|Roserade, M|321\/321
|
|-heal|p1a: My Foolish Heart|460\/657|[from] item: Leftovers
|turn|6
|
|switch|p1a: Body and Soul|Forretress, M|354\/354
|-damage|p1a: Body and Soul|310\/354|[from] Spikes
|move|p2a: Roserade|Spikes|p1a: Body and Soul
|-sidestart|p1: lapraz|Spikes
|
|-heal|p1a: Body and Soul|332\/354|[from] item: Leftovers
|turn|7
|
|switch|p1a: Bitches Brew|Spiritomb, M|304\/304
|-damage|p1a: Bitches Brew|254\/304|[from] Spikes
|move|p2a: Roserade|Sleep Powder|p1a: Bitches Brew
|-status|p1a: Bitches Brew|slp
|
|-heal|p1a: Bitches Brew|273\/304 slp|[from] item: Leftovers
|turn|8
|
|switch|p2a: BEUD|Hydreigon, M|357\/357
|switch|p1a: Body and Soul|Forretress, M|332\/354
|-damage|p1a: Body and Soul|273\/354|[from] Spikes
|
|-heal|p1a: Body and Soul|295\/354|[from] item: Leftovers
|turn|9
|
|switch|p1a: My Foolish Heart|Blissey, F|460\/657
|-damage|p1a: My Foolish Heart|351\/657|[from] Spikes
|move|p2a: BEUD|U-turn|p1a: My Foolish Heart
|-damage|p1a: My Foolish Heart|261\/657
|
|switch|p2a: KingOfDaHiLL|Nidoking, M|303\/303
|
|-heal|p1a: My Foolish Heart|302\/657|[from] item: Leftovers
|turn|10
|
|switch|p1a: Nardis|Weezing, M|333\/333
|move|p2a: KingOfDaHiLL|Superpower|p1a: Nardis
|-resisted|p1a: Nardis
|-damage|p1a: Nardis|290\/333
|-unboost|p2a: KingOfDaHiLL|atk|1
|-unboost|p2a: KingOfDaHiLL|def|1
|-damage|p2a: KingOfDaHiLL|273\/303|[from] item: Life Orb
|
|-heal|p1a: Nardis|310\/333|[from] item: Black Sludge
|turn|11
|
|switch|p2a: Roserade|Roserade, M|321\/321
|move|p1a: Nardis|Will-O-Wisp|p2a: Roserade|[miss]
|-miss|p1a: Nardis|p2a: Roserade
|
|-heal|p1a: Nardis|330\/333|[from] item: Black Sludge
|turn|12
|
|switch|p2a: BEUD|Hydreigon, M|357\/357
|switch|p1a: Body and Soul|Forretress, M|295\/354
|-damage|p1a: Body and Soul|236\/354|[from] Spikes
|
|-heal|p1a: Body and Soul|258\/354|[from] item: Leftovers
|turn|13
|
|switch|p1a: Blue in Green|Suicune|404\/404
|-damage|p1a: Blue in Green|337\/404|[from] Spikes
|-ability|p1a: Blue in Green|Pressure
|move|p2a: BEUD|Flamethrower|p1a: Blue in Green
|-resisted|p1a: Blue in Green
|-damage|p1a: Blue in Green|284\/404
|
|-heal|p1a: Blue in Green|309\/404|[from] item: Leftovers
|turn|14
|
|switch|p2a: Pixie|Jirachi|401\/401
|switch|p1a: Body and Soul|Forretress, M|258\/354
|-damage|p1a: Body and Soul|199\/354|[from] Spikes
|
|-heal|p1a: Body and Soul|221\/354|[from] item: Leftovers
|turn|15
|
|move|p2a: Pixie|Fire Punch|p1a: Body and Soul
|-supereffective|p1a: Body and Soul
|-damage|p1a: Body and Soul|77\/354
|-status|p1a: Body and Soul|brn
|move|p1a: Body and Soul|Rapid Spin|p2a: Pixie
|-resisted|p2a: Pixie
|-damage|p2a: Pixie|397\/401
|-sideend|p1: lapraz|Spikes|[from] move: Rapid Spin|[of] p1a: Body and Soul
|
|-heal|p2a: Pixie|401\/401|[from] item: Leftovers
|-heal|p1a: Body and Soul|99\/354 brn|[from] item: Leftovers
|-damage|p1a: Body and Soul|55\/354 brn|[from] brn
|turn|16
|
|switch|p1a: Nardis|Weezing, M|330\/333
|move|p2a: Pixie|Fire Punch|p1a: Nardis
|-damage|p1a: Nardis|291\/333
|
|-heal|p1a: Nardis|311\/333|[from] item: Black Sludge
|turn|17
|
|switch|p2a: Roserade|Roserade, M|321\/321
|move|p1a: Nardis|Will-O-Wisp|p2a: Roserade
|-status|p2a: Roserade|brn
|
|-heal|p1a: Nardis|331\/333|[from] item: Black Sludge
|-damage|p2a: Roserade|281\/321 brn|[from] brn
|turn|18
|
|switch|p1a: My Foolish Heart|Blissey, F|302\/657
|move|p2a: Roserade|Spikes|p1a: My Foolish Heart
|-sidestart|p1: lapraz|Spikes
|
|-heal|p2a: Roserade|301\/321 brn|[from] item: Black Sludge
|-heal|p1a: My Foolish Heart|343\/657|[from] item: Leftovers
|-damage|p2a: Roserade|261\/321 brn|[from] brn
|turn|19
|
|move|p2a: Roserade|Spikes|p1a: My Foolish Heart
|-sidestart|p1: lapraz|Spikes
|move|p1a: My Foolish Heart|Wish|p1a: My Foolish Heart
|
|-heal|p2a: Roserade|281\/321 brn|[from] item: Black Sludge
|-heal|p1a: My Foolish Heart|384\/657|[from] item: Leftovers
|-damage|p2a: Roserade|241\/321 brn|[from] brn
|turn|20
|
|switch|p1a: Lush Life|Celebi|403\/403
|-damage|p1a: Lush Life|336\/403|[from] Spikes
|move|p2a: Roserade|Spikes|p1a: Lush Life
|-sidestart|p1: lapraz|Spikes
|
|-heal|p1a: Lush Life|403\/403|[from] move: Wish|[wisher] My Foolish Heart
|-heal|p2a: Roserade|261\/321 brn|[from] item: Black Sludge
|-damage|p2a: Roserade|221\/321 brn|[from] brn
|turn|21
|
|switch|p2a: BEUD|Hydreigon, M|357\/357
|move|p1a: Lush Life|Stealth Rock|p2a: BEUD
|-sidestart|p2: kruzynn|move: Stealth Rock
|
|turn|22
|
|switch|p1a: Body and Soul|Forretress, M|55\/354 brn
|-damage|p1a: Body and Soul|0 fnt|[from] Spikes
|faint|p1a: Body and Soul
|move|p2a: BEUD|U-turn|p1: Body and Soul|[notarget]
|-notarget
|
|
|switch|p1a: Bitches Brew|Spiritomb, M|273\/304 slp
|-damage|p1a: Bitches Brew|197\/304 slp|[from] Spikes
|turn|23
|
|move|p2a: BEUD|U-turn|p1a: Bitches Brew
|-damage|p1a: Bitches Brew|152\/304 slp
|
|switch|p2a: Krook|Krookodile, F|385\/385
|-damage|p2a: Krook|361\/385|[from] Stealth Rock
|-ability|p2a: Krook|Intimidate|[of] p1a: Bitches Brew
|-unboost|p1a: Bitches Brew|atk|1
|cant|p1a: Bitches Brew|slp
|move|p1a: Bitches Brew|Sleep Talk|p1a: Bitches Brew
|move|p1a: Bitches Brew|Rest|p1a: Bitches Brew|[from]Sleep Talk
|-fail|p1a: Bitches Brew
|
|-heal|p2a: Krook|385\/385|[from] item: Leftovers
|-heal|p1a: Bitches Brew|171\/304 slp|[from] item: Leftovers
|turn|24
|
|move|p2a: Krook|Stealth Rock|p1a: Bitches Brew
|-sidestart|p1: lapraz|move: Stealth Rock
|-curestatus|p1a: Bitches Brew|slp
|move|p1a: Bitches Brew|Sleep Talk|p1a: Bitches Brew
|-fail|p1a: Bitches Brew
|
|-heal|p1a: Bitches Brew|190\/304|[from] item: Leftovers
|turn|25
|
|move|p2a: Krook|Earthquake|p1a: Bitches Brew
|-damage|p1a: Bitches Brew|51\/304
|move|p1a: Bitches Brew|Will-O-Wisp|p2a: Krook
|-status|p2a: Krook|brn
|
|-heal|p1a: Bitches Brew|70\/304|[from] item: Leftovers
|-damage|p2a: Krook|337\/385 brn|[from] brn
|turn|26
|
|move|p2a: Krook|Earthquake|p1a: Bitches Brew
|-damage|p1a: Bitches Brew|1\/304
|move|p1a: Bitches Brew|Rest|p1a: Bitches Brew
|-status|p1a: Bitches Brew|slp
|-heal|p1a: Bitches Brew|304\/304 slp|[silent]
|-status|p1a: Bitches Brew|slp|[from] move: Rest
|
|-heal|p2a: Krook|361\/385 brn|[from] item: Leftovers
|-damage|p2a: Krook|313\/385 brn|[from] brn
|turn|27
|
|move|p2a: Krook|Knock Off|p1a: Bitches Brew
|-damage|p1a: Bitches Brew|235\/304 slp
|-enditem|p1a: Bitches Brew|Leftovers|[from] move: Knock Off|[of] p2a: Krook
|cant|p1a: Bitches Brew|slp
|move|p1a: Bitches Brew|Sleep Talk|p1a: Bitches Brew
|move|p1a: Bitches Brew|Rest|p1a: Bitches Brew|[from]Sleep Talk
|-fail|p1a: Bitches Brew
|
|-heal|p2a: Krook|337\/385 brn|[from] item: Leftovers
|-damage|p2a: Krook|289\/385 brn|[from] brn
|turn|28
|
|switch|p2a: ArmCannons|Blastoise, F|361\/361
|-damage|p2a: ArmCannons|316\/361|[from] Stealth Rock
|cant|p1a: Bitches Brew|slp
|move|p1a: Bitches Brew|Sleep Talk|p1a: Bitches Brew
|move|p1a: Bitches Brew|Will-O-Wisp|p2a: ArmCannons|[from]Sleep Talk
|-status|p2a: ArmCannons|brn
|
|-damage|p2a: ArmCannons|271\/361 brn|[from] brn
|turn|29
|
|detailschange|p2a: ArmCannons|Blastoise-Mega, F
|-mega|p2a: ArmCannons|Blastoise|Blastoisinite
|move|p2a: ArmCannons|Scald|p1a: Bitches Brew
|-damage|p1a: Bitches Brew|120\/304 slp
|-curestatus|p1a: Bitches Brew|slp
|move|p1a: Bitches Brew|Rest|p1a: Bitches Brew
|-status|p1a: Bitches Brew|slp
|-heal|p1a: Bitches Brew|304\/304 slp|[silent]
|-status|p1a: Bitches Brew|slp|[from] move: Rest
|
|-damage|p2a: ArmCannons|226\/361 brn|[from] brn
|turn|30
|
|switch|p2a: Roserade|Roserade, M|221\/321
|-damage|p2a: Roserade|181\/321|[from] Stealth Rock
|cant|p1a: Bitches Brew|slp
|move|p1a: Bitches Brew|Sleep Talk|p1a: Bitches Brew
|move|p1a: Bitches Brew|Foul Play|p2a: Roserade|[from]Sleep Talk
|-damage|p2a: Roserade|66\/321
|
|-heal|p2a: Roserade|86\/321|[from] item: Black Sludge
|turn|31
|
|move|p2a: Roserade|Giga Drain|p1a: Bitches Brew
|-damage|p1a: Bitches Brew|226\/304 slp
|-heal|p2a: Roserade|125\/321|[from] drain|[of] p1a: Bitches Brew
|cant|p1a: Bitches Brew|slp
|move|p1a: Bitches Brew|Sleep Talk|p1a: Bitches Brew
|move|p1a: Bitches Brew|Rest|p1a: Bitches Brew|[from]Sleep Talk
|-fail|p1a: Bitches Brew
|
|-heal|p2a: Roserade|145\/321|[from] item: Black Sludge
|turn|32
|
|move|p2a: Roserade|Giga Drain|p1a: Bitches Brew
|-damage|p1a: Bitches Brew|157\/304 slp
|-heal|p2a: Roserade|180\/321|[from] drain|[of] p1a: Bitches Brew
|-curestatus|p1a: Bitches Brew|slp
|move|p1a: Bitches Brew|Foul Play|p2a: Roserade
|-damage|p2a: Roserade|72\/321
|
|-heal|p2a: Roserade|92\/321|[from] item: Black Sludge
|turn|33
|
|move|p2a: Roserade|Giga Drain|p1a: Bitches Brew
|-damage|p1a: Bitches Brew|88\/304
|-heal|p2a: Roserade|127\/321|[from] drain|[of] p1a: Bitches Brew
|move|p1a: Bitches Brew|Foul Play|p2a: Roserade
|-damage|p2a: Roserade|25\/321
|
|-heal|p2a: Roserade|45\/321|[from] item: Black Sludge
|turn|34
|
|move|p2a: Roserade|Sleep Powder|p1a: Bitches Brew
|-status|p1a: Bitches Brew|slp
|cant|p1a: Bitches Brew|slp
|
|-heal|p2a: Roserade|65\/321|[from] item: Black Sludge
|turn|35
|
|move|p2a: Roserade|Giga Drain|p1a: Bitches Brew
|-damage|p1a: Bitches Brew|13\/304 slp
|-heal|p2a: Roserade|103\/321|[from] drain|[of] p1a: Bitches Brew
|-curestatus|p1a: Bitches Brew|slp
|move|p1a: Bitches Brew|Sleep Talk|p1a: Bitches Brew
|-fail|p1a: Bitches Brew
|
|-heal|p2a: Roserade|123\/321|[from] item: Black Sludge
|turn|36
|
|move|p2a: Roserade|Giga Drain|p1a: Bitches Brew
|-damage|p1a: Bitches Brew|0 fnt
|-heal|p2a: Roserade|130\/321|[from] drain|[of] p1a: Bitches Brew
|faint|p1a: Bitches Brew
|
|-heal|p2a: Roserade|150\/321|[from] item: Black Sludge
|
|switch|p1a: Nardis|Weezing, M|331\/333
|-damage|p1a: Nardis|290\/333|[from] Stealth Rock
|turn|37
|-message|lapraz forfeited.
|leave|lapraz
|
|win|kruzynn
|raw|Ladder updating...
|player|p1