|join|lapraz
|join|Latias tho
|player|p1|lapraz|157
|player|p2|Latias tho|217
|gametype|singles
|gen|6
|tier|UU
|rated
|rule|Sleep Clause Mod: Limit one foe put to sleep
|rule|Species Clause: Limit one of each PokÃ©mon
|rule|OHKO Clause: OHKO moves are banned
|rule|Moody Clause: Moody is banned
|rule|Evasion Moves Clause: Evasion moves are banned
|rule|Endless Battle Clause: Forcing endless battles is banned
|rule|HP Percentage Mod: HP is shown in percentages
|clearpoke
|poke|p1|Florges, F
|poke|p1|Steelix, M
|poke|p1|Tentacruel, F
|poke|p1|Goodra, M
|poke|p1|Jellicent, F
|poke|p1|Chesnaught, M
|poke|p2|Azelf
|poke|p2|Raikou
|poke|p2|Crobat, M
|poke|p2|Mienshao, F
|poke|p2|Entei, shiny
|poke|p2|Sceptile, M
|rule|Swagger Clause: Swagger is banned
|rule|Baton Pass Clause: Limit one PokÃ©mon knowing Baton Pass
|teampreview
|c|âLatias tho|:[[[
|c|âLatias tho|again smh
|c|âlapraz|dear god
|c|âlapraz|i've lost to this team twice already
|c|âLatias tho|i made changes
|c|âLatias tho|which aren't exactly to my favour
|
|start
|switch|p1a: Goodra|Goodra, M|384\/384
|switch|p2a: Crobat|Crobat, M|321\/321
|turn|1
|join|milk of a cow
|join|SunnyORAS
|
|switch|p1a: Steelix|Steelix, M|354\/354
|move|p2a: Crobat|U-turn|p1a: Steelix
|-resisted|p1a: Steelix
|-damage|p1a: Steelix|337\/354
|
|switch|p2a: Entei|Entei, shiny|371\/371
|-ability|p2a: Entei|Pressure
|
|turn|2
|
|switch|p1a: Jellicent|Jellicent, F|404\/404
|move|p2a: Entei|Sacred Fire|p1a: Jellicent
|-resisted|p1a: Jellicent
|-damage|p1a: Jellicent|275\/404
|
|-heal|p1a: Jellicent|300\/404|[from] item: Leftovers
|turn|3
|
|switch|p2a: Sceptile|Sceptile, M|281\/281
|move|p1a: Jellicent|Will-O-Wisp|p2a: Sceptile
|-status|p2a: Sceptile|brn
|
|-heal|p1a: Jellicent|325\/404|[from] item: Leftovers
|-damage|p2a: Sceptile|246\/281 brn|[from] brn
|turn|4
|c| milk of a cow|ayy
|
|switch|p2a: Azelf|Azelf|291\/291
|switch|p1a: Florges|Florges, F|360\/360
|
|turn|5
|join|Bob the Bro
|c| SunnyORAS|ahahahaha
|
|move|p2a: Azelf|Taunt|p1a: Florges
|-start|p1a: Florges|move: Taunt
|move|p1a: Florges|Moonblast|p2a: Azelf
|-damage|p2a: Azelf|125\/291
|
|turn|6
|c| milk of a cow|10\/10 rip
|c|âLatias tho|did too much
|
|switch|p1a: Jellicent|Jellicent, F|325\/404
|move|p2a: Azelf|Stealth Rock|p1a: Jellicent
|-sidestart|p1: lapraz|move: Stealth Rock
|
|-heal|p1a: Jellicent|350\/404|[from] item: Leftovers
|turn|7
|c|âLatias tho|smh
|c|âLatias tho|u know i don't have knock
|c|âLatias tho|evil :[
|
|move|p2a: Azelf|Taunt|p1a: Jellicent
|-start|p1a: Jellicent|move: Taunt
|move|p1a: Jellicent|Scald|p2a: Azelf
|-damage|p2a: Azelf|17\/291
|
|-heal|p1a: Jellicent|375\/404|[from] item: Leftovers
|turn|8
|
|move|p2a: Azelf|Fire Blast|p1a: Jellicent
|-resisted|p1a: Jellicent
|-damage|p1a: Jellicent|324\/404
|move|p1a: Jellicent|Scald|p2a: Azelf
|-damage|p2a: Azelf|0 fnt
|faint|p2a: Azelf
|
|-heal|p1a: Jellicent|349\/404|[from] item: Leftovers
|
|switch|p2a: Mienshao|Mienshao, F|271\/271
|turn|9
|c| milk of a cow|damage
|
|switch|p1a: Chesnaught|Chesnaught, M|380\/380
|-damage|p1a: Chesnaught|357\/380|[from] Stealth Rock
|move|p2a: Mienshao|Knock Off|p1a: Chesnaught
|-resisted|p1a: Chesnaught
|-damage|p1a: Chesnaught|324\/380
|-enditem|p1a: Chesnaught|Leftovers|[from] move: Knock Off|[of] p2a: Mienshao
|
|turn|10
|c|âLatias tho|imma lose this time imo
|c|âLatias tho|:[
|
|switch|p2a: Crobat|Crobat, M|321\/321
|move|p1a: Chesnaught|Spikes|p2a: Crobat
|-sidestart|p2: Latias tho|Spikes
|
|turn|11
|
|move|p1a: Chesnaught|Spiky Shield|p1a: Chesnaught
|-singleturn|p1a: Chesnaught|move: Protect
|move|p2a: Crobat|U-turn|p1a: Chesnaught
|-activate|p1a: Chesnaught|move: Protect
|-damage|p2a: Crobat|281\/321|[from] Spiky Shield|[of] p1a: Chesnaught
|
|turn|12
|join|iWarp
|
|switch|p1a: Steelix|Steelix, M|337\/354
|-damage|p1a: Steelix|326\/354|[from] Stealth Rock
|move|p2a: Crobat|U-turn|p1a: Steelix
|-resisted|p1a: Steelix
|-damage|p1a: Steelix|310\/354
|leave|iWarp
|
|switch|p2a: Entei|Entei, shiny|371\/371
|-damage|p2a: Entei|325\/371|[from] Spikes
|-ability|p2a: Entei|Pressure
|
|turn|13
|join|PikaCommando
|
|switch|p1a: Jellicent|Jellicent, F|349\/404
|-damage|p1a: Jellicent|299\/404|[from] Stealth Rock
|move|p2a: Entei|Sacred Fire|p1a: Jellicent
|-resisted|p1a: Jellicent
|-damage|p1a: Jellicent|161\/404
|
|-heal|p1a: Jellicent|186\/404|[from] item: Leftovers
|turn|14
|c| SunnyORAS|no burn
|c| SunnyORAS|._.
|c|âLatias tho|sigh
|
|move|p2a: Entei|Sacred Fire|p1a: Jellicent
|-resisted|p1a: Jellicent
|-damage|p1a: Jellicent|55\/404
|-status|p1a: Jellicent|brn
|move|p1a: Jellicent|Recover|p1a: Jellicent
|-heal|p1a: Jellicent|257\/404 brn
|
|-heal|p1a: Jellicent|282\/404 brn|[from] item: Leftovers
|-damage|p1a: Jellicent|232\/404 brn|[from] brn
|turn|15
|join|DatGuyChuck
|c| PikaCommando|a stall team?
|
|switch|p2a: Crobat|Crobat, M|281\/321
|move|p1a: Jellicent|Recover|p1a: Jellicent
|-heal|p1a: Jellicent|404\/404 brn
|
|-damage|p1a: Jellicent|354\/404 brn|[from] brn
|turn|16
|c|âLatias tho|smh
|c| DatGuyChuck|who is latias tho
|c| milk of a cow|you dont say
|c|âlapraz|ye
|c|âLatias tho|imma lose this
|
|switch|p1a: Steelix|Steelix, M|310\/354
|-damage|p1a: Steelix|299\/354|[from] Stealth Rock
|move|p2a: Crobat|Brave Bird|p1a: Steelix
|-resisted|p1a: Steelix
|-damage|p1a: Steelix|248\/354
|-damage|p2a: Crobat|264\/321|[from] recoil|[of] p1a: Steelix
|
|turn|17
|
|detailschange|p1a: Steelix|Steelix-Mega, M
|-mega|p1a: Steelix|Steelix|Steelixite
|move|p2a: Crobat|U-turn|p1a: Steelix
|-resisted|p1a: Steelix
|-damage|p1a: Steelix|233\/354
|
|switch|p2a: Sceptile|Sceptile, M|246\/281 brn
|-damage|p2a: Sceptile|211\/281 brn|[from] Spikes
|move|p1a: Steelix|Stealth Rock|p2a: Sceptile
|-sidestart|p2: Latias tho|move: Stealth Rock
|
|-damage|p2a: Sceptile|176\/281 brn|[from] brn
|turn|18
|c| Cyndequil|chuck he's a scrub
|
|switch|p1a: Florges|Florges, F|360\/360
|-damage|p1a: Florges|315\/360|[from] Stealth Rock
|detailschange|p2a: Sceptile|Sceptile-Mega, M
|-mega|p2a: Sceptile|Sceptile|Sceptilite
|move|p2a: Sceptile|Swords Dance|p2a: Sceptile
|-boost|p2a: Sceptile|atk|2
|
|-heal|p1a: Florges|337\/360|[from] item: Leftovers
|-damage|p2a: Sceptile|141\/281 brn|[from] brn
|turn|19
|c|âLatias tho|:[
|c| SunnyORAS|>_>
|c| PikaCommando|goddamn stallers
|c|âLatias tho|i should just forfeit
|c|âLatias tho|mscept is trash
|c| PikaCommando|yeah
|c| SunnyORAS|y
|c| PikaCommando|save your time
|c| SunnyORAS|stall is v consistent tho
|c| PikaCommando|its not worth playing matches you cant win
|c|âLatias tho|lapraz
|
|switch|p1a: Steelix|Steelix-Mega, M|233\/354
|-damage|p1a: Steelix|222\/354|[from] Stealth Rock
|move|p2a: Sceptile|Leaf Blade|p1a: Steelix
|-damage|p1a: Steelix|158\/354
|
|-damage|p2a: Sceptile|106\/281 brn|[from] brn
|turn|20
|c|âLatias tho|i just want to say sth
|c|âLatias tho|ur a feg for using stall :]
|c| PikaCommando|and stallers dont deserve people to play with
|c| PikaCommando|yay
|c| PikaCommando|latias and i share the same opinion
|c| Cyndequil|b-but
|c| Cyndequil|stall is fun
|c|âlapraz|why are you so mean )):
|c|âLatias tho|smh
|
|move|p2a: Sceptile|Earthquake|p1a: Steelix
|-supereffective|p1a: Steelix
|-damage|p1a: Steelix|58\/354
|move|p1a: Steelix|Roar|p2a: Sceptile
|drag|p2a: Entei|Entei, shiny|325\/371
|-damage|p2a: Entei|279\/371|[from] Spikes
|-damage|p2a: Entei|187\/371|[from] Stealth Rock
|-ability|p2a: Entei|Pressure
|
|turn|21
|c|âLatias tho|>mean
|c| PikaCommando|because you use stall
|c|âLatias tho|yes
|c|âLatias tho|i might
|c|âLatias tho|somehow
|c| PikaCommando|and stalling is the meanest thing
|c|âLatias tho|come thru
|
|switch|p1a: Goodra|Goodra, M|384\/384
|-damage|p1a: Goodra|336\/384|[from] Stealth Rock
|move|p2a: Entei|Flare Blitz|p1a: Goodra
|-resisted|p1a: Goodra
|-damage|p1a: Goodra|180\/384
|-damage|p2a: Entei|136\/371|[from] recoil|[of] p1a: Goodra
|
|-heal|p1a: Goodra|204\/384|[from] item: Leftovers
|turn|22
|c| PikaCommando|btw latias, lets fight later
|c| SunnyORAS|BURN
|c| Cyndequil|ez
|
|move|p2a: Entei|Flare Blitz|p1a: Goodra
|-resisted|p1a: Goodra
|-damage|p1a: Goodra|32\/384
|-damage|p2a: Entei|79\/371|[from] recoil|[of] p1a: Goodra
|move|p1a: Goodra|Rest|p1a: Goodra
|-status|p1a: Goodra|slp
|-heal|p1a: Goodra|384\/384 slp|[silent]
|-status|p1a: Goodra|slp|[from] move: Rest
|
|turn|23
|c| Cyndequil|no damage
|c| SunnyORAS|just sacred fire smh
|c| Cyndequil|rest o.O
|c| SunnyORAS|.-.
|
|switch|p2a: Mienshao|Mienshao, F|271\/271
|-damage|p2a: Mienshao|238\/271|[from] Spikes
|-damage|p2a: Mienshao|222\/271|[from] Stealth Rock
|cant|p1a: Goodra|slp
|move|p1a: Goodra|Sleep Talk|p1a: Goodra
|move|p1a: Goodra|Rest|p1a: Goodra|[from]Sleep Talk
|-fail|p1a: Goodra
|
|turn|24
|c| PikaCommando|i find watching people fight more fun than actually fighting
|
|switch|p1a: Chesnaught|Chesnaught, M|324\/380
|-damage|p1a: Chesnaught|301\/380|[from] Stealth Rock
|move|p2a: Mienshao|High Jump Kick|p1a: Chesnaught
|-damage|p1a: Chesnaught|132\/380
|
|turn|25
|c| SunnyORAS|real enuf to hjk\/
|c| SunnyORAS|y
|c| SunnyORAS|v real
|
|switch|p2a: Crobat|Crobat, M|264\/321
|-damage|p2a: Crobat|184\/321|[from] Stealth Rock
|switch|p1a: Jellicent|Jellicent, F|354\/404 brn
|-damage|p1a: Jellicent|304\/404 brn|[from] Stealth Rock
|
|-heal|p1a: Jellicent|329\/404 brn|[from] item: Leftovers
|-damage|p1a: Jellicent|279\/404 brn|[from] brn
|turn|26
|c| Bob the Bro|perception of fun is an opinion
|c| SunnyORAS|siky shield alert
|c| PikaCommando|whats the crobat for
|c| DatGuyChuck|defog where
|c|âLatias tho|yolo
|c| SunnyORAS|WAT IS DEFOG
|c|âLatias tho|!
|c|âLatias tho|sigh
|
|move|p2a: Crobat|Brave Bird|p1a: Jellicent
|-damage|p1a: Jellicent|87\/404 brn
|-damage|p2a: Crobat|121\/321|[from] recoil|[of] p1a: Jellicent
|move|p1a: Jellicent|Scald|p2a: Crobat
|-damage|p2a: Crobat|19\/321
|
|-heal|p1a: Jellicent|112\/404 brn|[from] item: Leftovers
|-damage|p1a: Jellicent|62\/404 brn|[from] brn
|turn|27
|c|âLatias tho|u guys
|c| SunnyORAS|these are the questions I ponder
|c|âLatias tho|yiss
|c| Cyndequil|ay
|c| SunnyORAS|so either
|c| SunnyORAS|you die
|c| DatGuyChuck|r u scarfbat
|c| SunnyORAS|and defog
|c| DatGuyChuck|oml
|
|move|p2a: Crobat|Defog|p1a: Jellicent
|-unboost|p1a: Jellicent|evasion|1
|-sideend|p1: lapraz|Stealth Rock|[from] move: Defog|[of] p1a: Jellicent
|-sideend|p2: Latias tho|Spikes|[from] move: Defog|[of] p2a: Crobat
|-sideend|p2: Latias tho|Stealth Rock|[from] move: Defog|[of] p2a: Crobat
|move|p1a: Jellicent|Recover|p1a: Jellicent
|-heal|p1a: Jellicent|264\/404 brn
|
|-heal|p1a: Jellicent|289\/404 brn|[from] item: Leftovers
|-damage|p1a: Jellicent|239\/404 brn|[from] brn
|turn|28
|c| SunnyORAS|or you defog
|c| DatGuyChuck|and that.
|c| SunnyORAS|so obvious
|c| SunnyORAS|keke
|
|move|p2a: Crobat|U-turn|p1a: Jellicent
|-resisted|p1a: Jellicent
|-damage|p1a: Jellicent|207\/404 brn
|
|switch|p2a: Raikou|Raikou|321\/321
|-ability|p2a: Raikou|Pressure
|move|p1a: Jellicent|Scald|p2a: Raikou
|-damage|p2a: Raikou|245\/321
|
|-heal|p1a: Jellicent|232\/404 brn|[from] item: Leftovers
|-damage|p1a: Jellicent|182\/404 brn|[from] brn
|turn|29
|c| DatGuyChuck|no roost?
|c|âLatias tho|bat is my wincon
|
|switch|p1a: Goodra|Goodra, M|384\/384 slp
|move|p2a: Raikou|Hidden Power|p1a: Goodra
|-boost|p1a: Goodra|atk|1|[from] ability: Sap Sipper
|
|turn|30
|c|âLatias tho|as of now at least
|c|âLatias tho|sigh
|c| DatGuyChuck|nice
|join|Antenna Management
|c| DatGuyChuck|hp
|c|âLatias tho|what the fuck
|c| Cyndequil|:>
|c| DatGuyChuck|grass
|
|move|p2a: Raikou|Volt Switch|p1a: Goodra
|-resisted|p1a: Goodra
|-damage|p1a: Goodra|342\/384 slp
|c| Cyndequil|such countered
|
|switch|p2a: Mienshao|Mienshao, F|222\/271
|cant|p1a: Goodra|slp
|move|p1a: Goodra|Sleep Talk|p1a: Goodra
|move|p1a: Goodra|Dragon Tail|p2a: Mienshao|[from]Sleep Talk
|-damage|p2a: Mienshao|68\/271
|drag|p2a: Raikou|Raikou|245\/321
|-ability|p2a: Raikou|Pressure
|
|-heal|p1a: Goodra|366\/384 slp|[from] item: Leftovers
|turn|31
|c|âLatias tho|smhsmhsmshmshmsh
|c| Cyndequil|eyyyyy
|c| SunnyORAS|ded
|c| SunnyORAS|DED
|c| SunnyORAS|just quit
|
|move|p2a: Raikou|Volt Switch|p1a: Goodra
|-resisted|p1a: Goodra
|-damage|p1a: Goodra|323\/384 slp
|c|âLatias tho|never
|
|switch|p2a: Sceptile|Sceptile-Mega, M|106\/281 brn
|-curestatus|p1a: Goodra|slp
|move|p1a: Goodra|Earthquake|p2a: Sceptile
|-resisted|p2a: Sceptile
|-damage|p2a: Sceptile|34\/281 brn
|
|-heal|p1a: Goodra|347\/384|[from] item: Leftovers
|-damage|p2a: Sceptile|0 fnt|[from] brn
|faint|p2a: Sceptile
|
|switch|p2a: Crobat|Crobat, M|19\/321
|turn|32
|c|âLatias tho|nah i lost
|c|âLatias tho|rofl
|
|move|p2a: Crobat|U-turn|p1a: Goodra
|-damage|p1a: Goodra|278\/384
|
|switch|p2a: Mienshao|Mienshao, F|68\/271
|move|p1a: Goodra|Dragon Tail|p2a: Mienshao
|-damage|p2a: Mienshao|0 fnt
|faint|p2a: Mienshao
|
|-heal|p1a: Goodra|302\/384|[from] item: Leftovers
|
|switch|p2a: Crobat|Crobat, M|19\/321
|turn|33
|
|move|p2a: Crobat|Roost|p2a: Crobat
|-heal|p2a: Crobat|180\/321
|move|p1a: Goodra|Dragon Tail|p2a: Crobat
|-damage|p2a: Crobat|50\/321
|drag|p2a: Raikou|Raikou|245\/321
|-ability|p2a: Raikou|Pressure
|
|-heal|p1a: Goodra|326\/384|[from] item: Leftovers
|turn|34
|c| SunnyORAS|smh latios
|leave|PikaCommando
|c| SunnyORAS|stop using MScept
|c| SunnyORAS|its trash
|c|âLatias tho|fuck this
|c| SunnyORAS|I've tried it
|c| SunnyORAS|;-;
|-message|Latias tho forfeited.
|
|win|lapraz
|raw|Ladder updating...
|raw|lapraz's rating: 1675 &rarr; <strong>1685<\/strong><br \/>(+10 for winning)
|raw|Latias tho's rating: 1493 &rarr; <strong>1482<\/strong><br \/>(-11 for losing)
|c|âLatias tho|smh
|c|âLatias tho|using stall
|c|âlapraz|gg
|c|âlapraz|(:
|leave|Cyndequil
|c|âLatias tho|:[
|leave|lapraz
|player|p1
|leave|Latias tho
|player|p2
|leave|DatGuyChuck
|join|So Dynamic