|join|zippleclopper
|join|lapraz
|player|p1|zippleclopper|1
|player|p2|lapraz|157
|gametype|singles
|gen|6
|tier|UU
|rated
|rule|Sleep Clause Mod: Limit one foe put to sleep
|rule|Species Clause: Limit one of each PokÃ©mon
|rule|OHKO Clause: OHKO moves are banned
|rule|Moody Clause: Moody is banned
|rule|Evasion Moves Clause: Evasion moves are banned
|rule|Endless Battle Clause: Forcing endless battles is banned
|rule|HP Percentage Mod: HP is shown in percentages
|clearpoke
|poke|p1|Hippowdon, F
|poke|p1|Reuniclus, F
|poke|p1|Doublade, M
|poke|p1|Entei, shiny
|poke|p1|Virizion
|poke|p1|Blastoise, M
|poke|p2|Umbreon, F
|poke|p2|Steelix, F
|poke|p2|Tentacruel, F
|poke|p2|Crobat, F
|poke|p2|Jellicent, M
|poke|p2|Chesnaught, F
|rule|Swagger Clause: Swagger is banned
|rule|Baton Pass Clause: Limit one PokÃ©mon knowing Baton Pass
|teampreview
|
|start
|switch|p1a: Blastoise|Blastoise, M|355\/355
|switch|p2a: Tentacruel|Tentacruel, F|364\/364
|turn|1
|
|switch|p2a: Umbreon|Umbreon, F|394\/394
|detailschange|p1a: Blastoise|Blastoise-Mega, M
|-mega|p1a: Blastoise|Blastoise|Blastoisinite
|move|p1a: Blastoise|Dark Pulse|p2a: Umbreon
|-resisted|p2a: Umbreon
|-damage|p2a: Umbreon|346\/394
|
|-heal|p2a: Umbreon|370\/394|[from] item: Leftovers
|turn|2
|
|switch|p1a: Reuniclus|Reuniclus, F|424\/424
|switch|p2a: Crobat|Crobat, F|374\/374
|
|turn|3
|
|switch|p2a: Steelix|Steelix, F|354\/354
|move|p1a: Reuniclus|Calm Mind|p1a: Reuniclus
|-boost|p1a: Reuniclus|spa|1
|-boost|p1a: Reuniclus|spd|1
|
|turn|4
|
|detailschange|p2a: Steelix|Steelix-Mega, F
|-mega|p2a: Steelix|Steelix|Steelixite
|move|p1a: Reuniclus|Focus Blast|p2a: Steelix|[miss]
|-miss|p1a: Reuniclus|p2a: Steelix
|move|p2a: Steelix|Roar|p1a: Reuniclus
|drag|p1a: Entei|Entei, shiny|371\/371
|-ability|p1a: Entei|Pressure
|
|turn|5
|
|switch|p2a: Tentacruel|Tentacruel, F|364\/364
|move|p1a: Entei|Sacred Fire|p2a: Tentacruel
|-resisted|p2a: Tentacruel
|-damage|p2a: Tentacruel|245\/364
|
|-heal|p2a: Tentacruel|267\/364|[from] item: Black Sludge
|turn|6
|
|switch|p1a: Blastoise|Blastoise-Mega, M|355\/355
|move|p2a: Tentacruel|Toxic Spikes|p1a: Blastoise
|-sidestart|p1: zippleclopper|move: Toxic Spikes
|
|-heal|p2a: Tentacruel|289\/364|[from] item: Black Sludge
|turn|7
|
|move|p2a: Tentacruel|Scald|p1a: Blastoise
|-resisted|p1a: Blastoise
|-damage|p1a: Blastoise|320\/355
|move|p1a: Blastoise|Rapid Spin|p2a: Tentacruel
|-damage|p2a: Tentacruel|276\/364
|-sideend|p1: zippleclopper|Toxic Spikes|[from] move: Rapid Spin|[of] p1a: Blastoise
|
|-heal|p2a: Tentacruel|298\/364|[from] item: Black Sludge
|turn|8
|
|move|p2a: Tentacruel|Scald|p1a: Blastoise
|-resisted|p1a: Blastoise
|-damage|p1a: Blastoise|286\/355
|-status|p1a: Blastoise|brn
|move|p1a: Blastoise|Dark Pulse|p2a: Tentacruel
|-damage|p2a: Tentacruel|166\/364
|
|-heal|p2a: Tentacruel|188\/364|[from] item: Black Sludge
|-damage|p1a: Blastoise|242\/355 brn|[from] brn
|turn|9
|
|switch|p2a: Umbreon|Umbreon, F|370\/394
|move|p1a: Blastoise|Dark Pulse|p2a: Umbreon
|-resisted|p2a: Umbreon
|-damage|p2a: Umbreon|322\/394
|
|-heal|p2a: Umbreon|346\/394|[from] item: Leftovers
|-damage|p1a: Blastoise|198\/355 brn|[from] brn
|turn|10
|
|switch|p1a: Reuniclus|Reuniclus, F|424\/424
|switch|p2a: Chesnaught|Chesnaught, F|380\/380
|
|turn|11
|
|move|p2a: Chesnaught|Spikes|p1a: Reuniclus
|-sidestart|p1: zippleclopper|Spikes
|move|p1a: Reuniclus|Calm Mind|p1a: Reuniclus
|-boost|p1a: Reuniclus|spa|1
|-boost|p1a: Reuniclus|spd|1
|
|turn|12
|
|switch|p2a: Steelix|Steelix-Mega, F|354\/354
|move|p1a: Reuniclus|Calm Mind|p1a: Reuniclus
|-boost|p1a: Reuniclus|spa|1
|-boost|p1a: Reuniclus|spd|1
|
|turn|13
|
|switch|p2a: Crobat|Crobat, F|374\/374
|move|p1a: Reuniclus|Focus Blast|p2a: Crobat
|-resisted|p2a: Crobat
|-damage|p2a: Crobat|312\/374
|
|-heal|p2a: Crobat|335\/374|[from] item: Leftovers
|turn|14
|
|move|p2a: Crobat|Haze|p2a: Crobat
|-clearallboost
|move|p1a: Reuniclus|Calm Mind|p1a: Reuniclus
|-boost|p1a: Reuniclus|spa|1
|-boost|p1a: Reuniclus|spd|1
|
|-heal|p2a: Crobat|358\/374|[from] item: Leftovers
|turn|15
|
|move|p2a: Crobat|Haze|p2a: Crobat
|-clearallboost
|move|p1a: Reuniclus|Psyshock|p2a: Crobat
|-supereffective|p2a: Crobat
|-damage|p2a: Crobat|88\/374
|
|-heal|p2a: Crobat|111\/374|[from] item: Leftovers
|turn|16
|
|switch|p2a: Steelix|Steelix-Mega, F|354\/354
|move|p1a: Reuniclus|Psyshock|p2a: Steelix
|-resisted|p2a: Steelix
|-damage|p2a: Steelix|327\/354
|
|turn|17
|
|switch|p2a: Jellicent|Jellicent, M|404\/404
|move|p1a: Reuniclus|Focus Blast|p2a: Jellicent
|-immune|p2a: Jellicent|[msg]
|
|turn|18
|
|move|p2a: Jellicent|Taunt|p1a: Reuniclus
|-start|p1a: Reuniclus|move: Taunt
|move|p1a: Reuniclus|Psyshock|p2a: Jellicent
|-damage|p2a: Jellicent|301\/404
|
|-heal|p2a: Jellicent|326\/404|[from] item: Leftovers
|turn|19
|
|move|p2a: Jellicent|Scald|p1a: Reuniclus
|-damage|p1a: Reuniclus|330\/424
|move|p1a: Reuniclus|Psyshock|p2a: Jellicent
|-damage|p2a: Jellicent|220\/404
|
|-heal|p2a: Jellicent|245\/404|[from] item: Leftovers
|-heal|p1a: Reuniclus|356\/424|[from] item: Leftovers
|turn|20
|
|switch|p1a: Blastoise|Blastoise-Mega, M|198\/355 brn
|-damage|p1a: Blastoise|154\/355 brn|[from] Spikes
|move|p2a: Jellicent|Scald|p1a: Blastoise
|-resisted|p1a: Blastoise
|-damage|p1a: Blastoise|117\/355 brn
|
|-heal|p2a: Jellicent|270\/404|[from] item: Leftovers
|-damage|p1a: Blastoise|73\/355 brn|[from] brn
|turn|21
|
|switch|p2a: Chesnaught|Chesnaught, F|380\/380
|move|p1a: Blastoise|Rapid Spin|p2a: Chesnaught
|-damage|p2a: Chesnaught|374\/380
|-sideend|p1: zippleclopper|Spikes|[from] move: Rapid Spin|[of] p1a: Blastoise
|
|-heal|p2a: Chesnaught|380\/380|[from] item: Leftovers
|-damage|p1a: Blastoise|29\/355 brn|[from] brn
|turn|22
|
|switch|p1a: Entei|Entei, shiny|371\/371
|-ability|p1a: Entei|Pressure
|move|p2a: Chesnaught|Spikes|p1a: Entei
|-sidestart|p1: zippleclopper|Spikes
|
|turn|23
|
|move|p2a: Chesnaught|Spiky Shield|p2a: Chesnaught
|-singleturn|p2a: Chesnaught|move: Protect
|move|p1a: Entei|Sacred Fire|p2a: Chesnaught
|-activate|p2a: Chesnaught|move: Protect
|
|turn|24
|
|switch|p2a: Jellicent|Jellicent, M|270\/404
|move|p1a: Entei|Sacred Fire|p2a: Jellicent
|-resisted|p2a: Jellicent
|-damage|p2a: Jellicent|153\/404
|-status|p2a: Jellicent|brn
|
|-heal|p2a: Jellicent|178\/404 brn|[from] item: Leftovers
|-damage|p2a: Jellicent|128\/404 brn|[from] brn
|turn|25
|
|move|p1a: Entei|Sacred Fire|p2a: Jellicent
|-resisted|p2a: Jellicent
|-damage|p2a: Jellicent|0 fnt
|faint|p2a: Jellicent
|
|
|switch|p2a: Umbreon|Umbreon, F|346\/394
|turn|26
|
|switch|p1a: Reuniclus|Reuniclus, F|356\/424
|move|p2a: Umbreon|Protect|p2a: Umbreon
|-fail|p2a: Umbreon
|
|-heal|p2a: Umbreon|370\/394|[from] item: Leftovers
|-heal|p1a: Reuniclus|382\/424|[from] item: Leftovers
|turn|27
|
|move|p2a: Umbreon|Foul Play|p1a: Reuniclus
|-supereffective|p1a: Reuniclus
|-damage|p1a: Reuniclus|274\/424
|move|p1a: Reuniclus|Calm Mind|p1a: Reuniclus
|-boost|p1a: Reuniclus|spa|1
|-boost|p1a: Reuniclus|spd|1
|
|-heal|p2a: Umbreon|394\/394|[from] item: Leftovers
|-heal|p1a: Reuniclus|300\/424|[from] item: Leftovers
|turn|28
|
|switch|p2a: Steelix|Steelix-Mega, F|327\/354
|move|p1a: Reuniclus|Psyshock|p2a: Steelix
|-crit|p2a: Steelix
|-resisted|p2a: Steelix
|-damage|p2a: Steelix|266\/354
|
|-heal|p1a: Reuniclus|326\/424|[from] item: Leftovers
|turn|29
|
|move|p1a: Reuniclus|Focus Blast|p2a: Steelix
|-supereffective|p2a: Steelix
|-damage|p2a: Steelix|4\/354
|-unboost|p2a: Steelix|spd|1
|move|p2a: Steelix|Roar|p1a: Reuniclus
|drag|p1a: Virizion|Virizion|324\/324
|-damage|p1a: Virizion|284\/324|[from] Spikes
|
|turn|30
|
|switch|p2a: Crobat|Crobat, F|111\/374
|move|p1a: Virizion|Close Combat|p2a: Crobat
|-resisted|p2a: Crobat
|-damage|p2a: Crobat|42\/374
|-unboost|p1a: Virizion|def|1
|-unboost|p1a: Virizion|spd|1
|-damage|p1a: Virizion|252\/324|[from] item: Life Orb
|
|-heal|p2a: Crobat|65\/374|[from] item: Leftovers
|turn|31
|
|switch|p1a: Reuniclus|Reuniclus, F|326\/424
|move|p2a: Crobat|Roost|p2a: Crobat
|-heal|p2a: Crobat|252\/374
|
|-heal|p2a: Crobat|275\/374|[from] item: Leftovers
|-heal|p1a: Reuniclus|352\/424|[from] item: Leftovers
|turn|32
|
|move|p2a: Crobat|Toxic|p1a: Reuniclus
|-status|p1a: Reuniclus|tox
|move|p1a: Reuniclus|Psyshock|p2a: Crobat
|-supereffective|p2a: Crobat
|-damage|p2a: Crobat|5\/374
|
|-heal|p2a: Crobat|28\/374|[from] item: Leftovers
|-heal|p1a: Reuniclus|378\/424 tox|[from] item: Leftovers
|turn|33
|
|switch|p2a: Umbreon|Umbreon, F|394\/394
|move|p1a: Reuniclus|Psyshock|p2a: Umbreon
|-immune|p2a: Umbreon|[msg]
|
|-heal|p1a: Reuniclus|404\/424 tox|[from] item: Leftovers
|turn|34
|
|move|p2a: Umbreon|Wish|p2a: Umbreon
|move|p1a: Reuniclus|Calm Mind|p1a: Reuniclus
|-boost|p1a: Reuniclus|spa|1
|-boost|p1a: Reuniclus|spd|1
|
|-heal|p1a: Reuniclus|424\/424 tox|[from] item: Leftovers
|turn|35
|
|move|p2a: Umbreon|Foul Play|p1a: Reuniclus
|-supereffective|p1a: Reuniclus
|-damage|p1a: Reuniclus|320\/424 tox
|move|p1a: Reuniclus|Psyshock|p2a: Umbreon
|-immune|p2a: Umbreon|[msg]
|
|-heal|p1a: Reuniclus|346\/424 tox|[from] item: Leftovers
|turn|36
|
|move|p2a: Umbreon|Foul Play|p1a: Reuniclus
|-supereffective|p1a: Reuniclus
|-damage|p1a: Reuniclus|238\/424 tox
|move|p1a: Reuniclus|Calm Mind|p1a: Reuniclus
|-boost|p1a: Reuniclus|spa|1
|-boost|p1a: Reuniclus|spd|1
|
|-heal|p1a: Reuniclus|264\/424 tox|[from] item: Leftovers
|turn|37
|
|move|p2a: Umbreon|Foul Play|p1a: Reuniclus
|-supereffective|p1a: Reuniclus
|-damage|p1a: Reuniclus|160\/424 tox
|move|p1a: Reuniclus|Recover|p1a: Reuniclus
|-heal|p1a: Reuniclus|372\/424 tox
|
|-heal|p1a: Reuniclus|398\/424 tox|[from] item: Leftovers
|turn|38
|
|move|p2a: Umbreon|Foul Play|p1a: Reuniclus
|-supereffective|p1a: Reuniclus
|-damage|p1a: Reuniclus|296\/424 tox
|move|p1a: Reuniclus|Calm Mind|p1a: Reuniclus
|-boost|p1a: Reuniclus|spa|1
|-boost|p1a: Reuniclus|spd|1
|
|-heal|p1a: Reuniclus|322\/424 tox|[from] item: Leftovers
|turn|39
|
|move|p2a: Umbreon|Foul Play|p1a: Reuniclus
|-supereffective|p1a: Reuniclus
|-damage|p1a: Reuniclus|226\/424 tox
|move|p1a: Reuniclus|Calm Mind|p1a: Reuniclus
|-boost|p1a: Reuniclus|spa|1
|-boost|p1a: Reuniclus|spd|1
|
|-heal|p1a: Reuniclus|252\/424 tox|[from] item: Leftovers
|turn|40
|
|move|p2a: Umbreon|Foul Play|p1a: Reuniclus
|-supereffective|p1a: Reuniclus
|-damage|p1a: Reuniclus|154\/424 tox
|move|p1a: Reuniclus|Recover|p1a: Reuniclus
|-heal|p1a: Reuniclus|366\/424 tox
|
|-heal|p1a: Reuniclus|392\/424 tox|[from] item: Leftovers
|turn|41
|
|move|p2a: Umbreon|Foul Play|p1a: Reuniclus
|-supereffective|p1a: Reuniclus
|-damage|p1a: Reuniclus|294\/424 tox
|move|p1a: Reuniclus|Focus Blast|p2a: Umbreon
|-supereffective|p2a: Umbreon
|-damage|p2a: Umbreon|0 fnt
|faint|p2a: Umbreon
|
|-heal|p1a: Reuniclus|320\/424 tox|[from] item: Leftovers
|
|switch|p2a: Crobat|Crobat, F|28\/374
|turn|42
|
|move|p2a: Crobat|Haze|p2a: Crobat
|-clearallboost
|move|p1a: Reuniclus|Psyshock|p2a: Crobat
|-supereffective|p2a: Crobat
|-damage|p2a: Crobat|0 fnt
|faint|p2a: Crobat
|
|-heal|p1a: Reuniclus|346\/424 tox|[from] item: Leftovers
|
|switch|p2a: Steelix|Steelix-Mega, F|4\/354
|turn|43
|
|move|p1a: Reuniclus|Psyshock|p2a: Steelix
|-resisted|p2a: Steelix
|-damage|p2a: Steelix|0 fnt
|faint|p2a: Steelix
|
|-heal|p1a: Reuniclus|372\/424 tox|[from] item: Leftovers
|
|switch|p2a: Chesnaught|Chesnaught, F|380\/380
|turn|44
|
|move|p2a: Chesnaught|Wood Hammer|p1a: Reuniclus
|-damage|p1a: Reuniclus|231\/424 tox
|-damage|p2a: Chesnaught|333\/380|[from] recoil|[of] p1a: Reuniclus
|move|p1a: Reuniclus|Calm Mind|p1a: Reuniclus
|-boost|p1a: Reuniclus|spa|1
|-boost|p1a: Reuniclus|spd|1
|
|-heal|p2a: Chesnaught|356\/380|[from] item: Leftovers
|-heal|p1a: Reuniclus|257\/424 tox|[from] item: Leftovers
|turn|45
|
|move|p2a: Chesnaught|Wood Hammer|p1a: Reuniclus
|-damage|p1a: Reuniclus|121\/424 tox
|-damage|p2a: Chesnaught|311\/380|[from] recoil|[of] p1a: Reuniclus
|move|p1a: Reuniclus|Recover|p1a: Reuniclus
|-heal|p1a: Reuniclus|333\/424 tox
|
|-heal|p2a: Chesnaught|334\/380|[from] item: Leftovers
|-heal|p1a: Reuniclus|359\/424 tox|[from] item: Leftovers
|turn|46
|
|move|p2a: Chesnaught|Wood Hammer|p1a: Reuniclus
|-damage|p1a: Reuniclus|227\/424 tox
|-damage|p2a: Chesnaught|290\/380|[from] recoil|[of] p1a: Reuniclus
|move|p1a: Reuniclus|Calm Mind|p1a: Reuniclus
|-boost|p1a: Reuniclus|spa|1
|-boost|p1a: Reuniclus|spd|1
|
|-heal|p2a: Chesnaught|313\/380|[from] item: Leftovers
|-heal|p1a: Reuniclus|253\/424 tox|[from] item: Leftovers
|turn|47
|
|move|p2a: Chesnaught|Wood Hammer|p1a: Reuniclus
|-damage|p1a: Reuniclus|115\/424 tox
|-damage|p2a: Chesnaught|267\/380|[from] recoil|[of] p1a: Reuniclus
|move|p1a: Reuniclus|Recover|p1a: Reuniclus
|-heal|p1a: Reuniclus|327\/424 tox
|
|-heal|p2a: Chesnaught|290\/380|[from] item: Leftovers
|-heal|p1a: Reuniclus|353\/424 tox|[from] item: Leftovers
|turn|48
|
|move|p2a: Chesnaught|Wood Hammer|p1a: Reuniclus
|-damage|p1a: Reuniclus|212\/424 tox
|-damage|p2a: Chesnaught|243\/380|[from] recoil|[of] p1a: Reuniclus
|move|p1a: Reuniclus|Psyshock|p2a: Chesnaught
|-supereffective|p2a: Chesnaught
|-damage|p2a: Chesnaught|0 fnt
|faint|p2a: Chesnaught
|
|-heal|p1a: Reuniclus|238\/424 tox|[from] item: Leftovers
|
|switch|p2a: Tentacruel|Tentacruel, F|188\/364
|turn|49
|
|move|p2a: Tentacruel|Acid Spray|p1a: Reuniclus
|-crit|p1a: Reuniclus
|-damage|p1a: Reuniclus|172\/424 tox
|-unboost|p1a: Reuniclus|spd|2
|move|p1a: Reuniclus|Psyshock|p2a: Tentacruel
|-supereffective|p2a: Tentacruel
|-damage|p2a: Tentacruel|0 fnt
|faint|p2a: Tentacruel
|
|win|zippleclopper
|raw|Ladder updating...
|raw|zippleclopper's rating: 1579 &rarr; <strong>1596<\/strong><br \/>(+17 for winning)
|raw|lapraz's rating: 1537 &rarr; <strong>1520<\/strong><br \/>(-17 for losing)
|leave|lapraz
|player|p2