|join|lapraz
|join|specs P2
|player|p1|lapraz|157
|player|p2|specs P2|161
|gametype|singles
|gen|6
|tier|UU
|rated
|rule|Sleep Clause Mod: Limit one foe put to sleep
|rule|Species Clause: Limit one of each PokÃ©mon
|rule|OHKO Clause: OHKO moves are banned
|rule|Moody Clause: Moody is banned
|rule|Evasion Moves Clause: Evasion moves are banned
|rule|Endless Battle Clause: Forcing endless battles is banned
|rule|HP Percentage Mod: HP is shown in percentages
|clearpoke
|poke|p1|Florges, F
|poke|p1|Steelix, F
|poke|p1|Tentacruel, M
|poke|p1|Goodra, F
|poke|p1|Jellicent, F
|poke|p1|Chesnaught, F
|poke|p2|Beedrill, F
|poke|p2|Entei, shiny
|poke|p2|Starmie
|poke|p2|Hydreigon, M
|poke|p2|Mienshao, M
|poke|p2|Nidoqueen, F
|rule|Swagger Clause: Swagger is banned
|rule|Baton Pass Clause: Limit one PokÃ©mon knowing Baton Pass
|teampreview
|
|start
|switch|p1a: Goodra|Goodra, F|384\/384
|switch|p2a: Nidoqueen|Nidoqueen, F|353\/353
|turn|1
|
|switch|p2a: Entei|Entei, shiny|371\/371
|-ability|p2a: Entei|Pressure
|move|p1a: Goodra|Earthquake|p2a: Entei
|-supereffective|p2a: Entei
|-damage|p2a: Entei|187\/371
|
|turn|2
|
|switch|p2a: Starmie|Starmie|261\/261
|move|p1a: Goodra|Earthquake|p2a: Starmie
|-damage|p2a: Starmie|165\/261
|
|turn|3
|
|switch|p1a: Jellicent|Jellicent, F|404\/404
|move|p2a: Starmie|Ice Beam|p1a: Jellicent
|-resisted|p1a: Jellicent
|-damage|p1a: Jellicent|327\/404
|-damage|p2a: Starmie|139\/261|[from] item: Life Orb
|
|-heal|p1a: Jellicent|352\/404|[from] item: Leftovers
|turn|4
|
|switch|p2a: Hydreigon|Hydreigon, M|325\/325
|move|p1a: Jellicent|Will-O-Wisp|p2a: Hydreigon
|-status|p2a: Hydreigon|brn
|
|-heal|p1a: Jellicent|377\/404|[from] item: Leftovers
|-damage|p2a: Hydreigon|285\/325 brn|[from] brn
|turn|5
|
|switch|p2a: Nidoqueen|Nidoqueen, F|353\/353
|switch|p1a: Florges|Florges, F|360\/360
|
|turn|6
|
|switch|p1a: Goodra|Goodra, F|384\/384
|move|p2a: Nidoqueen|Stealth Rock|p1a: Goodra
|-sidestart|p1: lapraz|move: Stealth Rock
|
|turn|7
|
|switch|p2a: Starmie|Starmie|139\/261
|move|p1a: Goodra|Dragon Tail|p2a: Starmie|[miss]
|-miss|p1a: Goodra|p2a: Starmie
|
|turn|8
|
|switch|p1a: Jellicent|Jellicent, F|377\/404
|-damage|p1a: Jellicent|327\/404|[from] Stealth Rock
|move|p2a: Starmie|Ice Beam|p1a: Jellicent
|-resisted|p1a: Jellicent
|-damage|p1a: Jellicent|257\/404
|-damage|p2a: Starmie|113\/261|[from] item: Life Orb
|
|-heal|p1a: Jellicent|282\/404|[from] item: Leftovers
|turn|9
|
|switch|p2a: Hydreigon|Hydreigon, M|285\/325 brn
|move|p1a: Jellicent|Will-O-Wisp|p2a: Hydreigon|[miss]
|-miss|p1a: Jellicent|p2a: Hydreigon
|
|-heal|p1a: Jellicent|307\/404|[from] item: Leftovers
|-damage|p2a: Hydreigon|245\/325 brn|[from] brn
|turn|10
|
|switch|p2a: Nidoqueen|Nidoqueen, F|353\/353
|switch|p1a: Florges|Florges, F|360\/360
|-damage|p1a: Florges|315\/360|[from] Stealth Rock
|
|-heal|p1a: Florges|337\/360|[from] item: Leftovers
|turn|11
|
|move|p1a: Florges|Protect|p1a: Florges
|-singleturn|p1a: Florges|Protect
|move|p2a: Nidoqueen|Ice Beam|p1a: Florges
|-activate|p1a: Florges|Protect
|
|-heal|p1a: Florges|359\/360|[from] item: Leftovers
|turn|12
|
|move|p2a: Nidoqueen|Earth Power|p1a: Florges
|-damage|p1a: Florges|241\/360
|move|p1a: Florges|Wish|p1a: Florges
|
|-heal|p1a: Florges|263\/360|[from] item: Leftovers
|turn|13
|
|switch|p1a: Jellicent|Jellicent, F|307\/404
|-damage|p1a: Jellicent|257\/404|[from] Stealth Rock
|move|p2a: Nidoqueen|Sludge Wave|p1a: Jellicent
|-resisted|p1a: Jellicent
|-damage|p1a: Jellicent|162\/404
|
|-heal|p1a: Jellicent|342\/404|[from] move: Wish|[wisher] Florges
|-heal|p1a: Jellicent|367\/404|[from] item: Leftovers
|turn|14
|
|switch|p2a: Hydreigon|Hydreigon, M|245\/325 brn
|move|p1a: Jellicent|Scald|p2a: Hydreigon
|-resisted|p2a: Hydreigon
|-damage|p2a: Hydreigon|197\/325 brn
|
|-heal|p1a: Jellicent|392\/404|[from] item: Leftovers
|-damage|p2a: Hydreigon|157\/325 brn|[from] brn
|turn|15
|
|move|p2a: Hydreigon|Roost|p2a: Hydreigon
|-heal|p2a: Hydreigon|320\/325 brn
|move|p1a: Jellicent|Will-O-Wisp|p2a: Hydreigon|[miss]
|-miss|p1a: Jellicent|p2a: Hydreigon
|
|-heal|p1a: Jellicent|404\/404|[from] item: Leftovers
|-damage|p2a: Hydreigon|280\/325 brn|[from] brn
|turn|16
|
|move|p2a: Hydreigon|Dark Pulse|p1a: Jellicent
|-supereffective|p1a: Jellicent
|-damage|p1a: Jellicent|43\/404
|-damage|p2a: Hydreigon|248\/325 brn|[from] item: Life Orb
|move|p1a: Jellicent|Will-O-Wisp|p2a: Hydreigon
|-fail|p2a: Hydreigon|brn
|
|-heal|p1a: Jellicent|68\/404|[from] item: Leftovers
|-damage|p2a: Hydreigon|208\/325 brn|[from] brn
|turn|17
|
|switch|p1a: Florges|Florges, F|263\/360
|-damage|p1a: Florges|218\/360|[from] Stealth Rock
|move|p2a: Hydreigon|Dark Pulse|p1a: Florges
|-resisted|p1a: Florges
|-damage|p1a: Florges|162\/360
|-damage|p2a: Hydreigon|176\/325 brn|[from] item: Life Orb
|
|-heal|p1a: Florges|184\/360|[from] item: Leftovers
|-damage|p2a: Hydreigon|136\/325 brn|[from] brn
|turn|18
|
|switch|p2a: Beedrill|Beedrill, F|271\/271
|move|p1a: Florges|Moonblast|p2a: Beedrill
|-crit|p2a: Beedrill
|-resisted|p2a: Beedrill
|-damage|p2a: Beedrill|151\/271
|
|-heal|p1a: Florges|206\/360|[from] item: Leftovers
|turn|19
|
|switch|p1a: Steelix|Steelix, F|354\/354
|-damage|p1a: Steelix|343\/354|[from] Stealth Rock
|detailschange|p2a: Beedrill|Beedrill-Mega, F
|-mega|p2a: Beedrill|Beedrill|Beedrillite
|move|p2a: Beedrill|U-turn|p1a: Steelix
|-resisted|p1a: Steelix
|-damage|p1a: Steelix|284\/354
|
|switch|p2a: Nidoqueen|Nidoqueen, F|353\/353
|
|turn|20
|
|switch|p1a: Goodra|Goodra, F|384\/384
|-damage|p1a: Goodra|336\/384|[from] Stealth Rock
|move|p2a: Nidoqueen|Earth Power|p1a: Goodra
|-damage|p1a: Goodra|200\/384
|
|-heal|p1a: Goodra|224\/384|[from] item: Leftovers
|turn|21
|
|switch|p1a: Tentacruel|Tentacruel, M|364\/364
|-damage|p1a: Tentacruel|319\/364|[from] Stealth Rock
|move|p2a: Nidoqueen|Ice Beam|p1a: Tentacruel
|-resisted|p1a: Tentacruel
|-damage|p1a: Tentacruel|255\/364
|
|-heal|p1a: Tentacruel|277\/364|[from] item: Black Sludge
|turn|22
|
|switch|p2a: Hydreigon|Hydreigon, M|136\/325 brn
|move|p1a: Tentacruel|Scald|p2a: Hydreigon
|-resisted|p2a: Hydreigon
|-damage|p2a: Hydreigon|97\/325 brn
|
|-heal|p1a: Tentacruel|299\/364|[from] item: Black Sludge
|-damage|p2a: Hydreigon|57\/325 brn|[from] brn
|turn|23
|
|move|p2a: Hydreigon|Roost|p2a: Hydreigon
|-heal|p2a: Hydreigon|220\/325 brn
|move|p1a: Tentacruel|Rapid Spin|p2a: Hydreigon
|-damage|p2a: Hydreigon|207\/325 brn
|-sideend|p1: lapraz|Stealth Rock|[from] move: Rapid Spin|[of] p1a: Tentacruel
|
|-heal|p1a: Tentacruel|321\/364|[from] item: Black Sludge
|-damage|p2a: Hydreigon|167\/325 brn|[from] brn
|turn|24
|
|move|p2a: Hydreigon|Roost|p2a: Hydreigon
|-heal|p2a: Hydreigon|325\/325 brn
|move|p1a: Tentacruel|Knock Off|p2a: Hydreigon
|-resisted|p2a: Hydreigon
|-damage|p2a: Hydreigon|291\/325 brn
|-enditem|p2a: Hydreigon|Life Orb|[from] move: Knock Off|[of] p1a: Tentacruel
|
|-heal|p1a: Tentacruel|343\/364|[from] item: Black Sludge
|-damage|p2a: Hydreigon|251\/325 brn|[from] brn
|turn|25
|
|move|p2a: Hydreigon|Dark Pulse|p1a: Tentacruel
|-damage|p1a: Tentacruel|214\/364
|move|p1a: Tentacruel|Scald|p2a: Hydreigon
|-resisted|p2a: Hydreigon
|-damage|p2a: Hydreigon|209\/325 brn
|
|-heal|p1a: Tentacruel|236\/364|[from] item: Black Sludge
|-damage|p2a: Hydreigon|169\/325 brn|[from] brn
|turn|26
|
|switch|p1a: Florges|Florges, F|206\/360
|move|p2a: Hydreigon|Roost|p2a: Hydreigon
|-heal|p2a: Hydreigon|325\/325 brn
|
|-heal|p1a: Florges|228\/360|[from] item: Leftovers
|-damage|p2a: Hydreigon|285\/325 brn|[from] brn
|turn|27
|
|switch|p2a: Entei|Entei, shiny|187\/371
|-ability|p2a: Entei|Pressure
|move|p1a: Florges|Wish|p1a: Florges
|
|-heal|p1a: Florges|250\/360|[from] item: Leftovers
|turn|28
|
|switch|p1a: Goodra|Goodra, F|224\/384
|move|p2a: Entei|Sacred Fire|p1a: Goodra
|-resisted|p1a: Goodra
|-damage|p1a: Goodra|150\/384
|
|-heal|p1a: Goodra|330\/384|[from] move: Wish|[wisher] Florges
|-heal|p1a: Goodra|354\/384|[from] item: Leftovers
|turn|29
|
|switch|p2a: Starmie|Starmie|113\/261
|move|p1a: Goodra|Dragon Tail|p2a: Starmie
|-damage|p2a: Starmie|37\/261
|drag|p2a: Entei|Entei, shiny|187\/371
|-ability|p2a: Entei|Pressure
|
|-heal|p1a: Goodra|378\/384|[from] item: Leftovers
|turn|30
|
|move|p2a: Entei|Sacred Fire|p1a: Goodra
|-resisted|p1a: Goodra
|-damage|p1a: Goodra|302\/384
|-status|p1a: Goodra|brn
|move|p1a: Goodra|Earthquake|p2a: Entei
|-supereffective|p2a: Entei
|-damage|p2a: Entei|101\/371
|
|-heal|p1a: Goodra|326\/384 brn|[from] item: Leftovers
|-damage|p1a: Goodra|278\/384 brn|[from] brn
|turn|31
|
|switch|p2a: Hydreigon|Hydreigon, M|285\/325 brn
|move|p1a: Goodra|Rest|p1a: Goodra
|-status|p1a: Goodra|slp
|-heal|p1a: Goodra|384\/384 slp|[silent]
|-status|p1a: Goodra|slp|[from] move: Rest
|
|-damage|p2a: Hydreigon|245\/325 brn|[from] brn
|turn|32
|
|switch|p2a: Nidoqueen|Nidoqueen, F|353\/353
|switch|p1a: Steelix|Steelix, F|284\/354
|
|turn|33
|
|detailschange|p1a: Steelix|Steelix-Mega, F
|-mega|p1a: Steelix|Steelix|Steelixite
|move|p2a: Nidoqueen|Earth Power|p1a: Steelix
|-supereffective|p1a: Steelix
|-damage|p1a: Steelix|0 fnt
|faint|p1a: Steelix
|
|
|switch|p1a: Florges|Florges, F|250\/360
|turn|34
|
|move|p1a: Florges|Protect|p1a: Florges
|-singleturn|p1a: Florges|Protect
|move|p2a: Nidoqueen|Sludge Wave|p1a: Florges
|-activate|p1a: Florges|Protect
|
|-heal|p1a: Florges|272\/360|[from] item: Leftovers
|turn|35
|
|switch|p1a: Jellicent|Jellicent, F|68\/404
|move|p2a: Nidoqueen|Sludge Wave|p1a: Jellicent
|-resisted|p1a: Jellicent
|-damage|p1a: Jellicent|0 fnt
|faint|p1a: Jellicent
|
|
|switch|p1a: Goodra|Goodra, F|384\/384 slp
|turn|36
|
|switch|p2a: Starmie|Starmie|37\/261
|cant|p1a: Goodra|slp
|move|p1a: Goodra|Sleep Talk|p1a: Goodra
|move|p1a: Goodra|Earthquake|p2a: Starmie|[from]Sleep Talk
|-damage|p2a: Starmie|0 fnt
|faint|p2a: Starmie
|
|
|switch|p2a: Beedrill|Beedrill-Mega, F|151\/271
|turn|37
|
|switch|p1a: Chesnaught|Chesnaught, F|380\/380
|move|p2a: Beedrill|U-turn|p1a: Chesnaught
|-damage|p1a: Chesnaught|248\/380
|
|switch|p2a: Nidoqueen|Nidoqueen, F|353\/353
|
|-heal|p1a: Chesnaught|271\/380|[from] item: Leftovers
|turn|38
|
|switch|p1a: Goodra|Goodra, F|384\/384 slp
|move|p2a: Nidoqueen|Sludge Wave|p1a: Goodra
|-damage|p1a: Goodra|235\/384 slp
|
|-heal|p1a: Goodra|259\/384 slp|[from] item: Leftovers
|turn|39
|
|move|p2a: Nidoqueen|Ice Beam|p1a: Goodra
|-supereffective|p1a: Goodra
|-damage|p1a: Goodra|51\/384 slp
|cant|p1a: Goodra|slp
|move|p1a: Goodra|Sleep Talk|p1a: Goodra
|move|p1a: Goodra|Rest|p1a: Goodra|[from]Sleep Talk
|-fail|p1a: Goodra
|
|-heal|p1a: Goodra|75\/384 slp|[from] item: Leftovers
|turn|40
|
|switch|p1a: Tentacruel|Tentacruel, M|236\/364
|move|p2a: Nidoqueen|Earth Power|p1a: Tentacruel
|-supereffective|p1a: Tentacruel
|-damage|p1a: Tentacruel|0 fnt
|faint|p1a: Tentacruel
|
|
|switch|p1a: Florges|Florges, F|272\/360
|turn|41
|
|move|p1a: Florges|Protect|p1a: Florges
|-singleturn|p1a: Florges|Protect
|move|p2a: Nidoqueen|Sludge Wave|p1a: Florges
|-activate|p1a: Florges|Protect
|
|-heal|p1a: Florges|294\/360|[from] item: Leftovers
|turn|42
|
|move|p2a: Nidoqueen|Sludge Wave|p1a: Florges
|-supereffective|p1a: Florges
|-damage|p1a: Florges|13\/360
|move|p1a: Florges|Wish|p1a: Florges
|
|-heal|p1a: Florges|35\/360|[from] item: Leftovers
|turn|43
|
|move|p1a: Florges|Protect|p1a: Florges
|-singleturn|p1a: Florges|Protect
|move|p2a: Nidoqueen|Stealth Rock|p1a: Florges
|-sidestart|p1: lapraz|move: Stealth Rock
|
|-heal|p1a: Florges|215\/360|[from] move: Wish|[wisher] Florges
|-heal|p1a: Florges|237\/360|[from] item: Leftovers
|turn|44
|
|move|p2a: Nidoqueen|Sludge Wave|p1a: Florges
|-supereffective|p1a: Florges
|-damage|p1a: Florges|0 fnt
|faint|p1a: Florges
|
|-message|lapraz forfeited.
|leave|lapraz
|
|win|specs P2
|raw|Ladder updating...
|player|p1
|raw|lapraz's rating: 1722 &rarr; <strong>1691<\/strong><br \/>(-31 for losing)
|raw|specs P2's rating: 1503 &rarr; <strong>1534<\/strong><br \/>(+31 for winning)