|join|lapraz
|join|trannel
|player|p1|lapraz|157
|player|p2|trannel|102
|gametype|singles
|gen|6
|tier|UU
|rated
|rule|Sleep Clause Mod: Limit one foe put to sleep
|rule|Species Clause: Limit one of each PokÃ©mon
|rule|OHKO Clause: OHKO moves are banned
|rule|Moody Clause: Moody is banned
|rule|Evasion Moves Clause: Evasion moves are banned
|rule|Endless Battle Clause: Forcing endless battles is banned
|rule|HP Percentage Mod: HP is shown in percentages
|clearpoke
|poke|p1|Blissey, F
|poke|p1|Steelix, M
|poke|p1|Tentacruel, M
|poke|p1|Goodra, F
|poke|p1|Jellicent, F
|poke|p1|Chesnaught, M
|poke|p2|Hydreigon, F
|poke|p2|Chandelure, M
|poke|p2|Blastoise, F
|poke|p2|Azelf
|poke|p2|Chesnaught, M
|poke|p2|Alakazam, M
|rule|Swagger Clause: Swagger is banned
|rule|Baton Pass Clause: Limit one PokÃ©mon knowing Baton Pass
|teampreview
|
|start
|switch|p1a: Jellicent|Jellicent, F|404\/404
|switch|p2a: Chesnaught|Chesnaught, M|320\/320
|turn|1
|
|move|p2a: Chesnaught|Substitute|p2a: Chesnaught
|-start|p2a: Chesnaught|Substitute
|-damage|p2a: Chesnaught|240\/320
|move|p1a: Jellicent|Taunt|p2a: Chesnaught
|-start|p2a: Chesnaught|move: Taunt
|
|turn|2
|
|move|p2a: Chesnaught|Seed Bomb|p1a: Jellicent
|-supereffective|p1a: Jellicent
|-damage|p1a: Jellicent|164\/404
|move|p1a: Jellicent|Scald|p2a: Chesnaught
|-resisted|p2a: Chesnaught
|-activate|p2a: Chesnaught|Substitute|[damage]
|
|-heal|p1a: Jellicent|189\/404|[from] item: Leftovers
|turn|3
|
|switch|p1a: Steelix|Steelix, M|354\/354
|move|p2a: Chesnaught|Seed Bomb|p1a: Steelix
|-damage|p1a: Steelix|285\/354
|
|turn|4
|
|detailschange|p1a: Steelix|Steelix-Mega, M
|-mega|p1a: Steelix|Steelix|Steelixite
|move|p2a: Chesnaught|Drain Punch|p1a: Steelix
|-supereffective|p1a: Steelix
|-damage|p1a: Steelix|165\/354
|-heal|p2a: Chesnaught|300\/320|[from] drain|[of] p1a: Steelix
|move|p1a: Steelix|Dragon Tail|p2a: Chesnaught
|-end|p2a: Chesnaught|Substitute
|
|-end|p2a: Chesnaught|move: Taunt
|turn|5
|
|switch|p1a: Goodra|Goodra, F|384\/384
|move|p2a: Chesnaught|Substitute|p2a: Chesnaught
|-start|p2a: Chesnaught|Substitute
|-damage|p2a: Chesnaught|220\/320
|
|turn|6
|
|move|p2a: Chesnaught|Belly Drum|p2a: Chesnaught
|-damage|p2a: Chesnaught|60\/320
|-setboost|p2a: Chesnaught|atk|6|[from] move: Belly Drum
|-enditem|p2a: Chesnaught|Salac Berry|[eat]
|-boost|p2a: Chesnaught|spe|1|[from] item: Salac Berry
|move|p1a: Goodra|Dragon Tail|p2a: Chesnaught
|-activate|p2a: Chesnaught|Substitute|[damage]
|
|turn|7
|
|move|p2a: Chesnaught|Drain Punch|p1a: Goodra
|-damage|p1a: Goodra|0 fnt
|-heal|p2a: Chesnaught|252\/320|[from] drain|[of] p1a: Goodra
|faint|p1a: Goodra
|
|c|âtrannel|stall gets so wrecked by this set
|c|âlapraz|yep
|c|âlapraz|gg
|c|âtrannel|gg
|-message|lapraz forfeited.
|
|win|trannel
|raw|Ladder updating...
|leave|lapraz
|player|p1
|raw|lapraz's rating: 1638 &rarr; <strong>1605<\/strong><br \/>(-33 for losing)
|raw|trannel's rating: 1366 &rarr; <strong>1399<\/strong><br \/>(+33 for winning)