|join|lapraz
|join|ULT Bob
|player|p1|lapraz|157
|player|p2|ULT Bob|23
|gametype|singles
|gen|6
|tier|UU
|rated
|rule|Sleep Clause Mod: Limit one foe put to sleep
|rule|Species Clause: Limit one of each PokÃ©mon
|rule|OHKO Clause: OHKO moves are banned
|rule|Moody Clause: Moody is banned
|rule|Evasion Moves Clause: Evasion moves are banned
|rule|Endless Battle Clause: Forcing endless battles is banned
|rule|HP Percentage Mod: HP is shown in percentages
|clearpoke
|poke|p1|Blissey, F
|poke|p1|Suicune
|poke|p1|Krookodile, F
|poke|p1|Granbull, M
|poke|p1|Forretress, M
|poke|p1|Moltres
|poke|p2|Celebi
|poke|p2|Aggron, F, shiny
|poke|p2|Crobat, M, shiny
|poke|p2|Blissey, F, shiny
|poke|p2|Alomomola, F, shiny
|poke|p2|Krookodile, F, shiny
|rule|Swagger Clause: Swagger is banned
|rule|Baton Pass Clause: Limit one PokÃ©mon knowing Baton Pass
|teampreview
|
|start
|switch|p1a: Granbull|Granbull, M|384\/384
|switch|p2a: fat fuck|Aggron, F, shiny|344\/344
|-ability|p1a: Granbull|Intimidate|[of] p2a: fat fuck
|-unboost|p2a: fat fuck|atk|1
|turn|1
|
|switch|p1a: Forretress|Forretress, M|354\/354
|switch|p2a: The Don|Krookodile, F, shiny|331\/331
|-ability|p2a: The Don|Intimidate|[of] p1a: Forretress
|-unboost|p1a: Forretress|atk|1
|
|turn|2
|
|switch|p1a: Granbull|Granbull, M|384\/384
|-ability|p1a: Granbull|Intimidate|[of] p2a: The Don
|-unboost|p2a: The Don|atk|1
|move|p2a: The Don|Knock Off|p1a: Granbull
|-resisted|p1a: Granbull
|-damage|p1a: Granbull|317\/384
|-enditem|p1a: Granbull|Leftovers|[from] move: Knock Off|[of] p2a: The Don
|
|turn|3
|
|switch|p2a: fat fuck|Aggron, F, shiny|344\/344
|move|p1a: Granbull|Play Rough|p2a: fat fuck
|-resisted|p2a: fat fuck
|-damage|p2a: fat fuck|307\/344
|
|turn|4
|
|switch|p1a: Forretress|Forretress, M|354\/354
|detailschange|p2a: fat fuck|Aggron-Mega, F, shiny
|-mega|p2a: fat fuck|Aggron|Aggronite
|move|p2a: fat fuck|Stealth Rock|p1a: Forretress
|-sidestart|p1: lapraz|move: Stealth Rock
|
|turn|5
|
|switch|p2a: ugly fuck|Alomomola, F, shiny|534\/534
|move|p1a: Forretress|Rapid Spin|p2a: ugly fuck
|-damage|p2a: ugly fuck|523\/534
|-damage|p1a: Forretress|295\/354|[from] item: Rocky Helmet|[of] p2a: ugly fuck
|-sideend|p1: lapraz|Stealth Rock|[from] move: Rapid Spin|[of] p1a: Forretress
|
|-heal|p1a: Forretress|317\/354|[from] item: Leftovers
|turn|6
|
|move|p2a: ugly fuck|Knock Off|p1a: Forretress
|-damage|p1a: Forretress|287\/354
|-enditem|p1a: Forretress|Leftovers|[from] move: Knock Off|[of] p2a: ugly fuck
|move|p1a: Forretress|Toxic|p2a: ugly fuck
|-status|p2a: ugly fuck|tox
|
|-damage|p2a: ugly fuck|490\/534 tox|[from] psn
|turn|7
|
|switch|p1a: Granbull|Granbull, M|317\/384
|-ability|p1a: Granbull|Intimidate|[of] p2a: ugly fuck
|-unboost|p2a: ugly fuck|atk|1
|move|p2a: ugly fuck|Scald|p1a: Granbull
|-damage|p1a: Granbull|245\/384
|
|-damage|p2a: ugly fuck|424\/534 tox|[from] psn
|turn|8
|
|switch|p2a: bob the brobat|Crobat, M, shiny|325\/325
|move|p1a: Granbull|Play Rough|p2a: bob the brobat
|-resisted|p2a: bob the brobat
|-damage|p2a: bob the brobat|250\/325
|
|-heal|p2a: bob the brobat|270\/325|[from] item: Black Sludge
|turn|9
|
|switch|p1a: Suicune|Suicune|404\/404
|-ability|p1a: Suicune|Pressure
|move|p2a: bob the brobat|Brave Bird|p1a: Suicune
|-damage|p1a: Suicune|292\/404
|-damage|p2a: bob the brobat|233\/325|[from] recoil|[of] p1a: Suicune
|
|-heal|p2a: bob the brobat|253\/325|[from] item: Black Sludge
|-heal|p1a: Suicune|317\/404|[from] item: Leftovers
|turn|10
|
|move|p2a: bob the brobat|Toxic|p1a: Suicune
|-status|p1a: Suicune|tox
|move|p1a: Suicune|Scald|p2a: bob the brobat
|-damage|p2a: bob the brobat|154\/325
|-status|p2a: bob the brobat|brn
|
|-heal|p2a: bob the brobat|174\/325 brn|[from] item: Black Sludge
|-heal|p1a: Suicune|342\/404 tox|[from] item: Leftovers
|-damage|p2a: bob the brobat|134\/325 brn|[from] brn
|-damage|p1a: Suicune|317\/404 tox|[from] psn
|turn|11
|
|switch|p2a: cabbage tinkerbell|Celebi|341\/341
|switch|p1a: Krookodile|Krookodile, F|331\/331
|-ability|p1a: Krookodile|Intimidate|[of] p2a: cabbage tinkerbell
|-unboost|p2a: cabbage tinkerbell|atk|1
|
|turn|12
|
|switch|p2a: ugly fuck|Alomomola, F, shiny|534\/534 tox
|move|p1a: Krookodile|Knock Off|p2a: ugly fuck
|-damage|p2a: ugly fuck|366\/534 tox
|-damage|p1a: Krookodile|276\/331|[from] item: Rocky Helmet|[of] p2a: ugly fuck
|-enditem|p2a: ugly fuck|Rocky Helmet|[from] move: Knock Off|[of] p1a: Krookodile
|
|-damage|p2a: ugly fuck|333\/534 tox|[from] psn
|turn|13
|
|switch|p1a: Granbull|Granbull, M|245\/384
|-ability|p1a: Granbull|Intimidate|[of] p2a: ugly fuck
|-unboost|p2a: ugly fuck|atk|1
|move|p2a: ugly fuck|Knock Off|p1a: Granbull
|-resisted|p1a: Granbull
|-damage|p1a: Granbull|234\/384
|
|-damage|p2a: ugly fuck|267\/534 tox|[from] psn
|turn|14
|
|switch|p2a: Fattest fuck|Blissey, F, shiny|714\/714
|move|p1a: Granbull|Play Rough|p2a: Fattest fuck
|-damage|p2a: Fattest fuck|477\/714
|-unboost|p2a: Fattest fuck|atk|1
|
|-heal|p2a: Fattest fuck|521\/714|[from] item: Leftovers
|turn|15
|
|switch|p1a: Krookodile|Krookodile, F|276\/331
|-ability|p1a: Krookodile|Intimidate|[of] p2a: Fattest fuck
|-unboost|p2a: Fattest fuck|atk|1
|move|p2a: Fattest fuck|Heal Bell|p2a: Fattest fuck
|-cureteam|p2a: Fattest fuck|[from] move: HealBell
|
|-heal|p2a: Fattest fuck|565\/714|[from] item: Leftovers
|turn|16
|
|switch|p2a: ugly fuck|Alomomola, F, shiny|445\/534
|move|p1a: Krookodile|Stealth Rock|p2a: ugly fuck
|-sidestart|p2: ULT Bob|move: Stealth Rock
|
|turn|17
|
|switch|p2a: bob the brobat|Crobat, M, shiny|134\/325
|-damage|p2a: bob the brobat|53\/325|[from] Stealth Rock
|move|p1a: Krookodile|Taunt|p2a: bob the brobat
|-start|p2a: bob the brobat|move: Taunt
|
|-heal|p2a: bob the brobat|73\/325|[from] item: Black Sludge
|turn|18
|c|âULT Bob|fuk
|
|move|p2a: bob the brobat|Brave Bird|p1a: Krookodile
|-damage|p1a: Krookodile|68\/331
|-damage|p2a: bob the brobat|4\/325|[from] recoil|[of] p1a: Krookodile
|move|p1a: Krookodile|Knock Off|p2a: bob the brobat
|-damage|p2a: bob the brobat|0 fnt
|-enditem|p2a: bob the brobat|Black Sludge|[from] move: Knock Off|[of] p1a: Krookodile
|faint|p2a: bob the brobat
|
|
|switch|p2a: The Don|Krookodile, F, shiny|331\/331
|-damage|p2a: The Don|311\/331|[from] Stealth Rock
|-ability|p2a: The Don|Intimidate|[of] p1a: Krookodile
|-unboost|p1a: Krookodile|atk|1
|turn|19
|
|move|p2a: The Don|Pursuit|p1a: Krookodile|[from]Pursuit
|-resisted|p1a: Krookodile
|-damage|p1a: Krookodile|0 fnt
|faint|p1a: Krookodile
|
|join|watfor
|
|switch|p1a: Moltres|Moltres|383\/383
|-ability|p1a: Moltres|Pressure
|turn|20
|
|switch|p2a: Fattest fuck|Blissey, F, shiny|565\/714
|-damage|p2a: Fattest fuck|476\/714|[from] Stealth Rock
|move|p1a: Moltres|Will-O-Wisp|p2a: Fattest fuck
|-status|p2a: Fattest fuck|brn
|
|-heal|p2a: Fattest fuck|520\/714 brn|[from] item: Leftovers
|-damage|p2a: Fattest fuck|431\/714 brn|[from] brn
|turn|21
|
|move|p1a: Moltres|Air Slash|p2a: Fattest fuck
|-damage|p2a: Fattest fuck|349\/714 brn
|move|p2a: Fattest fuck|Wish|p2a: Fattest fuck
|
|-heal|p2a: Fattest fuck|393\/714 brn|[from] item: Leftovers
|-damage|p2a: Fattest fuck|304\/714 brn|[from] brn
|turn|22
|
|switch|p1a: Forretress|Forretress, M|287\/354
|move|p2a: Fattest fuck|Seismic Toss|p1a: Forretress
|-damage|p1a: Forretress|187\/354
|
|-heal|p2a: Fattest fuck|661\/714 brn|[from] move: Wish|[wisher] Fattest fuck
|-heal|p2a: Fattest fuck|705\/714 brn|[from] item: Leftovers
|-damage|p2a: Fattest fuck|616\/714 brn|[from] brn
|turn|23
|
|move|p2a: Fattest fuck|Seismic Toss|p1a: Forretress
|-damage|p1a: Forretress|87\/354
|move|p1a: Forretress|Spikes|p2a: Fattest fuck
|-sidestart|p2: ULT Bob|Spikes
|
|-heal|p2a: Fattest fuck|660\/714 brn|[from] item: Leftovers
|-damage|p2a: Fattest fuck|571\/714 brn|[from] brn
|turn|24
|
|switch|p2a: The Don|Krookodile, F, shiny|311\/331
|-damage|p2a: The Don|291\/331|[from] Stealth Rock
|-damage|p2a: The Don|250\/331|[from] Spikes
|-ability|p2a: The Don|Intimidate|[of] p1a: Forretress
|-unboost|p1a: Forretress|atk|1
|switch|p1a: Granbull|Granbull, M|234\/384
|-ability|p1a: Granbull|Intimidate|[of] p2a: The Don
|-unboost|p2a: The Don|atk|1
|
|turn|25
|
|switch|p2a: fat fuck|Aggron-Mega, F, shiny|307\/344
|-damage|p2a: fat fuck|286\/344|[from] Stealth Rock
|-damage|p2a: fat fuck|243\/344|[from] Spikes
|move|p1a: Granbull|Heal Bell|p1a: Granbull
|-cureteam|p1a: Granbull|[from] move: HealBell
|
|turn|26
|c| watfor|pls overheat granbull
|c| watfor|pls
|c|âlapraz|granbull gets overheat?!?!
|c|âULT Bob|lemme eat that up real quick
|c| watfor|yes lapraz
|
|switch|p1a: Moltres|Moltres|383\/383
|-ability|p1a: Moltres|Pressure
|move|p2a: fat fuck|Stealth Rock|p1a: Moltres
|-sidestart|p1: lapraz|move: Stealth Rock
|
|turn|27
|c| watfor|pif used it on his stall team to kill forretress lol
|c| watfor|that base 60 spa
|
|switch|p2a: Fattest fuck|Blissey, F, shiny|571\/714
|-damage|p2a: Fattest fuck|482\/714|[from] Spikes
|-damage|p2a: Fattest fuck|393\/714|[from] Stealth Rock
|move|p1a: Moltres|Will-O-Wisp|p2a: Fattest fuck
|-status|p2a: Fattest fuck|brn
|
|-heal|p2a: Fattest fuck|437\/714 brn|[from] item: Leftovers
|-damage|p2a: Fattest fuck|348\/714 brn|[from] brn
|turn|28
|
|move|p1a: Moltres|Defog|p2a: Fattest fuck
|-unboost|p2a: Fattest fuck|evasion|1
|-sideend|p2: ULT Bob|Spikes|[from] move: Defog|[of] p2a: Fattest fuck
|-sideend|p2: ULT Bob|Stealth Rock|[from] move: Defog|[of] p2a: Fattest fuck
|-sideend|p1: lapraz|Stealth Rock|[from] move: Defog|[of] p1a: Moltres
|move|p2a: Fattest fuck|Wish|p2a: Fattest fuck
|
|-heal|p2a: Fattest fuck|392\/714 brn|[from] item: Leftovers
|-damage|p2a: Fattest fuck|303\/714 brn|[from] brn
|turn|29
|
|switch|p1a: Blissey|Blissey, F|657\/657
|move|p2a: Fattest fuck|Seismic Toss|p1a: Blissey
|-damage|p1a: Blissey|557\/657
|
|-heal|p2a: Fattest fuck|660\/714 brn|[from] move: Wish|[wisher] Fattest fuck
|-heal|p1a: Blissey|598\/657|[from] item: Leftovers
|-heal|p2a: Fattest fuck|704\/714 brn|[from] item: Leftovers
|-damage|p2a: Fattest fuck|615\/714 brn|[from] brn
|turn|30
|
|switch|p2a: The Don|Krookodile, F, shiny|250\/331
|-ability|p2a: The Don|Intimidate|[of] p1a: Blissey
|-unboost|p1a: Blissey|atk|1
|move|p1a: Blissey|Wish|p1a: Blissey
|
|-heal|p1a: Blissey|639\/657|[from] item: Leftovers
|turn|31
|
|move|p1a: Blissey|Protect|p1a: Blissey
|-singleturn|p1a: Blissey|Protect
|move|p2a: The Don|Pursuit|p1a: Blissey
|-activate|p1a: Blissey|Protect
|
|-heal|p1a: Blissey|657\/657|[from] move: Wish|[wisher] Blissey
|turn|32
|
|switch|p2a: fat fuck|Aggron-Mega, F, shiny|243\/344
|move|p1a: Blissey|Seismic Toss|p2a: fat fuck
|-damage|p2a: fat fuck|143\/344
|
|turn|33
|
|switch|p1a: Moltres|Moltres|383\/383
|-ability|p1a: Moltres|Pressure
|switch|p2a: Fattest fuck|Blissey, F, shiny|615\/714
|
|-heal|p2a: Fattest fuck|659\/714|[from] item: Leftovers
|turn|34
|
|switch|p1a: Suicune|Suicune|317\/404
|-ability|p1a: Suicune|Pressure
|move|p2a: Fattest fuck|Wish|p2a: Fattest fuck
|
|-heal|p1a: Suicune|342\/404|[from] item: Leftovers
|-heal|p2a: Fattest fuck|703\/714|[from] item: Leftovers
|turn|35
|join|DatGuyChuck
|
|switch|p2a: fat fuck|Aggron-Mega, F, shiny|143\/344
|move|p1a: Suicune|Roar|p2a: fat fuck
|drag|p2a: Fattest fuck|Blissey, F, shiny|703\/714
|
|-heal|p2a: Fattest fuck|714\/714|[from] move: Wish|[wisher] Fattest fuck
|-heal|p1a: Suicune|367\/404|[from] item: Leftovers
|turn|36
|leave|DatGuyChuck
|
|switch|p2a: cabbage tinkerbell|Celebi|341\/341
|move|p1a: Suicune|Calm Mind|p1a: Suicune
|-boost|p1a: Suicune|spa|1
|-boost|p1a: Suicune|spd|1
|
|-heal|p1a: Suicune|392\/404|[from] item: Leftovers
|turn|37
|
|move|p2a: cabbage tinkerbell|Seed Bomb|p1a: Suicune
|-supereffective|p1a: Suicune
|-damage|p1a: Suicune|240\/404
|move|p1a: Suicune|Roar|p2a: cabbage tinkerbell
|drag|p2a: ugly fuck|Alomomola, F, shiny|534\/534
|
|-heal|p1a: Suicune|265\/404|[from] item: Leftovers
|turn|38
|
|switch|p1a: Granbull|Granbull, M|234\/384
|-ability|p1a: Granbull|Intimidate|[of] p2a: ugly fuck
|-unboost|p2a: ugly fuck|atk|1
|move|p2a: ugly fuck|Knock Off|p1a: Granbull
|-crit|p1a: Granbull
|-resisted|p1a: Granbull
|-damage|p1a: Granbull|211\/384
|
|turn|39
|
|switch|p1a: Blissey|Blissey, F|657\/657
|move|p2a: ugly fuck|Wish|p2a: ugly fuck
|
|turn|40
|
|switch|p2a: fat fuck|Aggron-Mega, F, shiny|143\/344
|move|p1a: Blissey|Wish|p1a: Blissey
|
|-heal|p2a: fat fuck|344\/344|[from] move: Wish|[wisher] ugly fuck
|turn|41
|
|switch|p1a: Forretress|Forretress, M|87\/354
|move|p2a: fat fuck|Roar|p1a: Forretress
|drag|p1a: Blissey|Blissey, F|657\/657
|
|turn|42
|
|switch|p1a: Moltres|Moltres|383\/383
|-ability|p1a: Moltres|Pressure
|move|p2a: fat fuck|Stealth Rock|p1a: Moltres
|-sidestart|p1: lapraz|move: Stealth Rock
|
|turn|43
|
|switch|p2a: ugly fuck|Alomomola, F, shiny|534\/534
|move|p1a: Moltres|Defog|p2a: ugly fuck
|-unboost|p2a: ugly fuck|evasion|1
|-sideend|p1: lapraz|Stealth Rock|[from] move: Defog|[of] p1a: Moltres
|
|turn|44
|join|Poopyshiters
|
|switch|p1a: Granbull|Granbull, M|211\/384
|-ability|p1a: Granbull|Intimidate|[of] p2a: ugly fuck
|-unboost|p2a: ugly fuck|atk|1
|move|p2a: ugly fuck|Knock Off|p1a: Granbull
|-resisted|p1a: Granbull
|-damage|p1a: Granbull|200\/384
|
|turn|45
|
|switch|p2a: fat fuck|Aggron-Mega, F, shiny|344\/344
|switch|p1a: Blissey|Blissey, F|657\/657
|
|turn|46
|
|switch|p1a: Moltres|Moltres|383\/383
|-ability|p1a: Moltres|Pressure
|move|p2a: fat fuck|Stealth Rock|p1a: Moltres
|-sidestart|p1: lapraz|move: Stealth Rock
|
|turn|47
|
|move|p1a: Moltres|Defog|p2a: fat fuck
|-unboost|p2a: fat fuck|evasion|1
|-sideend|p1: lapraz|Stealth Rock|[from] move: Defog|[of] p1a: Moltres
|move|p2a: fat fuck|Roar|p1a: Moltres
|drag|p1a: Blissey|Blissey, F|657\/657
|
|turn|48
|
|switch|p1a: Moltres|Moltres|383\/383
|-ability|p1a: Moltres|Pressure
|move|p2a: fat fuck|Stealth Rock|p1a: Moltres
|-sidestart|p1: lapraz|move: Stealth Rock
|
|turn|49
|
|move|p1a: Moltres|Defog|p2a: fat fuck
|-unboost|p2a: fat fuck|evasion|1
|-sideend|p1: lapraz|Stealth Rock|[from] move: Defog|[of] p1a: Moltres
|move|p2a: fat fuck|Roar|p1a: Moltres
|drag|p1a: Blissey|Blissey, F|657\/657
|
|turn|50
|
|switch|p1a: Moltres|Moltres|383\/383
|-ability|p1a: Moltres|Pressure
|move|p2a: fat fuck|Stealth Rock|p1a: Moltres
|-sidestart|p1: lapraz|move: Stealth Rock
|
|turn|51
|
|move|p1a: Moltres|Will-O-Wisp|p2a: fat fuck
|-status|p2a: fat fuck|brn
|move|p2a: fat fuck|Roar|p1a: Moltres
|drag|p1a: Granbull|Granbull, M|200\/384
|-damage|p1a: Granbull|152\/384|[from] Stealth Rock
|-ability|p1a: Granbull|Intimidate|[of] p2a: fat fuck
|-unboost|p2a: fat fuck|atk|1
|
|-damage|p2a: fat fuck|301\/344 brn|[from] brn
|turn|52
|
|switch|p2a: cabbage tinkerbell|Celebi|341\/341
|move|p1a: Granbull|Rest|p1a: Granbull
|-status|p1a: Granbull|slp
|-heal|p1a: Granbull|384\/384 slp|[silent]
|-status|p1a: Granbull|slp|[from] move: Rest
|
|turn|53
|
|switch|p1a: Moltres|Moltres|383\/383
|-damage|p1a: Moltres|192\/383|[from] Stealth Rock
|-ability|p1a: Moltres|Pressure
|move|p2a: cabbage tinkerbell|Swords Dance|p2a: cabbage tinkerbell
|-boost|p2a: cabbage tinkerbell|atk|2
|
|-heal|p1a: Moltres|215\/383|[from] item: Leftovers
|turn|54
|
|move|p2a: cabbage tinkerbell|Zen Headbutt|p1a: Moltres
|-damage|p1a: Moltres|0 fnt
|faint|p1a: Moltres
|
|c|âULT Bob|is it ogre
|
|switch|p1a: Suicune|Suicune|265\/404
|-damage|p1a: Suicune|215\/404|[from] Stealth Rock
|-ability|p1a: Suicune|Pressure
|turn|55
|c|âlapraz|yeah
|c|âlapraz|gg
|
|move|p2a: cabbage tinkerbell|Seed Bomb|p1a: Suicune
|-supereffective|p1a: Suicune
|-damage|p1a: Suicune|0 fnt
|faint|p1a: Suicune
|
|c|âULT Bob|gg
|
|switch|p1a: Forretress|Forretress, M|87\/354
|-damage|p1a: Forretress|43\/354|[from] Stealth Rock
|turn|56
|
|move|p2a: cabbage tinkerbell|Zen Headbutt|p1a: Forretress
|-resisted|p1a: Forretress
|-damage|p1a: Forretress|0 fnt
|faint|p1a: Forretress
|
|
|switch|p1a: Granbull|Granbull, M|384\/384 slp
|-damage|p1a: Granbull|336\/384 slp|[from] Stealth Rock
|-ability|p1a: Granbull|Intimidate|[of] p2a: cabbage tinkerbell
|-unboost|p2a: cabbage tinkerbell|atk|1
|turn|57
|
|move|p2a: cabbage tinkerbell|Swords Dance|p2a: cabbage tinkerbell
|-boost|p2a: cabbage tinkerbell|atk|2
|cant|p1a: Granbull|slp
|move|p1a: Granbull|Sleep Talk|p1a: Granbull
|move|p1a: Granbull|Play Rough|p2a: cabbage tinkerbell|[from]Sleep Talk
|-damage|p2a: cabbage tinkerbell|209\/341
|
|-heal|p2a: cabbage tinkerbell|230\/341|[from] item: Leftovers
|turn|58
|
|move|p2a: cabbage tinkerbell|Seed Bomb|p1a: Granbull
|-damage|p1a: Granbull|101\/384 slp
|cant|p1a: Granbull|slp
|move|p1a: Granbull|Sleep Talk|p1a: Granbull
|move|p1a: Granbull|Rest|p1a: Granbull|[from]Sleep Talk
|-fail|p1a: Granbull
|
|-heal|p2a: cabbage tinkerbell|251\/341|[from] item: Leftovers
|turn|59
|
|move|p2a: cabbage tinkerbell|Seed Bomb|p1a: Granbull
|-damage|p1a: Granbull|0 fnt
|faint|p1a: Granbull
|
|-heal|p2a: cabbage tinkerbell|272\/341|[from] item: Leftovers
|
|switch|p1a: Blissey|Blissey, F|657\/657
|-damage|p1a: Blissey|575\/657|[from] Stealth Rock
|turn|60
|
|move|p2a: cabbage tinkerbell|Seed Bomb|p1a: Blissey
|-damage|p1a: Blissey|11\/657
|move|p1a: Blissey|Toxic|p2a: cabbage tinkerbell|[miss]
|-miss|p1a: Blissey|p2a: cabbage tinkerbell
|
|-heal|p2a: cabbage tinkerbell|293\/341|[from] item: Leftovers
|-heal|p1a: Blissey|52\/657|[from] item: Leftovers
|turn|61
|
|move|p2a: cabbage tinkerbell|Seed Bomb|p1a: Blissey
|-damage|p1a: Blissey|0 fnt
|faint|p1a: Blissey
|
|win|ULT Bob
|raw|Ladder updating...
|raw|lapraz's rating: 1652 &rarr; <strong>1628<\/strong><br \/>(-24 for losing)
|raw|ULT Bob's rating: 1579 &rarr; <strong>1603<\/strong><br \/>(+24 for winning)
|leave|lapraz
|player|p1