|join|lapraz
|join|Last Earth
|player|p1|lapraz|157
|player|p2|Last Earth|258
|gametype|singles
|gen|6
|tier|UU
|rated
|rule|Sleep Clause Mod: Limit one foe put to sleep
|rule|Species Clause: Limit one of each PokÃ©mon
|rule|OHKO Clause: OHKO moves are banned
|rule|Moody Clause: Moody is banned
|rule|Evasion Moves Clause: Evasion moves are banned
|rule|Endless Battle Clause: Forcing endless battles is banned
|rule|HP Percentage Mod: HP is shown in percentages
|clearpoke
|poke|p1|Weezing, F
|poke|p1|Forretress, F
|poke|p1|Suicune
|poke|p1|Celebi
|poke|p1|Blissey, F
|poke|p1|Spiritomb, F
|poke|p2|Hydreigon, M
|poke|p2|Chesnaught, M
|poke|p2|Jirachi
|poke|p2|Milotic, M
|poke|p2|Diancie
|poke|p2|Raikou
|rule|Swagger Clause: Swagger is banned
|rule|Baton Pass Clause: Limit one PokÃ©mon knowing Baton Pass
|teampreview
|
|start
|switch|p1a: Body and Soul|Forretress, F|354\/354
|switch|p2a: Hydreigon|Hydreigon, M|325\/325
|turn|1
|
|switch|p1a: My Foolish Heart|Blissey, F|657\/657
|move|p2a: Hydreigon|Fire Blast|p1a: My Foolish Heart
|-damage|p1a: My Foolish Heart|557\/657
|-damage|p2a: Hydreigon|293\/325|[from] item: Life Orb
|
|-heal|p1a: My Foolish Heart|598\/657|[from] item: Leftovers
|turn|2
|
|switch|p2a: Jirachi|Jirachi|341\/341
|move|p1a: My Foolish Heart|Wish|p1a: My Foolish Heart
|
|-heal|p1a: My Foolish Heart|639\/657|[from] item: Leftovers
|turn|3
|
|switch|p1a: Body and Soul|Forretress, F|354\/354
|move|p2a: Jirachi|Stealth Rock|p1a: Body and Soul
|-sidestart|p1: lapraz|move: Stealth Rock
|
|turn|4
|
|switch|p2a: Raikou|Raikou|321\/321
|-ability|p2a: Raikou|Pressure
|move|p1a: Body and Soul|Spikes|p2a: Raikou
|-sidestart|p2: Last Earth|Spikes
|
|turn|5
|
|switch|p1a: Lush Life|Celebi|403\/403
|-damage|p1a: Lush Life|353\/403|[from] Stealth Rock
|move|p2a: Raikou|Thunderbolt|p1a: Lush Life
|-resisted|p1a: Lush Life
|-damage|p1a: Lush Life|300\/403
|
|-heal|p1a: Lush Life|325\/403|[from] item: Leftovers
|turn|6
|
|switch|p2a: Hydreigon|Hydreigon, M|293\/325
|move|p1a: Lush Life|Stealth Rock|p2a: Hydreigon
|-sidestart|p2: Last Earth|move: Stealth Rock
|
|-heal|p1a: Lush Life|350\/403|[from] item: Leftovers
|turn|7
|
|switch|p1a: My Foolish Heart|Blissey, F|639\/657
|-damage|p1a: My Foolish Heart|557\/657|[from] Stealth Rock
|move|p2a: Hydreigon|Superpower|p1a: My Foolish Heart
|-crit|p1a: My Foolish Heart
|-supereffective|p1a: My Foolish Heart
|-damage|p1a: My Foolish Heart|0 fnt
|-unboost|p2a: Hydreigon|atk|1
|-unboost|p2a: Hydreigon|def|1
|-damage|p2a: Hydreigon|261\/325|[from] item: Life Orb
|faint|p1a: My Foolish Heart
|
|
|switch|p1a: Bitches Brew|Spiritomb, F|304\/304
|-damage|p1a: Bitches Brew|266\/304|[from] Stealth Rock
|turn|8
|
|move|p2a: Hydreigon|Draco Meteor|p1a: Bitches Brew
|-damage|p1a: Bitches Brew|79\/304
|-unboost|p2a: Hydreigon|spa|2
|-damage|p2a: Hydreigon|229\/325|[from] item: Life Orb
|move|p1a: Bitches Brew|Will-O-Wisp|p2a: Hydreigon
|-status|p2a: Hydreigon|brn
|
|-heal|p1a: Bitches Brew|98\/304|[from] item: Leftovers
|-damage|p2a: Hydreigon|189\/325 brn|[from] brn
|turn|9
|
|switch|p2a: Diancie|Diancie|241\/241
|-damage|p2a: Diancie|211\/241|[from] Spikes
|-damage|p2a: Diancie|181\/241|[from] Stealth Rock
|move|p1a: Bitches Brew|Rest|p1a: Bitches Brew
|-status|p1a: Bitches Brew|slp
|-heal|p1a: Bitches Brew|304\/304 slp|[silent]
|-status|p1a: Bitches Brew|slp|[from] move: Rest
|
|turn|10
|
|switch|p2a: Hydreigon|Hydreigon, M|189\/325 brn
|-damage|p2a: Hydreigon|149\/325 brn|[from] Stealth Rock
|switch|p1a: Lush Life|Celebi|350\/403
|-damage|p1a: Lush Life|300\/403|[from] Stealth Rock
|
|-heal|p1a: Lush Life|325\/403|[from] item: Leftovers
|-damage|p2a: Hydreigon|109\/325 brn|[from] brn
|turn|11
|
|switch|p1a: Blue in Green|Suicune|404\/404
|-damage|p1a: Blue in Green|354\/404|[from] Stealth Rock
|-ability|p1a: Blue in Green|Pressure
|move|p2a: Hydreigon|Dark Pulse|p1a: Blue in Green
|-damage|p1a: Blue in Green|179\/404
|-damage|p2a: Hydreigon|77\/325 brn|[from] item: Life Orb
|
|-heal|p1a: Blue in Green|204\/404|[from] item: Leftovers
|-damage|p2a: Hydreigon|37\/325 brn|[from] brn
|turn|12
|
|switch|p2a: Raikou|Raikou|321\/321
|-damage|p2a: Raikou|281\/321|[from] Spikes
|-damage|p2a: Raikou|241\/321|[from] Stealth Rock
|-ability|p2a: Raikou|Pressure
|move|p1a: Blue in Green|Roar|p2a: Raikou
|drag|p2a: Chesnaught|Chesnaught, M|380\/380
|-damage|p2a: Chesnaught|333\/380|[from] Spikes
|-damage|p2a: Chesnaught|310\/380|[from] Stealth Rock
|
|-heal|p1a: Blue in Green|229\/404|[from] item: Leftovers
|-heal|p2a: Chesnaught|333\/380|[from] item: Leftovers
|turn|13
|
|switch|p1a: Body and Soul|Forretress, F|354\/354
|-damage|p1a: Body and Soul|310\/354|[from] Stealth Rock
|switch|p2a: Raikou|Raikou|241\/321
|-damage|p2a: Raikou|201\/321|[from] Spikes
|-damage|p2a: Raikou|161\/321|[from] Stealth Rock
|-ability|p2a: Raikou|Pressure
|
|-heal|p2a: Raikou|181\/321|[from] item: Leftovers
|-heal|p1a: Body and Soul|332\/354|[from] item: Leftovers
|turn|14
|
|move|p2a: Raikou|Substitute|p2a: Raikou
|-start|p2a: Raikou|Substitute
|-damage|p2a: Raikou|101\/321
|move|p1a: Body and Soul|Rapid Spin|p2a: Raikou
|-activate|p2a: Raikou|Substitute|[damage]
|-sideend|p1: lapraz|Stealth Rock|[from] move: Rapid Spin|[of] p1a: Body and Soul
|
|-heal|p2a: Raikou|121\/321|[from] item: Leftovers
|-heal|p1a: Body and Soul|354\/354|[from] item: Leftovers
|turn|15
|
|switch|p1a: Lush Life|Celebi|325\/403
|move|p2a: Raikou|Calm Mind|p2a: Raikou
|-boost|p2a: Raikou|spa|1
|-boost|p2a: Raikou|spd|1
|
|-heal|p2a: Raikou|141\/321|[from] item: Leftovers
|-heal|p1a: Lush Life|350\/403|[from] item: Leftovers
|turn|16
|
|move|p2a: Raikou|Calm Mind|p2a: Raikou
|-boost|p2a: Raikou|spa|1
|-boost|p2a: Raikou|spd|1
|move|p1a: Lush Life|Perish Song|p1a: Lush Life
|-fieldactivate|move: Perish Song
|
|-start|p2a: Raikou|perish3
|-start|p1a: Lush Life|perish3
|-heal|p2a: Raikou|161\/321|[from] item: Leftovers
|-heal|p1a: Lush Life|375\/403|[from] item: Leftovers
|turn|17
|
|move|p2a: Raikou|Hidden Power|p1a: Lush Life
|-supereffective|p1a: Lush Life
|-damage|p1a: Lush Life|183\/403
|move|p1a: Lush Life|Recover|p1a: Lush Life
|-heal|p1a: Lush Life|385\/403
|
|-start|p2a: Raikou|perish2
|-start|p1a: Lush Life|perish2
|-heal|p2a: Raikou|181\/321|[from] item: Leftovers
|-heal|p1a: Lush Life|403\/403|[from] item: Leftovers
|turn|18
|
|switch|p1a: Bitches Brew|Spiritomb, F|304\/304 slp
|move|p2a: Raikou|Thunderbolt|p1a: Bitches Brew
|-damage|p1a: Bitches Brew|120\/304 slp
|
|-start|p2a: Raikou|perish1
|-heal|p2a: Raikou|201\/321|[from] item: Leftovers
|-heal|p1a: Bitches Brew|139\/304 slp|[from] item: Leftovers
|turn|19
|
|switch|p2a: Diancie|Diancie|181\/241
|-damage|p2a: Diancie|151\/241|[from] Stealth Rock
|-damage|p2a: Diancie|121\/241|[from] Spikes
|cant|p1a: Bitches Brew|slp
|move|p1a: Bitches Brew|Sleep Talk|p1a: Bitches Brew
|move|p1a: Bitches Brew|Rest|p1a: Bitches Brew|[from]Sleep Talk
|-fail|p1a: Bitches Brew
|
|-heal|p1a: Bitches Brew|158\/304 slp|[from] item: Leftovers
|turn|20
|
|switch|p1a: Lush Life|Celebi|403\/403
|detailschange|p2a: Diancie|Diancie-Mega
|-mega|p2a: Diancie|Diancie|Diancite
|move|p2a: Diancie|Diamond Storm|p1a: Lush Life
|-damage|p1a: Lush Life|216\/403
|-boost|p2a: Diancie|def|1
|
|-heal|p1a: Lush Life|241\/403|[from] item: Leftovers
|turn|21
|
|move|p2a: Diancie|Moonblast|p1a: Lush Life
|-damage|p1a: Lush Life|91\/403
|move|p1a: Lush Life|Recover|p1a: Lush Life
|-heal|p1a: Lush Life|293\/403
|
|-heal|p1a: Lush Life|318\/403|[from] item: Leftovers
|turn|22
|
|switch|p2a: Jirachi|Jirachi|341\/341
|-damage|p2a: Jirachi|320\/341|[from] Stealth Rock
|-damage|p2a: Jirachi|278\/341|[from] Spikes
|move|p1a: Lush Life|Recover|p1a: Lush Life
|-heal|p1a: Lush Life|403\/403
|
|-heal|p2a: Jirachi|299\/341|[from] item: Leftovers
|turn|23
|
|switch|p1a: Body and Soul|Forretress, F|354\/354
|move|p2a: Jirachi|Stealth Rock|p1a: Body and Soul
|-sidestart|p1: lapraz|move: Stealth Rock
|
|-heal|p2a: Jirachi|320\/341|[from] item: Leftovers
|turn|24
|
|move|p2a: Jirachi|Iron Head|p1a: Body and Soul
|-resisted|p1a: Body and Soul
|-damage|p1a: Body and Soul|319\/354
|cant|p1a: Body and Soul|flinch
|
|-heal|p2a: Jirachi|341\/341|[from] item: Leftovers
|-heal|p1a: Body and Soul|341\/354|[from] item: Leftovers
|turn|25
|
|move|p2a: Jirachi|Iron Head|p1a: Body and Soul
|-resisted|p1a: Body and Soul
|-damage|p1a: Body and Soul|308\/354
|move|p1a: Body and Soul|Rapid Spin|p2a: Jirachi
|-resisted|p2a: Jirachi
|-damage|p2a: Jirachi|334\/341
|-sideend|p1: lapraz|Stealth Rock|[from] move: Rapid Spin|[of] p1a: Body and Soul
|
|-heal|p2a: Jirachi|341\/341|[from] item: Leftovers
|-heal|p1a: Body and Soul|330\/354|[from] item: Leftovers
|turn|26
|
|move|p2a: Jirachi|Iron Head|p1a: Body and Soul
|-resisted|p1a: Body and Soul
|-damage|p1a: Body and Soul|296\/354
|cant|p1a: Body and Soul|flinch
|
|-heal|p1a: Body and Soul|318\/354|[from] item: Leftovers
|turn|27
|
|move|p2a: Jirachi|Iron Head|p1a: Body and Soul
|-resisted|p1a: Body and Soul
|-damage|p1a: Body and Soul|285\/354
|cant|p1a: Body and Soul|flinch
|
|-heal|p1a: Body and Soul|307\/354|[from] item: Leftovers
|turn|28
|
|move|p2a: Jirachi|Stealth Rock|p1a: Body and Soul
|-sidestart|p1: lapraz|move: Stealth Rock
|move|p1a: Body and Soul|Spikes|p2a: Jirachi
|-sidestart|p2: Last Earth|Spikes
|
|-heal|p1a: Body and Soul|329\/354|[from] item: Leftovers
|turn|29
|
|move|p2a: Jirachi|Iron Head|p1a: Body and Soul
|-resisted|p1a: Body and Soul
|-damage|p1a: Body and Soul|296\/354
|move|p1a: Body and Soul|Rapid Spin|p2a: Jirachi
|-resisted|p2a: Jirachi
|-damage|p2a: Jirachi|333\/341
|-sideend|p1: lapraz|Stealth Rock|[from] move: Rapid Spin|[of] p1a: Body and Soul
|
|-heal|p2a: Jirachi|341\/341|[from] item: Leftovers
|-heal|p1a: Body and Soul|318\/354|[from] item: Leftovers
|turn|30
|
|move|p2a: Jirachi|Iron Head|p1a: Body and Soul
|-resisted|p1a: Body and Soul
|-damage|p1a: Body and Soul|282\/354
|cant|p1a: Body and Soul|flinch
|
|-heal|p1a: Body and Soul|304\/354|[from] item: Leftovers
|turn|31
|
|move|p2a: Jirachi|Stealth Rock|p1a: Body and Soul
|-sidestart|p1: lapraz|move: Stealth Rock
|move|p1a: Body and Soul|Spikes|p2a: Jirachi
|-sidestart|p2: Last Earth|Spikes
|
|-heal|p1a: Body and Soul|326\/354|[from] item: Leftovers
|turn|32
|
|move|p2a: Jirachi|Iron Head|p1a: Body and Soul
|-resisted|p1a: Body and Soul
|-damage|p1a: Body and Soul|290\/354
|cant|p1a: Body and Soul|flinch
|
|-heal|p1a: Body and Soul|312\/354|[from] item: Leftovers
|turn|33
|
|move|p2a: Jirachi|Healing Wish|p2a: Jirachi
|faint|p2a: Jirachi
|move|p1a: Body and Soul|Rapid Spin|p2: Jirachi|[notarget]
|-notarget
|
|-heal|p1a: Body and Soul|334\/354|[from] item: Leftovers
|
|switch|p2a: Hydreigon|Hydreigon, M|37\/325 brn
|-heal|p2a: Hydreigon|325\/325|[from] move: Healing Wish
|-damage|p2a: Hydreigon|285\/325|[from] Stealth Rock
|turn|34
|
|switch|p1a: Blue in Green|Suicune|229\/404
|-damage|p1a: Blue in Green|179\/404|[from] Stealth Rock
|-ability|p1a: Blue in Green|Pressure
|move|p2a: Hydreigon|Fire Blast|p1a: Blue in Green
|-resisted|p1a: Blue in Green
|-damage|p1a: Blue in Green|104\/404
|-damage|p2a: Hydreigon|253\/325|[from] item: Life Orb
|
|-heal|p1a: Blue in Green|129\/404|[from] item: Leftovers
|turn|35
|
|switch|p1a: Nardis|Weezing, F|333\/333
|-damage|p1a: Nardis|292\/333|[from] Stealth Rock
|move|p2a: Hydreigon|Dark Pulse|p1a: Nardis
|-damage|p1a: Nardis|33\/333
|-damage|p2a: Hydreigon|221\/325|[from] item: Life Orb
|
|-heal|p1a: Nardis|53\/333|[from] item: Black Sludge
|turn|36
|
|move|p2a: Hydreigon|Dark Pulse|p1a: Nardis
|-damage|p1a: Nardis|0 fnt
|-damage|p2a: Hydreigon|189\/325|[from] item: Life Orb
|faint|p1a: Nardis
|
|
|switch|p1a: Body and Soul|Forretress, F|334\/354
|-damage|p1a: Body and Soul|290\/354|[from] Stealth Rock
|turn|37
|
|switch|p1a: Blue in Green|Suicune|129\/404
|-damage|p1a: Blue in Green|79\/404|[from] Stealth Rock
|-ability|p1a: Blue in Green|Pressure
|move|p2a: Hydreigon|Fire Blast|p1a: Blue in Green
|-resisted|p1a: Blue in Green
|-damage|p1a: Blue in Green|10\/404
|-damage|p2a: Hydreigon|157\/325|[from] item: Life Orb
|
|-heal|p1a: Blue in Green|35\/404|[from] item: Leftovers
|turn|38
|
|move|p2a: Hydreigon|Dark Pulse|p1a: Blue in Green
|-damage|p1a: Blue in Green|0 fnt
|-damage|p2a: Hydreigon|125\/325|[from] item: Life Orb
|faint|p1a: Blue in Green
|
|
|switch|p1a: Bitches Brew|Spiritomb, F|158\/304 slp
|-damage|p1a: Bitches Brew|120\/304 slp|[from] Stealth Rock
|turn|39
|
|move|p2a: Hydreigon|Dark Pulse|p1a: Bitches Brew
|-damage|p1a: Bitches Brew|0 fnt
|-damage|p2a: Hydreigon|93\/325|[from] item: Life Orb
|faint|p1a: Bitches Brew
|
|
|switch|p1a: Lush Life|Celebi|403\/403
|-damage|p1a: Lush Life|353\/403|[from] Stealth Rock
|turn|40
|
|move|p2a: Hydreigon|Dark Pulse|p1a: Lush Life
|-supereffective|p1a: Lush Life
|-damage|p1a: Lush Life|93\/403
|-damage|p2a: Hydreigon|61\/325|[from] item: Life Orb
|cant|p1a: Lush Life|flinch
|
|-heal|p1a: Lush Life|118\/403|[from] item: Leftovers
|turn|41
|
|switch|p1a: Body and Soul|Forretress, F|290\/354
|-damage|p1a: Body and Soul|246\/354|[from] Stealth Rock
|move|p2a: Hydreigon|Fire Blast|p1a: Body and Soul|[miss]
|-miss|p2a: Hydreigon|p1a: Body and Soul
|
|-heal|p1a: Body and Soul|268\/354|[from] item: Leftovers
|turn|42
|
|move|p2a: Hydreigon|Fire Blast|p1a: Body and Soul
|-supereffective|p1a: Body and Soul
|-damage|p1a: Body and Soul|0 fnt
|-damage|p2a: Hydreigon|29\/325|[from] item: Life Orb
|faint|p1a: Body and Soul
|
|
|switch|p1a: Lush Life|Celebi|118\/403
|-damage|p1a: Lush Life|68\/403|[from] Stealth Rock
|turn|43
|
|move|p2a: Hydreigon|Dark Pulse|p1a: Lush Life
|-supereffective|p1a: Lush Life
|-damage|p1a: Lush Life|0 fnt
|-damage|p2a: Hydreigon|0 fnt|[from] item: Life Orb
|faint|p1a: Lush Life
|faint|p2a: Hydreigon
|
|win|Last Earth
|raw|Ladder updating...
|c|âlapraz|gg
|raw|lapraz's rating: 1674 &rarr; <strong>1641<\/strong><br \/>(-33 for losing)
|raw|Last Earth's rating: 1413 &rarr; <strong>1446<\/strong><br \/>(+33 for winning)
|c|âLast Earth|gg