|join|Souyiro
|join|Foodborne Illness
|player|p1|Souyiro|124
|player|p2|Foodborne Illness|79
|gametype|singles
|gen|6
|tier|UU
|rated
|rule|Sleep Clause Mod: Limit one foe put to sleep
|rule|Species Clause: Limit one of each PokÃ©mon
|rule|OHKO Clause: OHKO moves are banned
|rule|Moody Clause: Moody is banned
|rule|Evasion Moves Clause: Evasion moves are banned
|rule|Endless Battle Clause: Forcing endless battles is banned
|rule|HP Percentage Mod: HP is shown in percentages
|clearpoke
|poke|p1|Scrafty, F, shiny
|poke|p1|Weezing, F
|poke|p1|Electivire, F, shiny
|poke|p1|Florges, F, shiny
|poke|p1|Sharpedo, M
|poke|p1|Forretress, F
|poke|p2|Blissey, F
|poke|p2|Krookodile, F
|poke|p2|Ampharos, F
|poke|p2|Suicune
|poke|p2|Crobat, F
|poke|p2|Entei, shiny
|rule|Swagger Clause: Swagger is banned
|rule|Baton Pass Clause: Limit one PokÃ©mon knowing Baton Pass
|teampreview
|
|start
|switch|p1a: Sharpedo|Sharpedo, M|282\/282
|switch|p2a: Suicune|Suicune|403\/403
|-ability|p2a: Suicune|Pressure
|turn|1
|
|switch|p2a: Ampharos|Ampharos, F|383\/383
|detailschange|p1a: Sharpedo|Sharpedo-Mega, M
|-mega|p1a: Sharpedo|Sharpedo|Sharpedonite
|move|p1a: Sharpedo|Crunch|p2a: Ampharos
|-damage|p2a: Ampharos|134\/383
|
|turn|2
|
|switch|p2a: Krookodile|Krookodile, F|394\/394
|-ability|p2a: Krookodile|Intimidate|[of] p1a: Sharpedo
|-unboost|p1a: Sharpedo|atk|1
|move|p1a: Sharpedo|Crunch|p2a: Krookodile
|-resisted|p2a: Krookodile
|-damage|p2a: Krookodile|332\/394
|-unboost|p2a: Krookodile|def|1
|
|-heal|p2a: Krookodile|356\/394|[from] item: Leftovers
|turn|3
|
|switch|p2a: Blissey|Blissey, F|651\/651
|move|p1a: Sharpedo|Protect|p1a: Sharpedo
|-fail|p1a: Sharpedo
|
|turn|4
|
|switch|p1a: Forretress|Forretress, F|354\/354
|move|p2a: Blissey|Toxic|p1a: Forretress
|-fail|p1a: Forretress
|
|turn|5
|
|switch|p2a: Krookodile|Krookodile, F|356\/394
|-ability|p2a: Krookodile|Intimidate|[of] p1a: Forretress
|-unboost|p1a: Forretress|atk|1
|move|p1a: Forretress|Stealth Rock|p2a: Krookodile
|-sidestart|p2: Foodborne Illness|move: Stealth Rock
|
|-heal|p2a: Krookodile|380\/394|[from] item: Leftovers
|turn|6
|
|move|p2a: Krookodile|Stealth Rock|p1a: Forretress
|-sidestart|p1: Souyiro|move: Stealth Rock
|move|p1a: Forretress|Toxic Spikes|p2a: Krookodile
|-sidestart|p2: Foodborne Illness|move: Toxic Spikes
|
|-heal|p2a: Krookodile|394\/394|[from] item: Leftovers
|turn|7
|
|move|p2a: Krookodile|Knock Off|p1a: Forretress
|-damage|p1a: Forretress|284\/354
|-enditem|p1a: Forretress|Leftovers|[from] move: Knock Off|[of] p2a: Krookodile
|move|p1a: Forretress|Rapid Spin|p2a: Krookodile
|-damage|p2a: Krookodile|386\/394
|-sideend|p1: Souyiro|Stealth Rock|[from] move: Rapid Spin|[of] p1a: Forretress
|
|-heal|p2a: Krookodile|394\/394|[from] item: Leftovers
|turn|8
|
|move|p2a: Krookodile|Stealth Rock|p1a: Forretress
|-sidestart|p1: Souyiro|move: Stealth Rock
|move|p1a: Forretress|Gyro Ball|p2a: Krookodile
|-damage|p2a: Krookodile|357\/394
|
|-heal|p2a: Krookodile|381\/394|[from] item: Leftovers
|turn|9
|
|move|p2a: Krookodile|Earthquake|p1a: Forretress
|-damage|p1a: Forretress|209\/354
|move|p1a: Forretress|Rapid Spin|p2a: Krookodile
|-damage|p2a: Krookodile|372\/394
|-sideend|p1: Souyiro|Stealth Rock|[from] move: Rapid Spin|[of] p1a: Forretress
|
|-heal|p2a: Krookodile|394\/394|[from] item: Leftovers
|turn|10
|
|move|p2a: Krookodile|Stealth Rock|p1a: Forretress
|-sidestart|p1: Souyiro|move: Stealth Rock
|move|p1a: Forretress|Rapid Spin|p2a: Krookodile
|-damage|p2a: Krookodile|387\/394
|-sideend|p1: Souyiro|Stealth Rock|[from] move: Rapid Spin|[of] p1a: Forretress
|
|-heal|p2a: Krookodile|394\/394|[from] item: Leftovers
|turn|11
|
|switch|p1a: Weezing|Weezing, F|334\/334
|move|p2a: Krookodile|Earthquake|p1a: Weezing
|-immune|p1a: Weezing|[msg]
|
|turn|12
|
|switch|p2a: Entei|Entei, shiny|371\/371
|-damage|p2a: Entei|279\/371|[from] Stealth Rock
|-status|p2a: Entei|psn
|-ability|p2a: Entei|Pressure
|move|p1a: Weezing|Will-O-Wisp|p2a: Entei
|-fail|p2a: Entei
|
|-damage|p2a: Entei|233\/371 psn|[from] psn
|turn|13
|
|switch|p1a: Forretress|Forretress, F|209\/354
|move|p2a: Entei|Sacred Fire|p1a: Forretress
|-supereffective|p1a: Forretress
|-damage|p1a: Forretress|0 fnt
|-damage|p2a: Entei|196\/371 psn|[from] item: Life Orb
|faint|p1a: Forretress
|
|-damage|p2a: Entei|150\/371 psn|[from] psn
|
|switch|p1a: Electivire|Electivire, F, shiny|292\/292
|turn|14
|
|move|p2a: Entei|Sacred Fire|p1a: Electivire
|-enditem|p1a: Electivire|Focus Sash
|-damage|p1a: Electivire|1\/292
|-status|p1a: Electivire|brn
|-damage|p2a: Entei|113\/371 psn|[from] item: Life Orb
|move|p1a: Electivire|Earthquake|p2a: Entei
|-supereffective|p2a: Entei
|-damage|p2a: Entei|0 fnt
|faint|p2a: Entei
|
|-damage|p1a: Electivire|0 fnt|[from] brn
|faint|p1a: Electivire
|
|switch|p1a: Sharpedo|Sharpedo-Mega, M|282\/282
|switch|p2a: Crobat|Crobat, F|374\/374
|-damage|p2a: Crobat|281\/374|[from] Stealth Rock
|turn|15
|
|move|p1a: Sharpedo|Ice Fang|p2a: Crobat
|-supereffective|p2a: Crobat
|-damage|p2a: Crobat|63\/374
|move|p2a: Crobat|Defog|p1a: Sharpedo
|-unboost|p1a: Sharpedo|evasion|1
|-sideend|p2: Foodborne Illness|Toxic Spikes|[from] move: Defog|[of] p2a: Crobat
|-sideend|p2: Foodborne Illness|Stealth Rock|[from] move: Defog|[of] p2a: Crobat
|
|-heal|p2a: Crobat|86\/374|[from] item: Black Sludge
|turn|16
|
|switch|p2a: Krookodile|Krookodile, F|394\/394
|-ability|p2a: Krookodile|Intimidate|[of] p1a: Sharpedo
|-unboost|p1a: Sharpedo|atk|1
|move|p1a: Sharpedo|Ice Fang|p2a: Krookodile
|-crit|p2a: Krookodile
|-supereffective|p2a: Krookodile
|-damage|p2a: Krookodile|112\/394
|
|-heal|p2a: Krookodile|136\/394|[from] item: Leftovers
|turn|17
|c|âSouyiro|lol
|
|switch|p1a: Weezing|Weezing, F|334\/334
|switch|p2a: Suicune|Suicune|403\/403
|-ability|p2a: Suicune|Pressure
|
|turn|18
|
|switch|p1a: Florges|Florges, F, shiny|360\/360
|move|p2a: Suicune|Substitute|p2a: Suicune
|-start|p2a: Suicune|Substitute
|-damage|p2a: Suicune|303\/403
|
|-heal|p2a: Suicune|328\/403|[from] item: Leftovers
|turn|19
|
|move|p2a: Suicune|Calm Mind|p2a: Suicune
|-boost|p2a: Suicune|spa|1
|-boost|p2a: Suicune|spd|1
|move|p1a: Florges|Calm Mind|p1a: Florges
|-boost|p1a: Florges|spa|1
|-boost|p1a: Florges|spd|1
|
|-heal|p2a: Suicune|353\/403|[from] item: Leftovers
|turn|20
|c|âSouyiro|stal so obvius
|
|move|p2a: Suicune|Scald|p1a: Florges
|-damage|p1a: Florges|315\/360
|move|p1a: Florges|Calm Mind|p1a: Florges
|-boost|p1a: Florges|spa|1
|-boost|p1a: Florges|spd|1
|
|-heal|p2a: Suicune|378\/403|[from] item: Leftovers
|-heal|p1a: Florges|337\/360|[from] item: Leftovers
|turn|21
|
|move|p2a: Suicune|Scald|p1a: Florges
|-crit|p1a: Florges
|-damage|p1a: Florges|234\/360
|move|p1a: Florges|Calm Mind|p1a: Florges
|-boost|p1a: Florges|spa|1
|-boost|p1a: Florges|spd|1
|
|-heal|p2a: Suicune|403\/403|[from] item: Leftovers
|-heal|p1a: Florges|256\/360|[from] item: Leftovers
|turn|22
|
|move|p2a: Suicune|Calm Mind|p2a: Suicune
|-boost|p2a: Suicune|spa|1
|-boost|p2a: Suicune|spd|1
|move|p1a: Florges|Calm Mind|p1a: Florges
|-boost|p1a: Florges|spa|1
|-boost|p1a: Florges|spd|1
|
|-heal|p1a: Florges|278\/360|[from] item: Leftovers
|turn|23
|
|move|p2a: Suicune|Calm Mind|p2a: Suicune
|-boost|p2a: Suicune|spa|1
|-boost|p2a: Suicune|spd|1
|move|p1a: Florges|Moonblast|p2a: Suicune
|-end|p2a: Suicune|Substitute
|
|-heal|p1a: Florges|300\/360|[from] item: Leftovers
|turn|24
|
|move|p2a: Suicune|Substitute|p2a: Suicune
|-start|p2a: Suicune|Substitute
|-damage|p2a: Suicune|303\/403
|move|p1a: Florges|Moonblast|p2a: Suicune
|-end|p2a: Suicune|Substitute
|
|-heal|p2a: Suicune|328\/403|[from] item: Leftovers
|-heal|p1a: Florges|322\/360|[from] item: Leftovers
|turn|25
|
|move|p2a: Suicune|Calm Mind|p2a: Suicune
|-boost|p2a: Suicune|spa|1
|-boost|p2a: Suicune|spd|1
|move|p1a: Florges|Moonblast|p2a: Suicune
|-damage|p2a: Suicune|210\/403
|
|-heal|p2a: Suicune|235\/403|[from] item: Leftovers
|-heal|p1a: Florges|344\/360|[from] item: Leftovers
|turn|26
|
|move|p2a: Suicune|Calm Mind|p2a: Suicune
|-boost|p2a: Suicune|spa|1
|-boost|p2a: Suicune|spd|1
|move|p1a: Florges|Moonblast|p2a: Suicune
|-damage|p2a: Suicune|139\/403
|
|-heal|p2a: Suicune|164\/403|[from] item: Leftovers
|-heal|p1a: Florges|360\/360|[from] item: Leftovers
|turn|27
|
|move|p2a: Suicune|Substitute|p2a: Suicune
|-start|p2a: Suicune|Substitute
|-damage|p2a: Suicune|64\/403
|move|p1a: Florges|Moonblast|p2a: Suicune
|-crit|p2a: Suicune
|-end|p2a: Suicune|Substitute
|
|-heal|p2a: Suicune|89\/403|[from] item: Leftovers
|turn|28
|c|âSouyiro|lol
|
|move|p2a: Suicune|Calm Mind|p2a: Suicune
|-boost|p2a: Suicune|spa|1
|-boost|p2a: Suicune|spd|1
|move|p1a: Florges|Moonblast|p2a: Suicune
|-damage|p2a: Suicune|10\/403
|
|-heal|p2a: Suicune|35\/403|[from] item: Leftovers
|turn|29
|
|move|p2a: Suicune|Scald|p1a: Florges
|-damage|p1a: Florges|294\/360
|move|p1a: Florges|Moonblast|p2a: Suicune
|-crit|p2a: Suicune
|-damage|p2a: Suicune|0 fnt
|faint|p2a: Suicune
|
|-heal|p1a: Florges|316\/360|[from] item: Leftovers
|
|switch|p2a: Crobat|Crobat, F|86\/374
|turn|30
|
|switch|p1a: Weezing|Weezing, F|334\/334
|move|p2a: Crobat|Toxic|p1a: Weezing
|-fail|p1a: Weezing
|
|-heal|p2a: Crobat|109\/374|[from] item: Black Sludge
|turn|31
|
|move|p2a: Crobat|Roost|p2a: Crobat
|-heal|p2a: Crobat|296\/374
|move|p1a: Weezing|Will-O-Wisp|p2a: Crobat
|-status|p2a: Crobat|brn
|
|-heal|p2a: Crobat|319\/374 brn|[from] item: Black Sludge
|-damage|p2a: Crobat|273\/374 brn|[from] brn
|turn|32
|
|switch|p2a: Blissey|Blissey, F|651\/651
|move|p1a: Weezing|Flamethrower|p2a: Blissey
|-damage|p2a: Blissey|614\/651
|
|-heal|p2a: Blissey|651\/651|[from] item: Leftovers
|turn|33
|
|move|p1a: Weezing|Will-O-Wisp|p2a: Blissey
|-status|p2a: Blissey|brn
|move|p2a: Blissey|Wish|p2a: Blissey
|
|-damage|p2a: Blissey|570\/651 brn|[from] brn
|turn|34
|
|switch|p2a: Ampharos|Ampharos, F|134\/383
|move|p1a: Weezing|Flamethrower|p2a: Ampharos
|-damage|p2a: Ampharos|71\/383
|
|-heal|p2a: Ampharos|383\/383|[from] move: Wish|[wisher] Blissey
|turn|35
|
|detailschange|p2a: Ampharos|Ampharos-Mega, F
|-mega|p2a: Ampharos|Ampharos|Ampharosite
|-ability|p2a: Ampharos|Mold Breaker
|move|p1a: Weezing|Will-O-Wisp|p2a: Ampharos|[miss]
|-miss|p1a: Weezing|p2a: Ampharos
|move|p2a: Ampharos|Volt Switch|p1a: Weezing
|-damage|p1a: Weezing|102\/334
|
|switch|p2a: Krookodile|Krookodile, F|136\/394
|-ability|p2a: Krookodile|Intimidate|[of] p1a: Weezing
|-unboost|p1a: Weezing|atk|1
|
|-heal|p2a: Krookodile|160\/394|[from] item: Leftovers
|-heal|p1a: Weezing|122\/334|[from] item: Black Sludge
|turn|36
|
|switch|p2a: Blissey|Blissey, F|570\/651
|move|p1a: Weezing|Will-O-Wisp|p2a: Blissey|[miss]
|-miss|p1a: Weezing|p2a: Blissey
|
|-heal|p1a: Weezing|142\/334|[from] item: Black Sludge
|-heal|p2a: Blissey|610\/651|[from] item: Leftovers
|turn|37
|
|move|p1a: Weezing|Pain Split|p2a: Blissey
|-sethp|p2a: Blissey|376\/651|p1a: Weezing|334\/334|[from] move: Pain Split
|move|p2a: Blissey|Wish|p2a: Blissey
|
|-heal|p2a: Blissey|416\/651|[from] item: Leftovers
|turn|38
|c|âSouyiro|ty
|
|switch|p2a: Krookodile|Krookodile, F|160\/394
|-ability|p2a: Krookodile|Intimidate|[of] p1a: Weezing
|-unboost|p1a: Weezing|atk|1
|move|p1a: Weezing|Will-O-Wisp|p2a: Krookodile
|-status|p2a: Krookodile|brn
|
|-heal|p2a: Krookodile|394\/394 brn|[from] move: Wish|[wisher] Blissey
|-damage|p2a: Krookodile|345\/394 brn|[from] brn
|turn|39
|
|move|p2a: Krookodile|Knock Off|p1a: Weezing
|-damage|p1a: Weezing|294\/334
|-enditem|p1a: Weezing|Black Sludge|[from] move: Knock Off|[of] p2a: Krookodile
|move|p1a: Weezing|Flamethrower|p2a: Krookodile
|-damage|p2a: Krookodile|266\/394 brn
|
|-heal|p2a: Krookodile|290\/394 brn|[from] item: Leftovers
|-damage|p2a: Krookodile|241\/394 brn|[from] brn
|turn|40
|
|move|p2a: Krookodile|Stealth Rock|p1a: Weezing
|-sidestart|p1: Souyiro|move: Stealth Rock
|move|p1a: Weezing|Flamethrower|p2a: Krookodile
|-damage|p2a: Krookodile|151\/394 brn
|
|-heal|p2a: Krookodile|175\/394 brn|[from] item: Leftovers
|-damage|p2a: Krookodile|126\/394 brn|[from] brn
|turn|41
|
|switch|p2a: Ampharos|Ampharos-Mega, F|383\/383
|-ability|p2a: Ampharos|Mold Breaker
|move|p1a: Weezing|Flamethrower|p2a: Ampharos
|-resisted|p2a: Ampharos
|-damage|p2a: Ampharos|355\/383
|
|turn|42
|
|move|p1a: Weezing|Pain Split|p2a: Ampharos
|-sethp|p2a: Ampharos|324\/383|p1a: Weezing|324\/334|[from] move: Pain Split
|move|p2a: Ampharos|Heal Bell|p2a: Ampharos
|-cureteam|p2a: Ampharos|[from] move: HealBell
|
|turn|43
|
|move|p1a: Weezing|Will-O-Wisp|p2a: Ampharos
|-status|p2a: Ampharos|brn
|move|p2a: Ampharos|Thunderbolt|p1a: Weezing
|-damage|p1a: Weezing|44\/334
|
|-damage|p2a: Ampharos|277\/383 brn|[from] brn
|turn|44
|
|move|p1a: Weezing|Pain Split|p2a: Ampharos
|-sethp|p2a: Ampharos|160\/383 brn|p1a: Weezing|160\/334|[from] move: Pain Split
|move|p2a: Ampharos|Volt Switch|p1a: Weezing
|-damage|p1a: Weezing|0 fnt
|faint|p1a: Weezing
|
|switch|p2a: Krookodile|Krookodile, F|126\/394
|
|-heal|p2a: Krookodile|150\/394|[from] item: Leftovers
|
|switch|p1a: Scrafty|Scrafty, F, shiny|272\/272
|-damage|p1a: Scrafty|255\/272|[from] Stealth Rock
|turn|45
|
|move|p1a: Scrafty|Drain Punch|p2a: Krookodile
|-supereffective|p2a: Krookodile
|-damage|p2a: Krookodile|0 fnt
|-heal|p1a: Scrafty|272\/272|[from] drain|[of] p2a: Krookodile
|faint|p2a: Krookodile
|-boost|p1a: Scrafty|atk|1|[from] ability: Moxie
|
|
|switch|p2a: Crobat|Crobat, F|273\/374
|turn|46
|
|move|p2a: Crobat|Brave Bird|p1a: Scrafty
|-supereffective|p1a: Scrafty
|-damage|p1a: Scrafty|44\/272
|-damage|p2a: Crobat|198\/374|[from] recoil|[of] p1a: Scrafty
|move|p1a: Scrafty|Ice Punch|p2a: Crobat
|-supereffective|p2a: Crobat
|-damage|p2a: Crobat|2\/374
|
|-heal|p2a: Crobat|25\/374|[from] item: Black Sludge
|turn|47
|
|move|p2a: Crobat|Roost|p2a: Crobat
|-heal|p2a: Crobat|212\/374
|move|p1a: Scrafty|Ice Punch|p2a: Crobat
|-damage|p2a: Crobat|112\/374
|-status|p2a: Crobat|frz
|
|-heal|p2a: Crobat|135\/374 frz|[from] item: Black Sludge
|turn|48
|c|âSouyiro|lol
|
|switch|p2a: Blissey|Blissey, F|416\/651
|move|p1a: Scrafty|Drain Punch|p2a: Blissey
|-crit|p2a: Blissey
|-supereffective|p2a: Blissey
|-damage|p2a: Blissey|0 fnt
|-heal|p1a: Scrafty|252\/272|[from] drain|[of] p2a: Blissey
|faint|p2a: Blissey
|-boost|p1a: Scrafty|atk|1|[from] ability: Moxie
|
|-message|Foodborne Illness forfeited.
|leave|Foodborne Illness
|
|win|Souyiro
|raw|Ladder updating...
|player|p2
|raw|Souyiro's rating: 1192 &rarr; <strong>1220<\/strong><br \/>(+28 for winning)
|raw|Foodborne Illness's rating: 1239 &rarr; <strong>1211<\/strong><br \/>(-28 for losing)
|c|âSouyiro|omg so lol