|join|lukitomi
|join|gggglllllwww
|player|p1|lukitomi|2
|player|p2|gggglllllwww|256
|gametype|singles
|gen|6
|tier|ORAS OU
|rated
|rule|Sleep Clause Mod: Limit one foe put to sleep
|rule|Species Clause: Limit one of each PokÃ©mon
|rule|OHKO Clause: OHKO moves are banned
|rule|Moody Clause: Moody is banned
|rule|Evasion Moves Clause: Evasion moves are banned
|rule|Endless Battle Clause: Forcing endless battles is banned
|rule|HP Percentage Mod: HP is shown in percentages
|clearpoke
|poke|p1|Sableye, F
|poke|p1|Azumarill, F
|poke|p1|Tentacruel, M
|poke|p1|Heatran, M
|poke|p1|Landorus-Therian, M
|poke|p1|Heliolisk, M
|poke|p2|Arcanine, F
|poke|p2|Crobat, M
|poke|p2|Jolteon, F
|poke|p2|Gallade, M
|poke|p2|Empoleon, F
|poke|p2|Garchomp, M
|rule|Swagger Clause: Swagger is banned
|rule|Baton Pass Clause: Limit one PokÃ©mon knowing Baton Pass
|teampreview
|
|start
|switch|p1a: Sableye|Sableye, F|304\/304
|switch|p2a: Jolteon|Jolteon, F|272\/272
|turn|1
|
|detailschange|p1a: Sableye|Sableye-Mega, F
|message|Sableye has Mega Evolved into Mega Sableye!
|move|p1a: Sableye|Will-O-Wisp|p2a: Jolteon|[miss]
|-miss|p1a: Sableye|p2a: Jolteon
|move|p2a: Jolteon|Thunderbolt|p1a: Sableye
|-damage|p1a: Sableye|182\/304
|-damage|p2a: Jolteon|245\/272|[from] item: Life Orb
|
|turn|2
|
|move|p1a: Sableye|Protect|p1a: Sableye
|-singleturn|p1a: Sableye|Protect
|move|p2a: Jolteon|Shadow Ball|p1a: Sableye
|-activate|p1a: Sableye|Protect
|
|turn|3
|
|switch|p1a: Landorus-Therian|Landorus-Therian, M|320\/320
|-ability|p1a: Landorus-Therian|Intimidate|[of] p2a: Jolteon
|-unboost|p2a: Jolteon|atk|1
|move|p2a: Jolteon|Thunderbolt|p1a: Landorus-Therian
|-immune|p1a: Landorus-Therian|[msg]
|
|turn|4
|join|The Fog
|
|move|p1a: Landorus-Therian|U-turn|p2a: Jolteon
|-damage|p2a: Jolteon|97\/272
|
|switch|p1a: Tentacruel|Tentacruel, M|364\/364
|move|p2a: Jolteon|Hidden Power|p1a: Tentacruel
|-resisted|p1a: Tentacruel
|-damage|p1a: Tentacruel|339\/364
|-damage|p2a: Jolteon|70\/272|[from] item: Life Orb
|
|-heal|p1a: Tentacruel|361\/364|[from] item: Black Sludge
|turn|5
|
|move|p2a: Jolteon|Volt Switch|p1a: Tentacruel
|-supereffective|p1a: Tentacruel
|-damage|p1a: Tentacruel|182\/364
|-damage|p2a: Jolteon|43\/272|[from] item: Life Orb
|
|switch|p2a: Empress|Empoleon, F|372\/372
|move|p1a: Tentacruel|Toxic Spikes|p2a: Empress
|-sidestart|p2: gggglllllwww|move: Toxic Spikes
|
|-heal|p1a: Tentacruel|204\/364|[from] item: Black Sludge
|turn|6
|
|switch|p1a: Sableye|Sableye-Mega, F|182\/304
|move|p2a: Empress|Scald|p1a: Sableye
|-damage|p1a: Sableye|119\/304
|
|turn|7
|
|move|p2a: Empress|Scald|p1a: Sableye
|-damage|p1a: Sableye|44\/304
|move|p1a: Sableye|Recover|p1a: Sableye
|-heal|p1a: Sableye|196\/304
|
|turn|8
|
|move|p2a: Empress|Scald|p1a: Sableye
|-damage|p1a: Sableye|121\/304
|-status|p1a: Sableye|brn
|move|p1a: Sableye|Recover|p1a: Sableye
|-heal|p1a: Sableye|273\/304 brn
|
|-damage|p1a: Sableye|235\/304 brn|[from] brn
|turn|9
|
|move|p2a: Empress|Defog|p1a: Sableye
|move|p1a: Sableye|Defog|p2a: Empress|[from]Magic Bounce
|-unboost|p2a: Empress|evasion|1
|-sideend|p2: gggglllllwww|Toxic Spikes|[from] move: Defog|[of] p2a: Empress
|move|p1a: Sableye|Recover|p1a: Sableye
|-heal|p1a: Sableye|304\/304 brn
|
|-damage|p1a: Sableye|266\/304 brn|[from] brn
|turn|10
|
|move|p2a: Empress|Scald|p1a: Sableye
|-damage|p1a: Sableye|193\/304 brn
|move|p1a: Sableye|Will-O-Wisp|p2a: Empress
|-status|p2a: Empress|brn
|
|-damage|p2a: Empress|326\/372 brn|[from] brn
|-damage|p1a: Sableye|155\/304 brn|[from] brn
|turn|11
|
|switch|p2a: Arcanine|Arcanine, F|384\/384
|-ability|p2a: Arcanine|Intimidate|[of] p1a: Sableye
|-unboost|p1a: Sableye|atk|1
|move|p1a: Sableye|Recover|p1a: Sableye
|-heal|p1a: Sableye|304\/304 brn
|
|-damage|p1a: Sableye|266\/304 brn|[from] brn
|turn|12
|
|switch|p1a: Landorus-Therian|Landorus-Therian, M|320\/320
|-ability|p1a: Landorus-Therian|Intimidate|[of] p2a: Arcanine
|-unboost|p2a: Arcanine|atk|1
|move|p2a: Arcanine|Close Combat|p1a: Landorus-Therian
|-resisted|p1a: Landorus-Therian
|-damage|p1a: Landorus-Therian|269\/320
|-unboost|p2a: Arcanine|def|1
|-unboost|p2a: Arcanine|spd|1
|
|turn|13
|
|switch|p2a: Lord Harkon|Crobat, M|312\/312
|move|p1a: Landorus-Therian|Rock Slide|p2a: Lord Harkon
|-supereffective|p2a: Lord Harkon
|-damage|p2a: Lord Harkon|48\/312
|
|turn|14
|
|switch|p1a: Heatran|Heatran, M|386\/386
|switch|p2a: Gallade|Gallade, M|277\/277
|
|turn|15
|
|switch|p1a: Sableye|Sableye-Mega, F|266\/304 brn
|detailschange|p2a: Gallade|Gallade-Mega, M
|message|Gallade has Mega Evolved into Mega Gallade!
|move|p2a: Gallade|Knock Off|p1a: Sableye
|-damage|p1a: Sableye|191\/304 brn
|
|-damage|p1a: Sableye|153\/304 brn|[from] brn
|turn|16
|
|switch|p2a: Arcanine|Arcanine, F|384\/384
|-ability|p2a: Arcanine|Intimidate|[of] p1a: Sableye
|-unboost|p1a: Sableye|atk|1
|move|p1a: Sableye|Recover|p1a: Sableye
|-heal|p1a: Sableye|304\/304 brn
|
|-damage|p1a: Sableye|266\/304 brn|[from] brn
|turn|17
|
|switch|p1a: Heatran|Heatran, M|386\/386
|move|p2a: Arcanine|Flare Blitz|p1a: Heatran
|-start|p1a: Heatran|ability: Flash Fire
|
|turn|18
|
|switch|p1a: Landorus-Therian|Landorus-Therian, M|269\/320
|-ability|p1a: Landorus-Therian|Intimidate|[of] p2a: Arcanine
|-unboost|p2a: Arcanine|atk|1
|move|p2a: Arcanine|Close Combat|p1a: Landorus-Therian
|-resisted|p1a: Landorus-Therian
|-damage|p1a: Landorus-Therian|218\/320
|-unboost|p2a: Arcanine|def|1
|-unboost|p2a: Arcanine|spd|1
|
|turn|19
|
|switch|p2a: Lord Harkon|Crobat, M|48\/312
|move|p1a: Landorus-Therian|Knock Off|p2a: Lord Harkon
|-crit|p2a: Lord Harkon
|-damage|p2a: Lord Harkon|0 fnt
|-enditem|p2a: Lord Harkon|Choice Band|[from] move: Knock Off|[of] p1a: Landorus-Therian
|faint|p2a: Lord Harkon
|
|
|switch|p2a: Empress|Empoleon, F|326\/372 brn
|turn|20
|
|move|p1a: Landorus-Therian|Knock Off|p2a: Empress
|-damage|p2a: Empress|218\/372 brn
|-enditem|p2a: Empress|Leftovers|[from] move: Knock Off|[of] p1a: Landorus-Therian
|move|p2a: Empress|Scald|p1a: Landorus-Therian
|-supereffective|p1a: Landorus-Therian
|-damage|p1a: Landorus-Therian|0 fnt
|faint|p1a: Landorus-Therian
|
|-damage|p2a: Empress|172\/372 brn|[from] brn
|
|switch|p1a: Heliolisk|Heliolisk, M|266\/266
|turn|21
|
|move|p1a: Heliolisk|Thunderbolt|p2a: Empress
|-supereffective|p2a: Empress
|-damage|p2a: Empress|0 fnt
|faint|p2a: Empress
|
|
|switch|p2a: Jolteon|Jolteon, F|43\/272
|turn|22
|
|switch|p1a: Tentacruel|Tentacruel, M|204\/364
|move|p2a: Jolteon|Volt Switch|p1a: Tentacruel
|-supereffective|p1a: Tentacruel
|-damage|p1a: Tentacruel|6\/364
|-damage|p2a: Jolteon|16\/272|[from] item: Life Orb
|
|switch|p2a: Arcanine|Arcanine, F|384\/384
|-ability|p2a: Arcanine|Intimidate|[of] p1a: Tentacruel
|-unboost|p1a: Tentacruel|atk|1
|
|-heal|p1a: Tentacruel|28\/364|[from] item: Black Sludge
|turn|23
|
|move|p2a: Arcanine|Extreme Speed|p1a: Tentacruel
|-damage|p1a: Tentacruel|0 fnt
|faint|p1a: Tentacruel
|
|
|switch|p1a: Heatran|Heatran, M|386\/386
|turn|24
|
|switch|p2a: Paarthurnax|Garchomp, M|420\/420
|move|p1a: Heatran|Stealth Rock|p2a: Paarthurnax
|-sidestart|p2: gggglllllwww|move: Stealth Rock
|
|turn|25
|
|move|p2a: Paarthurnax|Earthquake|p1a: Heatran
|-supereffective|p1a: Heatran
|-damage|p1a: Heatran|0 fnt
|faint|p1a: Heatran
|
|
|switch|p1a: Azumarill|Azumarill, F|404\/404
|turn|26
|
|move|p2a: Paarthurnax|Earthquake|p1a: Azumarill
|-damage|p1a: Azumarill|217\/404
|move|p1a: Azumarill|Ice Punch|p2a: Paarthurnax
|-supereffective|p2a: Paarthurnax
|-damage|p2a: Paarthurnax|156\/420
|-damage|p1a: Azumarill|167\/404|[from] ability: Rough Skin|[of] p2a: Paarthurnax
|-damage|p1a: Azumarill|100\/404|[from] item: Rocky Helmet|[of] p2a: Paarthurnax
|
|turn|27
|c|âgggglllllwww|"wat iz damage" - Bulk chomp
|c|âlukitomi|i see
|
|move|p2a: Paarthurnax|Earthquake|p1a: Azumarill
|-damage|p1a: Azumarill|0 fnt
|faint|p1a: Azumarill
|
|
|switch|p1a: Heliolisk|Heliolisk, M|266\/266
|turn|28
|
|switch|p2a: Jolteon|Jolteon, F|16\/272
|-damage|p2a: Jolteon|0 fnt|[from] Stealth Rock
|faint|p2a: Jolteon
|move|p1a: Heliolisk|Hidden Power|p2: Jolteon|[notarget]
|-notarget
|
|
|switch|p2a: Arcanine|Arcanine, F|384\/384
|-damage|p2a: Arcanine|288\/384|[from] Stealth Rock
|-ability|p2a: Arcanine|Intimidate|[of] p1a: Heliolisk
|-unboost|p1a: Heliolisk|atk|1
|turn|29
|leave|The Fog
|
|move|p1a: Heliolisk|Thunderbolt|p2a: Arcanine
|-damage|p2a: Arcanine|173\/384
|move|p2a: Arcanine|Flare Blitz|p1a: Heliolisk
|-enditem|p1a: Heliolisk|Focus Sash
|-damage|p1a: Heliolisk|1\/266
|-damage|p2a: Arcanine|86\/384|[from] recoil|[of] p1a: Heliolisk
|
|turn|30
|
|move|p1a: Heliolisk|Thunderbolt|p2a: Arcanine
|-damage|p2a: Arcanine|0 fnt
|faint|p2a: Arcanine
|
|c|âgggglllllwww|damn
|c|âgggglllllwww|nice prediction
|
|switch|p2a: Gallade|Gallade-Mega, M|277\/277
|-damage|p2a: Gallade|260\/277|[from] Stealth Rock
|turn|31
|c|âlukitomi|ty :D 
|
|move|p2a: Gallade|Knock Off|p1a: Heliolisk
|-damage|p1a: Heliolisk|0 fnt
|faint|p1a: Heliolisk
|
|
|switch|p1a: Sableye|Sableye-Mega, F|266\/304 brn
|turn|32
|
|move|p2a: Gallade|Knock Off|p1a: Sableye
|-damage|p1a: Sableye|192\/304 brn
|move|p1a: Sableye|Foul Play|p2a: Gallade
|-damage|p2a: Gallade|160\/277
|
|-damage|p1a: Sableye|154\/304 brn|[from] brn
|turn|33
|
|move|p2a: Gallade|Knock Off|p1a: Sableye
|-damage|p1a: Sableye|83\/304 brn
|move|p1a: Sableye|Recover|p1a: Sableye
|-heal|p1a: Sableye|235\/304 brn
|
|-damage|p1a: Sableye|197\/304 brn|[from] brn
|turn|34
|
|move|p2a: Gallade|Knock Off|p1a: Sableye
|-damage|p1a: Sableye|114\/304 brn
|move|p1a: Sableye|Will-O-Wisp|p2a: Gallade
|-status|p2a: Gallade|brn
|
|-damage|p2a: Gallade|126\/277 brn|[from] brn
|-damage|p1a: Sableye|76\/304 brn|[from] brn
|turn|35
|
|move|p2a: Gallade|Knock Off|p1a: Sableye
|-damage|p1a: Sableye|41\/304 brn
|move|p1a: Sableye|Recover|p1a: Sableye
|-heal|p1a: Sableye|193\/304 brn
|
|-damage|p2a: Gallade|92\/277 brn|[from] brn
|-damage|p1a: Sableye|155\/304 brn|[from] brn
|turn|36
|
|move|p2a: Gallade|Knock Off|p1a: Sableye
|-damage|p1a: Sableye|116\/304 brn
|move|p1a: Sableye|Recover|p1a: Sableye
|-heal|p1a: Sableye|268\/304 brn
|
|-damage|p2a: Gallade|58\/277 brn|[from] brn
|-damage|p1a: Sableye|230\/304 brn|[from] brn
|turn|37
|c|âlukitomi|gg
|c|âgggglllllwww|who won? lol
|
|move|p2a: Gallade|Knock Off|p1a: Sableye
|-damage|p1a: Sableye|192\/304 brn
|move|p1a: Sableye|Recover|p1a: Sableye
|-heal|p1a: Sableye|304\/304 brn
|
|-damage|p2a: Gallade|24\/277 brn|[from] brn
|-damage|p1a: Sableye|266\/304 brn|[from] brn
|turn|38
|c|âlukitomi|me 
|c|âgggglllllwww|gg but I have a trick up my sleeve
|
|move|p2a: Gallade|Knock Off|p1a: Sableye
|-damage|p1a: Sableye|225\/304 brn
|move|p1a: Sableye|Recover|p1a: Sableye
|-heal|p1a: Sableye|304\/304 brn
|
|-damage|p2a: Gallade|0 fnt|[from] brn
|-damage|p1a: Sableye|266\/304 brn|[from] brn
|faint|p2a: Gallade
|c|âlukitomi|i see now im curious 
|c|âgggglllllwww|could work
|
|switch|p2a: Paarthurnax|Garchomp, M|156\/420
|-damage|p2a: Paarthurnax|130\/420|[from] Stealth Rock
|turn|39
|
|move|p2a: Paarthurnax|Rest|p2a: Paarthurnax
|-status|p2a: Paarthurnax|slp
|-heal|p2a: Paarthurnax|420\/420 slp|[silent]
|-status|p2a: Paarthurnax|slp|[from] move: Rest
|move|p1a: Sableye|Will-O-Wisp|p2a: Paarthurnax
|-fail|p2a: Paarthurnax
|
|-damage|p1a: Sableye|228\/304 brn|[from] brn
|turn|40
|c|âlukitomi|wow 
|c|âlukitomi|thats op
|
|cant|p2a: Paarthurnax|slp
|move|p2a: Paarthurnax|Sleep Talk|p2a: Paarthurnax
|move|p2a: Paarthurnax|Rest|p2a: Paarthurnax|[from]Sleep Talk
|-fail|p2a: Paarthurnax
|move|p1a: Sableye|Foul Play|p2a: Paarthurnax
|-crit|p2a: Paarthurnax
|-damage|p2a: Paarthurnax|347\/420 slp
|-damage|p1a: Sableye|190\/304 brn|[from] ability: Rough Skin|[of] p2a: Paarthurnax
|-damage|p1a: Sableye|140\/304 brn|[from] item: Rocky Helmet|[of] p2a: Paarthurnax
|
|-damage|p1a: Sableye|102\/304 brn|[from] brn
|turn|41
|c|âlukitomi|wow
|
|cant|p2a: Paarthurnax|slp
|move|p2a: Paarthurnax|Sleep Talk|p2a: Paarthurnax
|move|p2a: Paarthurnax|Rest|p2a: Paarthurnax|[from]Sleep Talk
|-fail|p2a: Paarthurnax
|move|p1a: Sableye|Recover|p1a: Sableye
|-heal|p1a: Sableye|254\/304 brn
|
|-damage|p1a: Sableye|216\/304 brn|[from] brn
|turn|42
|c|âlukitomi|u gonna win 
|c|âlukitomi|or keep getting unlucky :D 
|
|-curestatus|p2a: Paarthurnax|slp
|move|p2a: Paarthurnax|Earthquake|p1a: Sableye
|-damage|p1a: Sableye|93\/304 brn
|move|p1a: Sableye|Will-O-Wisp|p2a: Paarthurnax|[miss]
|-miss|p1a: Sableye|p2a: Paarthurnax
|
|-damage|p1a: Sableye|55\/304 brn|[from] brn
|turn|43
|
|move|p2a: Paarthurnax|Earthquake|p1a: Sableye
|-damage|p1a: Sableye|0 fnt
|faint|p1a: Sableye
|
|win|gggglllllwww
|raw|Ladder updating...
|raw|lukitomi's rating: 1282 &rarr; <strong>1258<\/strong><br \/>(-24 for losing)
|raw|gggglllllwww's rating: 1296 &rarr; <strong>1320<\/strong><br \/>(+24 for winning)
|c|âgggglllllwww|lol.. gg