|join|Lukitomi
|join|Drakn B
|player|p1|Lukitomi|2
|player|p2|Drakn B|153
|gametype|singles
|gen|6
|tier|OU
|rated
|clearpoke
|poke|p1|Azumarill, M
|poke|p1|Mandibuzz, F
|poke|p1|Golurk
|poke|p1|Heliolisk, M
|poke|p1|Heatran, M
|poke|p1|Manectric, M
|poke|p2|Blastoise, M
|poke|p2|Dragonite, M
|poke|p2|Metagross
|poke|p2|Garchomp, M, shiny
|poke|p2|Volcarona, M, shiny
|poke|p2|Gardevoir, F, shiny
|rule|Swagger Clause: Swagger is banned
|rule|Baton Pass Clause: Limit one PokÃ©mon knowing Baton Pass
|rule|Sleep Clause Mod: Limit one foe put to sleep
|rule|Species Clause: Limit one of each PokÃ©mon
|rule|OHKO Clause: OHKO moves are banned
|rule|Moody Clause: Moody is banned
|rule|Evasion Moves Clause: Evasion moves are banned
|rule|Endless Battle Clause: Forcing endless battles is banned
|rule|HP Percentage Mod: HP is shown in percentages
|teampreview
|
|start
|switch|p1a: Heliolisk|Heliolisk, M|266\/266
|switch|p2a: Azul|Blastoise, M|358\/358
|turn|1
|
|detailschange|p2a: Azul|Blastoise-Mega, M
|message|Blastoise has Mega Evolved into Mega Blastoise!
|move|p1a: Heliolisk|Volt Switch|p2a: Azul
|-crit|p2a: Azul
|-supereffective|p2a: Azul
|-damage|p2a: Azul|56\/358
|
|switch|p1a: Golurk|Golurk|382\/382
|move|p2a: Azul|Aura Sphere|p1a: Golurk
|-immune|p1a: Golurk|[msg]
|
|turn|2
|
|move|p2a: Azul|Water Pulse|p1a: Golurk
|-supereffective|p1a: Golurk
|-damage|p1a: Golurk|0 fnt
|faint|p1a: Golurk
|
|c|âLukitomi|ol u outsped
|c|âLukitomi|damn
|
|switch|p1a: Heliolisk|Heliolisk, M|266\/266
|turn|3
|c|âDrakn B|i sorprise too
|
|move|p1a: Heliolisk|Thunderbolt|p2a: Azul
|-supereffective|p2a: Azul
|-damage|p2a: Azul|0 fnt
|faint|p2a: Azul
|
|
|switch|p2a: Lance|Dragonite, M|323\/323
|turn|4
|
|move|p1a: Heliolisk|Hidden Power|p2a: Lance
|-supereffective|p2a: Lance
|-damage|p2a: Lance|205\/323
|-enditem|p2a: Lance|Weakness Policy
|-boost|p2a: Lance|atk|2|[from] item: Weakness Policy
|-boost|p2a: Lance|spa|2|[from] item: Weakness Policy
|move|p2a: Lance|Dragon Dance|p2a: Lance
|-boost|p2a: Lance|atk|1
|-boost|p2a: Lance|spe|1
|
|turn|5
|
|move|p2a: Lance|Earthquake|p1a: Heliolisk
|-supereffective|p1a: Heliolisk
|-enditem|p1a: Heliolisk|Focus Sash
|-damage|p1a: Heliolisk|1\/266
|move|p1a: Heliolisk|Hidden Power|p2a: Lance
|-supereffective|p2a: Lance
|-damage|p2a: Lance|0 fnt
|faint|p2a: Lance
|
|
|switch|p2a: Maximo|Metagross|364\/364
|turn|6
|c|âLukitomi|heliolisk and golurt in ou op :D
|
|switch|p1a: Mandibuzz|Mandibuzz, F|424\/424
|move|p2a: Maximo|Bullet Punch|p1a: Mandibuzz
|-damage|p1a: Mandibuzz|372\/424
|
|-heal|p1a: Mandibuzz|398\/424|[from] item: Leftovers
|turn|7
|c|âDrakn B|yes
|
|move|p1a: Mandibuzz|Foul Play|p2a: Maximo
|-supereffective|p2a: Maximo
|-damage|p2a: Maximo|56\/364
|move|p2a: Maximo|Meteor Mash|p1a: Mandibuzz|[miss]
|-miss|p2a: Maximo|p1a: Mandibuzz
|
|-heal|p1a: Mandibuzz|424\/424|[from] item: Leftovers
|turn|8
|c|âLukitomi|sry
|
|move|p1a: Mandibuzz|Foul Play|p2a: Maximo
|-supereffective|p2a: Maximo
|-damage|p2a: Maximo|0 fnt
|faint|p2a: Maximo
|
|
|switch|p2a: Cintia|Garchomp, M, shiny|357\/357
|turn|9
|c|âDrakn B|no matter xd
|
|move|p2a: Cintia|Rock Slide|p1a: Mandibuzz
|-miss|p2a: Cintia|p1a: Mandibuzz
|move|p1a: Mandibuzz|Foul Play|p2a: Cintia
|-damage|p2a: Cintia|176\/357
|-damage|p1a: Mandibuzz|371\/424|[from] ability: Rough Skin|[of] p2a: Cintia
|
|-heal|p1a: Mandibuzz|397\/424|[from] item: Leftovers
|turn|10
|c|âLukitomi|wow im sorry im haxing 
|
|move|p2a: Cintia|Rock Slide|p1a: Mandibuzz
|-supereffective|p1a: Mandibuzz
|-damage|p1a: Mandibuzz|263\/424
|move|p1a: Mandibuzz|Foul Play|p2a: Cintia
|-crit|p2a: Cintia
|-damage|p2a: Cintia|0 fnt
|-damage|p1a: Mandibuzz|210\/424|[from] ability: Rough Skin|[of] p2a: Cintia
|faint|p2a: Cintia
|
|-heal|p1a: Mandibuzz|236\/424|[from] item: Leftovers
|c|âDrakn B|its a game xd
|
|switch|p2a: Mirto|Volcarona, M, shiny|371\/371
|turn|11
|c|âLukitomi|yeah gg tho :D
|
|move|p2a: Mirto|Quiver Dance|p2a: Mirto
|-boost|p2a: Mirto|spa|1
|-boost|p2a: Mirto|spd|1
|-boost|p2a: Mirto|spe|1
|move|p1a: Mandibuzz|Toxic|p2a: Mirto
|-status|p2a: Mirto|tox
|
|-heal|p1a: Mandibuzz|262\/424|[from] item: Leftovers
|-damage|p2a: Mirto|348\/371 tox|[from] psn
|turn|12
|
|move|p2a: Mirto|Fiery Dance|p1a: Mandibuzz
|-crit|p1a: Mandibuzz
|-damage|p1a: Mandibuzz|0 fnt
|faint|p1a: Mandibuzz
|
|-heal|p2a: Mirto|371\/371 tox|[from] item: Leftovers
|-damage|p2a: Mirto|325\/371 tox|[from] psn
|
|switch|p1a: Heatran|Heatran, M|323\/323
|turn|13
|c|âDrakn B|sorry that crit
|
|switch|p2a: Dianta|Gardevoir, F, shiny|277\/277
|-ability|p2a: Dianta|Flash Fire|[from] ability: Trace|[of] p1a: Heatran
|move|p1a: Heatran|Ancient Power|p2a: Dianta
|-damage|p2a: Dianta|202\/277
|
|turn|14
|
|move|p2a: Dianta|Focus Blast|p1a: Heatran
|-supereffective|p1a: Heatran
|-damage|p1a: Heatran|53\/323
|-unboost|p1a: Heatran|spd|1
|move|p1a: Heatran|Ancient Power|p2a: Dianta
|-damage|p2a: Dianta|137\/277
|
|turn|15
|
|switch|p1a: Heliolisk|Heliolisk, M|1\/266
|move|p2a: Dianta|Focus Blast|p1a: Heliolisk
|-crit|p1a: Heliolisk
|-supereffective|p1a: Heliolisk
|-damage|p1a: Heliolisk|0 fnt
|faint|p1a: Heliolisk
|
|
|switch|p1a: Azumarill|Azumarill, M|391\/391
|turn|16
|
|switch|p2a: Mirto|Volcarona, M, shiny|325\/371 tox
|move|p1a: Azumarill|Knock Off|p2a: Mirto
|-damage|p2a: Mirto|257\/371 tox
|-enditem|p2a: Mirto|Leftovers|[from] move: Knock Off|[of] p1a: Azumarill
|
|-damage|p2a: Mirto|234\/371 tox|[from] psn
|turn|17
|
|switch|p1a: Manectric|Manectric, M|281\/281
|move|p2a: Mirto|Fiery Dance|p1a: Manectric
|-damage|p1a: Manectric|110\/281
|-boost|p2a: Mirto|spa|1
|
|-damage|p2a: Mirto|188\/371 tox|[from] psn
|turn|18
|
|detailschange|p1a: Manectric|Manectric-Mega, M
|message|Manectric has Mega Evolved into Mega Manectric!
|-ability|p1a: Manectric|Intimidate|[of] p2a: Mirto
|-unboost|p2a: Mirto|atk|1
|move|p1a: Manectric|Thunderbolt|p2a: Mirto
|-damage|p2a: Mirto|10\/371 tox
|move|p2a: Mirto|Fiery Dance|p1a: Manectric
|-damage|p1a: Manectric|0 fnt
|faint|p1a: Manectric
|
|-damage|p2a: Mirto|0 fnt|[from] psn
|faint|p2a: Mirto
|
|switch|p2a: Dianta|Gardevoir, F, shiny|137\/277
|switch|p1a: Azumarill|Azumarill, M|391\/391
|-ability|p2a: Dianta|Sap Sipper|[from] ability: Trace|[of] p1a: Azumarill
|turn|19
|c|âLukitomi|gg
|
|move|p2a: Dianta|Psyshock|p1a: Azumarill
|-damage|p1a: Azumarill|232\/391
|move|p1a: Azumarill|Knock Off|p2a: Dianta
|-damage|p2a: Dianta|41\/277
|-enditem|p2a: Dianta|Choice Scarf|[from] move: Knock Off|[of] p1a: Azumarill
|
|turn|20
|c|âDrakn B|gg
|
|move|p1a: Azumarill|Aqua Jet|p2a: Dianta
|-damage|p2a: Dianta|0 fnt
|faint|p2a: Dianta
|
|win|Lukitomi
|raw|Ladder updating...
|raw|Lukitomi's rating: 1360 &rarr; <strong>1378<\/strong><br \/>(+18 for winning)
|raw|Drakn B's rating: 1334 &rarr; <strong>1315<\/strong><br \/>(-19 for losing)
|leave|Lukitomi
|player|p1