|join|Kemenangan
|join|Lukitomi
|player|p1|Kemenangan|267
|player|p2|Lukitomi|169
|gametype|singles
|gen|6
|tier|OU
|rated
|clearpoke
|poke|p1|Azumarill, F, shiny
|poke|p1|Cinccino, F, shiny
|poke|p1|Aegislash, M, shiny
|poke|p1|Charizard, M, shiny
|poke|p1|Scrafty, M, shiny
|poke|p1|Ninjask, M, shiny
|poke|p2|Ambipom, M
|poke|p2|Charizard, F
|poke|p2|Latios, M
|poke|p2|Goodra, M
|poke|p2|Gliscor, F
|poke|p2|Skarmory, F
|rule|Sleep Clause Mod: Limit one foe put to sleep
|rule|Species Clause: Limit one of each Pokemon
|rule|OHKO Clause: OHKO moves are banned
|rule|Moody Clause: Moody is banned
|rule|Evasion Moves Clause: Evasion moves are banned
|rule|Endless Battle Clause: Forcing endless battles is banned.
|rule|HP Percentage Mod: HP is reported as percentages
|teampreview
|
|start
|switch|p1a: Ninjask|Ninjask, M, shiny|284\/284
|switch|p2a: Ambipom|Ambipom, M|292\/292
|turn|1
|
|move|p1a: Ninjask|Protect|p1a: Ninjask
|-singleturn|p1a: Ninjask|Protect
|move|p2a: Ambipom|Fake Out|p1a: Ninjask
|-activate|p1a: Ninjask|Protect
|
|-boost|p1a: Ninjask|spe|1|[from] ability: Speed Boost
|turn|2
|
|move|p1a: Ninjask|Swords Dance|p1a: Ninjask
|-boost|p1a: Ninjask|atk|2
|move|p2a: Ambipom|Taunt|p1a: Ninjask
|-start|p1a: Ninjask|move: Taunt
|
|-boost|p1a: Ninjask|spe|1|[from] ability: Speed Boost
|turn|3
|
|-activate|p1a: Ninjask|move: Struggle
|move|p1a: Ninjask|Struggle|p2a: Ambipom
|-crit|p2a: Ambipom
|-damage|p2a: Ambipom|112\/292
|-damage|p1a: Ninjask|213\/284
|move|p2a: Ambipom|Pursuit|p1a: Ninjask
|-damage|p1a: Ninjask|93\/284
|-damage|p2a: Ambipom|83\/292|[from] item: Life Orb
|
|-boost|p1a: Ninjask|spe|1|[from] ability: Speed Boost
|turn|4
|
|switch|p2a: Skarmory|Skarmory, F|334\/334
|-activate|p1a: Ninjask|move: Struggle
|move|p1a: Ninjask|Struggle|p2a: Skarmory
|-damage|p2a: Skarmory|279\/334
|-damage|p1a: Ninjask|46\/284|[from] item: Rocky Helmet|[of] p2a: Skarmory
|-damage|p1a: Ninjask|0 fnt
|faint|p1a: Ninjask
|
|chat|Kemenangan|fukken nice
|
|switch|p1a: Scrafty|Scrafty, M, shiny|271\/271
|turn|5
|chat|Lukitomi|:D
|
|move|p2a: Skarmory|Stealth Rock|p1a: Scrafty
|-sidestart|p1: Kemenangan|move: Stealth Rock
|move|p1a: Scrafty|Dragon Dance|p1a: Scrafty
|-boost|p1a: Scrafty|atk|1
|-boost|p1a: Scrafty|spe|1
|
|turn|6
|
|move|p1a: Scrafty|Drain Punch|p2a: Skarmory
|-damage|p2a: Skarmory|156\/334
|-damage|p1a: Scrafty|226\/271|[from] item: Rocky Helmet|[of] p2a: Skarmory
|move|p2a: Skarmory|Whirlwind|p1a: Scrafty
|drag|p1a: Sordd|Aegislash, M, shiny|261\/261
|-damage|p1a: Sordd|245\/261|[from] Stealth Rock
|
|-heal|p1a: Sordd|261\/261|[from] item: Leftovers
|turn|7
|
|move|p2a: Skarmory|Spikes|p1a: Sordd
|-sidestart|p1: Kemenangan|Spikes
|-formechange|p1a: Sordd|Aegislash-Blade
|move|p1a: Sordd|Sacred Sword|p2a: Skarmory
|-crit|p2a: Skarmory
|-damage|p2a: Skarmory|39\/334
|-damage|p1a: Sordd|218\/261|[from] item: Rocky Helmet|[of] p2a: Skarmory
|
|-heal|p1a: Sordd|234\/261|[from] item: Leftovers
|turn|8
|
|move|p1a: Sordd|Shadow Sneak|p2a: Skarmory
|-crit|p2a: Skarmory
|-damage|p2a: Skarmory|0 fnt
|-damage|p1a: Sordd|191\/261|[from] item: Rocky Helmet|[of] p2a: Skarmory
|faint|p2a: Skarmory
|
|-heal|p1a: Sordd|207\/261|[from] item: Leftovers
|
|switch|p2a: Charizard|Charizard, F|298\/298
|turn|9
|
|switch|p1a: Scrafty|Scrafty, M, shiny|226\/271
|-damage|p1a: Scrafty|210\/271|[from] Stealth Rock
|-damage|p1a: Scrafty|177\/271|[from] Spikes
|detailschange|p2a: Charizard|Charizard-Mega-Y, F
|message|Charizard has Mega Evolved into Mega Charizard!
|-weather|SunnyDay
|move|p2a: Charizard|Fire Blast|p1a: Scrafty|[miss]
|-miss|p2a: Charizard|p1a: Scrafty
|
|-weather|SunnyDay|[upkeep]
|turn|10
|
|move|p2a: Charizard|Fire Blast|p1a: Scrafty|[miss]
|-miss|p2a: Charizard|p1a: Scrafty
|move|p1a: Scrafty|Crunch|p2a: Charizard
|-damage|p2a: Charizard|157\/298
|
|-weather|SunnyDay|[upkeep]
|turn|11
|chat|Lukitomi|wow the misses
|
|move|p2a: Charizard|Fire Blast|p1a: Scrafty
|-damage|p1a: Scrafty|0 fnt
|faint|p1a: Scrafty
|
|-weather|SunnyDay|[upkeep]
|
|switch|p1a: Azumawrath|Azumarill, F, shiny|404\/404
|-damage|p1a: Azumawrath|354\/404|[from] Spikes
|-damage|p1a: Azumawrath|304\/404|[from] Stealth Rock
|turn|12
|
|move|p1a: Azumawrath|Aqua Jet|p2a: Charizard
|-supereffective|p2a: Charizard
|-damage|p2a: Charizard|41\/298
|move|p2a: Charizard|Roost|p2a: Charizard
|-heal|p2a: Charizard|190\/298
|
|-weather|SunnyDay|[upkeep]
|turn|13
|
|move|p2a: Charizard|Roost|p2a: Charizard
|-heal|p2a: Charizard|298\/298
|move|p1a: Azumawrath|Belly Drum|p1a: Azumawrath
|-damage|p1a: Azumawrath|102\/404
|-setboost|p1a: Azumawrath|atk|6|[from] move: Belly Drum
|-enditem|p1a: Azumawrath|Sitrus Berry|[eat]
|-heal|p1a: Azumawrath|203\/404|[from] item: Sitrus Berry
|
|-weather|none
|turn|14
|
|move|p1a: Azumawrath|Aqua Jet|p2a: Charizard
|-supereffective|p2a: Charizard
|-damage|p2a: Charizard|0 fnt
|faint|p2a: Charizard
|
|
|switch|p2a: Ambipom|Ambipom, M|83\/292
|turn|15
|
|move|p2a: Ambipom|Fake Out|p1a: Azumawrath
|-damage|p1a: Azumawrath|63\/404
|-damage|p2a: Ambipom|54\/292|[from] item: Life Orb
|cant|p1a: Azumawrath|flinch
|
|turn|16
|
|switch|p2a: Goodra|Goodra, M|384\/384
|move|p1a: Azumawrath|Aqua Jet|p2a: Goodra
|-resisted|p2a: Goodra
|-damage|p2a: Goodra|162\/384
|-unboost|p1a: Azumawrath|spe|1
|
|turn|17
|
|move|p1a: Azumawrath|Aqua Jet|p2a: Goodra
|-resisted|p2a: Goodra
|-damage|p2a: Goodra|0 fnt
|-unboost|p1a: Azumawrath|spe|1
|faint|p2a: Goodra
|
|
|switch|p2a: Ambipom|Ambipom, M|54\/292
|turn|18
|
|move|p2a: Ambipom|Pursuit|p1a: Azumawrath|[from]Pursuit
|-resisted|p1a: Azumawrath
|-damage|p1a: Azumawrath|6\/404
|-damage|p2a: Ambipom|25\/292|[from] item: Life Orb
|switch|p1a: Sordd|Aegislash, M, shiny|207\/261
|-damage|p1a: Sordd|175\/261|[from] Spikes
|-damage|p1a: Sordd|159\/261|[from] Stealth Rock
|
|-heal|p1a: Sordd|175\/261|[from] item: Leftovers
|turn|19
|
|switch|p2a: Latios|Latios, M|302\/302
|move|p1a: Sordd|King's Shield|p1a: Sordd
|-fail|p1a: Sordd
|
|-heal|p1a: Sordd|191\/261|[from] item: Leftovers
|turn|20
|
|-formechange|p1a: Sordd|Aegislash-Blade
|move|p1a: Sordd|Shadow Sneak|p2a: Latios
|-supereffective|p2a: Latios
|-damage|p2a: Latios|114\/302
|move|p2a: Latios|Shadow Ball|p1a: Sordd
|-supereffective|p1a: Sordd
|-damage|p1a: Sordd|0 fnt
|faint|p1a: Sordd
|
|
|switch|p1a: Angel|Cinccino, F, shiny|291\/291
|-damage|p1a: Angel|255\/291|[from] Stealth Rock
|-damage|p1a: Angel|219\/291|[from] Spikes
|turn|21
|
|switch|p2a: Gliscor|Gliscor, F|354\/354
|move|p1a: Angel|Knock Off|p2a: Gliscor
|-damage|p2a: Gliscor|296\/354
|-enditem|p2a: Gliscor|Toxic Orb|[from] move: Knock Off|[of] p1a: Angel
|
|turn|22
|
|switch|p1a: Azumawrath|Azumarill, F, shiny|6\/404
|-damage|p1a: Azumawrath|0 fnt|[from] Spikes
|faint|p1a: Azumawrath
|move|p2a: Gliscor|Toxic|p1: Azumawrath|[notarget]
|-notarget
|
|
|switch|p1a: Charles Zard|Charizard, M, shiny|298\/298
|-damage|p1a: Charles Zard|149\/298|[from] Stealth Rock
|turn|23
|
|detailschange|p1a: Charles Zard|Charizard-Mega-Y, M, shiny
|message|Charizard has Mega Evolved into Mega Charizard!
|-weather|SunnyDay
|move|p2a: Gliscor|Protect|p2a: Gliscor
|-singleturn|p2a: Gliscor|Protect
|move|p1a: Charles Zard|Solar Beam|p2a: Gliscor|[still]
|-prepare|p1a: Charles Zard|Solar Beam|p2a: Gliscor
|-anim|p1a: Charles Zard|Solar Beam|p2a: Gliscor
|-activate|p2a: Gliscor|Protect
|
|-weather|SunnyDay|[upkeep]
|turn|24
|
|move|p1a: Charles Zard|Solar Beam|p2a: Gliscor|[still]
|-prepare|p1a: Charles Zard|Solar Beam|p2a: Gliscor
|-anim|p1a: Charles Zard|Solar Beam|p2a: Gliscor
|-damage|p2a: Gliscor|97\/354
|move|p2a: Gliscor|Toxic|p1a: Charles Zard|[miss]
|-miss|p2a: Gliscor|p1a: Charles Zard
|
|-weather|SunnyDay|[upkeep]
|turn|25
|
|move|p1a: Charles Zard|Solar Beam|p2a: Gliscor|[still]
|-prepare|p1a: Charles Zard|Solar Beam|p2a: Gliscor
|-anim|p1a: Charles Zard|Solar Beam|p2a: Gliscor
|-damage|p2a: Gliscor|0 fnt
|faint|p2a: Gliscor
|
|-weather|SunnyDay|[upkeep]
|chat|Lukitomi|damn hex
|
|switch|p2a: Latios|Latios, M|114\/302
|turn|26
|
|move|p2a: Latios|Psyshock|p1a: Charles Zard
|-damage|p1a: Charles Zard|0 fnt
|faint|p1a: Charles Zard
|
|-weather|SunnyDay|[upkeep]
|
|switch|p1a: Angel|Cinccino, F, shiny|219\/291
|-damage|p1a: Angel|183\/291|[from] Stealth Rock
|-damage|p1a: Angel|147\/291|[from] Spikes
|turn|27
|
|move|p1a: Angel|Knock Off|p2a: Latios
|-supereffective|p2a: Latios
|-damage|p2a: Latios|0 fnt
|faint|p2a: Latios
|
|-weather|none
|
|switch|p2a: Ambipom|Ambipom, M|25\/292
|turn|28
|
|move|p2a: Ambipom|Fake Out|p1a: Angel
|-damage|p1a: Angel|0 fnt
|-damage|p2a: Ambipom|0 fnt|[from] item: Life Orb
|faint|p1a: Angel
|faint|p2a: Ambipom
|
|tie
|raw|Ladder updating...
|raw|Kemenangan's rating: 1204 &rarr; <strong>1202<\/strong><br \/>(-2 for tying)
|raw|Lukitomi's rating: 1176 &rarr; <strong>1178<\/strong><br \/>(+2 for tying)
|chat|Kemenangan|gg
|chat|Lukitomi|lol
|chat|Kemenangan|oh wow
|chat|Lukitomi|gg
|chat|Lukitomi|thought i loose
|leave|Lukitomi