|join|lukitomi
|join|AimForWin
|player|p1|lukitomi|266
|player|p2|AimForWin|163
|gametype|singles
|gen|6
|tier|OU
|rated
|clearpoke
|poke|p1|Garchomp, M
|poke|p1|Landorus-Therian, M
|poke|p1|Thundurus, M
|poke|p1|Metagross
|poke|p1|Rotom-Wash
|poke|p1|Keldeo-Resolute
|poke|p2|Lopunny, F, shiny
|poke|p2|Victini
|poke|p2|Umbreon, F
|poke|p2|Nidoking, M
|poke|p2|Mandibuzz, F
|poke|p2|Latias, F
|rule|Swagger Clause: Swagger is banned
|rule|Baton Pass Clause: Limit one PokÃ©mon knowing Baton Pass
|rule|Sleep Clause Mod: Limit one foe put to sleep
|rule|Species Clause: Limit one of each PokÃ©mon
|rule|OHKO Clause: OHKO moves are banned
|rule|Moody Clause: Moody is banned
|rule|Evasion Moves Clause: Evasion moves are banned
|rule|Endless Battle Clause: Forcing endless battles is banned
|rule|HP Percentage Mod: HP is shown in percentages
|teampreview
|
|start
|switch|p1a: Garchomp|Garchomp, M|419\/419
|switch|p2a: Nidoking|Nidoking, M|303\/303
|turn|1
|
|switch|p2a: Mandibuzz|Mandibuzz, F|424\/424
|switch|p1a: Rotom-Wash|Rotom-Wash|303\/303
|
|turn|2
|
|switch|p2a: Umbreon|Umbreon, F|394\/394
|move|p1a: Rotom-Wash|Thunder Wave|p2a: Umbreon
|-status|p2a: Umbreon|par
|
|turn|3
|
|move|p1a: Rotom-Wash|Volt Switch|p2a: Umbreon
|-damage|p2a: Umbreon|336\/394 par
|
|switch|p1a: Keldeo-Resolute|Keldeo-Resolute|323\/323
|move|p2a: Umbreon|Toxic|p1a: Keldeo-Resolute
|-status|p1a: Keldeo-Resolute|tox
|
|-heal|p2a: Umbreon|360\/394 par|[from] item: Leftovers
|-damage|p1a: Keldeo-Resolute|303\/323 tox|[from] psn
|turn|4
|
|switch|p2a: Latias|Latias, F|301\/301
|move|p1a: Keldeo-Resolute|Icy Wind|p2a: Latias
|-supereffective|p2a: Latias
|-damage|p2a: Latias|166\/301
|-unboost|p2a: Latias|spe|1
|-damage|p1a: Keldeo-Resolute|271\/323 tox|[from] item: Life Orb
|
|-damage|p1a: Keldeo-Resolute|231\/323 tox|[from] psn
|turn|5
|
|switch|p1a: Rotom-Wash|Rotom-Wash|303\/303
|move|p2a: Latias|Psyshock|p1a: Rotom-Wash
|-damage|p1a: Rotom-Wash|139\/303
|-damage|p2a: Latias|136\/301|[from] item: Life Orb
|
|-heal|p1a: Rotom-Wash|157\/303|[from] item: Leftovers
|turn|6
|
|switch|p2a: Umbreon|Umbreon, F|360\/394 par
|switch|p1a: Metagross|Metagross|301\/301
|
|-heal|p2a: Umbreon|384\/394 par|[from] item: Leftovers
|turn|7
|
|detailschange|p1a: Metagross|Metagross-Mega
|-mega|p1a: Metagross|Metagross|Metagrossite
|move|p1a: Metagross|Earthquake|p2a: Umbreon
|-damage|p2a: Umbreon|257\/394 par
|move|p2a: Umbreon|Payback|p1a: Metagross
|-supereffective|p1a: Metagross
|-damage|p1a: Metagross|185\/301
|
|-heal|p2a: Umbreon|281\/394 par|[from] item: Leftovers
|turn|8
|c|âlukitomi|fu missclick -.-
|
|switch|p1a: Keldeo-Resolute|Keldeo-Resolute|231\/323 tox
|cant|p2a: Umbreon|par
|
|-heal|p2a: Umbreon|305\/394 par|[from] item: Leftovers
|-damage|p1a: Keldeo-Resolute|211\/323 tox|[from] psn
|turn|9
|
|move|p1a: Keldeo-Resolute|Secret Sword|p2a: Umbreon
|-supereffective|p2a: Umbreon
|-damage|p2a: Umbreon|0 fnt
|-damage|p1a: Keldeo-Resolute|179\/323 tox|[from] item: Life Orb
|faint|p2a: Umbreon
|
|-damage|p1a: Keldeo-Resolute|139\/323 tox|[from] psn
|
|switch|p2a: Latias|Latias, F|136\/301
|turn|10
|
|move|p2a: Latias|Psyshock|p1a: Keldeo-Resolute
|-crit|p1a: Keldeo-Resolute
|-supereffective|p1a: Keldeo-Resolute
|-damage|p1a: Keldeo-Resolute|0 fnt
|-damage|p2a: Latias|106\/301|[from] item: Life Orb
|faint|p1a: Keldeo-Resolute
|
|
|switch|p1a: Landorus-Therian|Landorus-Therian, M|319\/319
|-ability|p1a: Landorus-Therian|Intimidate|[of] p2a: Latias
|-unboost|p2a: Latias|atk|1
|turn|11
|
|switch|p2a: Mandibuzz|Mandibuzz, F|424\/424
|move|p1a: Landorus-Therian|U-turn|p2a: Mandibuzz
|-damage|p2a: Mandibuzz|353\/424
|
|switch|p1a: Thundurus|Thundurus, M|299\/299
|
|-heal|p2a: Mandibuzz|379\/424|[from] item: Leftovers
|turn|12
|
|move|p1a: Thundurus|Knock Off|p2a: Mandibuzz
|-resisted|p2a: Mandibuzz
|-damage|p2a: Mandibuzz|340\/424
|-enditem|p2a: Mandibuzz|Leftovers|[from] move: Knock Off|[of] p1a: Thundurus
|-damage|p1a: Thundurus|270\/299|[from] item: Life Orb
|move|p2a: Mandibuzz|Knock Off|p1a: Thundurus
|-damage|p1a: Thundurus|149\/299
|-enditem|p1a: Thundurus|Life Orb|[from] move: Knock Off|[of] p2a: Mandibuzz
|
|turn|13
|
|switch|p2a: Nidoking|Nidoking, M|303\/303
|move|p1a: Thundurus|Thunderbolt|p2a: Nidoking
|-immune|p2a: Nidoking|[msg]
|
|turn|14
|
|switch|p1a: Rotom-Wash|Rotom-Wash|157\/303
|move|p2a: Nidoking|Ice Beam|p1a: Rotom-Wash
|-resisted|p1a: Rotom-Wash
|-damage|p1a: Rotom-Wash|108\/303
|
|-heal|p1a: Rotom-Wash|126\/303|[from] item: Leftovers
|turn|15
|
|move|p2a: Nidoking|Sludge Wave|p1a: Rotom-Wash
|-crit|p1a: Rotom-Wash
|-damage|p1a: Rotom-Wash|0 fnt
|faint|p1a: Rotom-Wash
|
|
|switch|p1a: Metagross|Metagross-Mega|185\/301
|turn|16
|
|switch|p2a: Mandibuzz|Mandibuzz, F|340\/424
|move|p1a: Metagross|Zen Headbutt|p2a: Mandibuzz
|-immune|p2a: Mandibuzz|[msg]
|
|turn|17
|
|move|p1a: Metagross|Ice Punch|p2a: Mandibuzz
|-supereffective|p2a: Mandibuzz
|-damage|p2a: Mandibuzz|166\/424
|move|p2a: Mandibuzz|Foul Play|p1a: Metagross
|-supereffective|p1a: Metagross
|-damage|p1a: Metagross|0 fnt
|faint|p1a: Metagross
|
|c|âlukitomi|w8 u have foul and knock damyum
|
|switch|p1a: Landorus-Therian|Landorus-Therian, M|319\/319
|-ability|p1a: Landorus-Therian|Intimidate|[of] p2a: Mandibuzz
|-unboost|p2a: Mandibuzz|atk|1
|turn|18
|
|move|p1a: Landorus-Therian|Stone Edge|p2a: Mandibuzz
|-crit|p2a: Mandibuzz
|-supereffective|p2a: Mandibuzz
|-damage|p2a: Mandibuzz|0 fnt
|faint|p2a: Mandibuzz
|
|
|switch|p2a: Nidoking|Nidoking, M|303\/303
|turn|19
|c|âAimForWin|ya, it's for surprise lol
|
|switch|p1a: Thundurus|Thundurus, M|149\/299
|move|p2a: Nidoking|Ice Beam|p1a: Thundurus
|-supereffective|p1a: Thundurus
|-damage|p1a: Thundurus|0 fnt
|faint|p1a: Thundurus
|
|
|switch|p1a: Landorus-Therian|Landorus-Therian, M|319\/319
|-ability|p1a: Landorus-Therian|Intimidate|[of] p2a: Nidoking
|-unboost|p2a: Nidoking|atk|1
|turn|20
|
|move|p1a: Landorus-Therian|Earthquake|p2a: Nidoking
|-supereffective|p2a: Nidoking
|-damage|p2a: Nidoking|0 fnt
|faint|p2a: Nidoking
|
|
|switch|p2a: Latias|Latias, F|106\/301
|turn|21
|
|switch|p1a: Garchomp|Garchomp, M|419\/419
|move|p2a: Latias|Draco Meteor|p1a: Garchomp
|-supereffective|p1a: Garchomp
|-damage|p1a: Garchomp|0 fnt
|-unboost|p2a: Latias|spa|2
|-damage|p2a: Latias|76\/301|[from] item: Life Orb
|faint|p1a: Garchomp
|
|
|switch|p1a: Landorus-Therian|Landorus-Therian, M|319\/319
|-ability|p1a: Landorus-Therian|Intimidate|[of] p2a: Latias
|-unboost|p2a: Latias|atk|1
|turn|22
|
|move|p1a: Landorus-Therian|Stone Edge|p2a: Latias
|-damage|p2a: Latias|0 fnt
|faint|p2a: Latias
|
|
|switch|p2a: Victini|Victini|341\/341
|turn|23
|
|move|p2a: Victini|Glaciate|p1a: Landorus-Therian
|-supereffective|p1a: Landorus-Therian
|-damage|p1a: Landorus-Therian|51\/319
|-unboost|p1a: Landorus-Therian|spe|1
|move|p1a: Landorus-Therian|Stone Edge|p2a: Victini
|-supereffective|p2a: Victini
|-damage|p2a: Victini|39\/341
|
|turn|24
|c|âAimForWin|gg
|
|move|p2a: Victini|Glaciate|p1a: Landorus-Therian
|-supereffective|p1a: Landorus-Therian
|-damage|p1a: Landorus-Therian|0 fnt
|faint|p1a: Landorus-Therian
|
|win|AimForWin
|raw|Ladder updating...
|raw|lukitomi's rating: 1525 &rarr; <strong>1500<\/strong><br \/>(-25 for losing)
|raw|AimForWin's rating: 1439 &rarr; <strong>1464<\/strong><br \/>(+25 for winning)
|c|âlukitomi|gg
|leave|lukitomi
|player|p1