|join|Riazes
|join|Lukitomi
|player|p1|Riazes|169
|player|p2|Lukitomi|2
|gametype|singles
|gen|6
|tier|OU
|rated
|clearpoke
|poke|p1|Mamoswine, M
|poke|p1|Genesect, shiny
|poke|p1|Trevenant, F
|poke|p1|Mandibuzz, F
|poke|p1|Scizor, M
|poke|p1|Garchomp, F
|poke|p2|Greninja, M, shiny
|poke|p2|Aegislash, F
|poke|p2|Breloom, M
|poke|p2|Goodra, F
|poke|p2|Excadrill, M
|poke|p2|Mawile, M
|rule|Sleep Clause Mod: Limit one foe put to sleep
|rule|Species Clause: Limit one of each Pokemon
|rule|OHKO Clause: OHKO moves are banned
|rule|Moody Clause: Moody is banned
|rule|Evasion Moves Clause: Evasion moves are banned
|rule|Endless Battle Clause: Forcing endless battles is banned.
|rule|HP Percentage Mod: HP is reported as percentages
|teampreview
|callback|decision
|
|start
|switch|p1a: Mamoswine|Mamoswine, M|424\/424
|switch|p2a: Black*Star|Greninja, M, shiny|286\/286
|turn|1
|callback|decision
|
|-start|p2a: Black*Star|typechange|Water|[from] Protean
|move|p2a: Black*Star|Surf|p1a: Mamoswine
|-supereffective|p1a: Mamoswine
|-enditem|p1a: Mamoswine|Focus Sash
|-damage|p1a: Mamoswine|1\/424
|-damage|p2a: Black*Star|258\/286|[from] item: Life Orb
|move|p1a: Mamoswine|Freeze-Dry|p2a: Black*Star
|-crit|p2a: Black*Star
|-supereffective|p2a: Black*Star
|-damage|p2a: Black*Star|30\/286
|
|turn|2
|callback|decision
|
|move|p1a: Mamoswine|Ice Shard|p2a: Black*Star
|-resisted|p2a: Black*Star
|-damage|p2a: Black*Star|0 fnt
|faint|p2a: Black*Star
|
|callback|decision
|
|switch|p2a: The Babo|Breloom, M|262\/262
|turn|3
|callback|decision
|
|move|p2a: The Babo|Mach Punch|p1a: Mamoswine
|-supereffective|p1a: Mamoswine
|-damage|p1a: Mamoswine|0 fnt
|faint|p1a: Mamoswine
|
|callback|decision
|
|switch|p1a: Trevenant|Trevenant, F|374\/374
|turn|4
|callback|decision
|
|move|p2a: The Babo|Spore|p1a: Trevenant
|-fail|p1a: Trevenant
|move|p1a: Trevenant|Will-O-Wisp|p2a: The Babo
|-status|p2a: The Babo|brn
|
|-damage|p2a: The Babo|230\/262 brn|[from] brn
|turn|5
|callback|decision
|
|switch|p2a: Spooky|Goodra, F|384\/384
|move|p1a: Trevenant|Confuse Ray|p2a: Spooky
|-start|p2a: Spooky|confusion
|
|turn|6
|callback|decision
|chat|Lukitomi|im so bad
|
|-activate|p2a: Spooky|confusion
|move|p2a: Spooky|Flamethrower|p1a: Trevenant
|-supereffective|p1a: Trevenant
|-damage|p1a: Trevenant|218\/374
|move|p1a: Trevenant|Will-O-Wisp|p2a: Spooky
|-status|p2a: Spooky|brn
|
|-damage|p2a: Spooky|336\/384 brn|[from] brn
|turn|7
|callback|decision
|
|-activate|p2a: Spooky|confusion
|-damage|p2a: Spooky|318\/384 brn|[from] confusion
|move|p1a: Trevenant|Leech Seed|p2a: Spooky
|-start|p2a: Spooky|move: Leech Seed
|
|-damage|p2a: Spooky|270\/384 brn|[from] Leech Seed|[of] p1a: Trevenant
|-heal|p1a: Trevenant|266\/374|[silent]
|-damage|p2a: Spooky|222\/384 brn|[from] brn
|turn|8
|callback|decision
|
|-activate|p2a: Spooky|confusion
|-damage|p2a: Spooky|203\/384 brn|[from] confusion
|move|p1a: Trevenant|Horn Leech|p2a: Spooky
|-resisted|p2a: Spooky
|-damage|p2a: Spooky|134\/384 brn
|-heal|p1a: Trevenant|301\/374|[from] drain|[of] p2a: Spooky
|-unboost|p1a: Trevenant|spe|1|[from] ability: Gooey
|
|-damage|p2a: Spooky|86\/384 brn|[from] Leech Seed|[of] p1a: Trevenant
|-heal|p1a: Trevenant|349\/374|[silent]
|-damage|p2a: Spooky|38\/384 brn|[from] brn
|turn|9
|callback|decision
|
|-activate|p2a: Spooky|confusion
|move|p2a: Spooky|Rest|p2a: Spooky
|-status|p2a: Spooky|slp
|-heal|p2a: Spooky|384\/384 slp|[silent]
|-status|p2a: Spooky|slp|[from] move: Rest
|-enditem|p2a: Spooky|Chesto Berry|[eat]
|-curestatus|p2a: Spooky|slp
|move|p1a: Trevenant|Horn Leech|p2a: Spooky
|-crit|p2a: Spooky
|-resisted|p2a: Spooky
|-damage|p2a: Spooky|284\/384
|-heal|p1a: Trevenant|374\/374|[from] drain|[of] p2a: Spooky
|-unboost|p1a: Trevenant|spe|1|[from] ability: Gooey
|
|-damage|p2a: Spooky|236\/384|[from] Leech Seed|[of] p1a: Trevenant
|turn|10
|callback|decision
|
|switch|p2a: The Babo|Breloom, M|230\/262 brn
|move|p1a: Trevenant|Will-O-Wisp|p2a: The Babo|[miss]
|-miss|p1a: Trevenant|p2a: The Babo
|
|-damage|p2a: The Babo|198\/262 brn|[from] brn
|turn|11
|callback|decision
|
|move|p2a: The Babo|Bullet Seed|p1a: Trevenant
|-resisted|p1a: Trevenant
|-damage|p1a: Trevenant|350\/374
|-resisted|p1a: Trevenant
|-damage|p1a: Trevenant|326\/374
|-hitcount|p1a: Trevenant|2
|move|p1a: Trevenant|Confuse Ray|p2a: The Babo
|-start|p2a: The Babo|confusion
|
|-damage|p2a: The Babo|166\/262 brn|[from] brn
|turn|12
|callback|decision
|
|-activate|p2a: The Babo|confusion
|move|p2a: The Babo|Bullet Seed|p1a: Trevenant
|-resisted|p1a: Trevenant
|-damage|p1a: Trevenant|301\/374
|-resisted|p1a: Trevenant
|-damage|p1a: Trevenant|279\/374
|-resisted|p1a: Trevenant
|-damage|p1a: Trevenant|257\/374
|-resisted|p1a: Trevenant
|-damage|p1a: Trevenant|233\/374
|-hitcount|p1a: Trevenant|4
|move|p1a: Trevenant|Horn Leech|p2a: The Babo
|-resisted|p2a: The Babo
|-damage|p2a: The Babo|108\/262 brn
|-heal|p1a: Trevenant|262\/374|[from] drain|[of] p2a: The Babo
|
|-damage|p2a: The Babo|76\/262 brn|[from] brn
|turn|13
|callback|decision
|
|-activate|p2a: The Babo|confusion
|move|p2a: The Babo|Bullet Seed|p1a: Trevenant
|-resisted|p1a: Trevenant
|-damage|p1a: Trevenant|240\/374
|-resisted|p1a: Trevenant
|-damage|p1a: Trevenant|219\/374
|-resisted|p1a: Trevenant
|-damage|p1a: Trevenant|194\/374
|-hitcount|p1a: Trevenant|3
|move|p1a: Trevenant|Horn Leech|p2a: The Babo
|-resisted|p2a: The Babo
|-damage|p2a: The Babo|15\/262 brn
|-heal|p1a: Trevenant|225\/374|[from] drain|[of] p2a: The Babo
|
|-damage|p2a: The Babo|0 fnt|[from] brn
|faint|p2a: The Babo
|callback|decision
|
|switch|p2a: Exkalibur|Aegislash, F|296\/296
|turn|14
|callback|decision
|
|move|p2a: Exkalibur|Swords Dance|p2a: Exkalibur
|-boost|p2a: Exkalibur|atk|2
|move|p1a: Trevenant|Will-O-Wisp|p2a: Exkalibur
|-status|p2a: Exkalibur|brn
|
|-damage|p2a: Exkalibur|259\/296 brn|[from] brn
|turn|15
|callback|decision
|
|-formechange|p2a: Exkalibur|Aegislash-Blade
|move|p2a: Exkalibur|Shadow Sneak|p1a: Trevenant
|-supereffective|p1a: Trevenant
|-damage|p1a: Trevenant|0 fnt
|faint|p1a: Trevenant
|
|-heal|p2a: Exkalibur|277\/296 brn|[from] item: Leftovers
|-damage|p2a: Exkalibur|240\/296 brn|[from] brn
|callback|decision
|
|switch|p1a: Scizor|Scizor, M|344\/344
|turn|16
|callback|decision
|
|-formechange|p2a: Exkalibur|Aegislash
|move|p2a: Exkalibur|King's Shield|p2a: Exkalibur
|-singleturn|p2a: Exkalibur|Protect
|move|p1a: Scizor|Swords Dance|p1a: Scizor
|-boost|p1a: Scizor|atk|2
|
|-heal|p2a: Exkalibur|258\/296 brn|[from] item: Leftovers
|-damage|p2a: Exkalibur|221\/296 brn|[from] brn
|turn|17
|callback|decision
|
|-formechange|p2a: Exkalibur|Aegislash-Blade
|move|p2a: Exkalibur|Sacred Sword|p1a: Scizor
|-damage|p1a: Scizor|205\/344
|move|p1a: Scizor|Swords Dance|p1a: Scizor
|-boost|p1a: Scizor|atk|2
|
|-heal|p2a: Exkalibur|239\/296 brn|[from] item: Leftovers
|-damage|p2a: Exkalibur|202\/296 brn|[from] brn
|turn|18
|callback|decision
|
|move|p2a: Exkalibur|Sacred Sword|p1a: Scizor
|-damage|p1a: Scizor|72\/344
|move|p1a: Scizor|Swords Dance|p1a: Scizor
|-boost|p1a: Scizor|atk|2
|
|-heal|p2a: Exkalibur|220\/296 brn|[from] item: Leftovers
|-damage|p2a: Exkalibur|183\/296 brn|[from] brn
|turn|19
|callback|decision
|
|-formechange|p1a: Scizor|Scizor-Mega
|message|Scizor has Mega Evolved into Mega Scizor!
|move|p1a: Scizor|Bullet Punch|p2a: Exkalibur
|-resisted|p2a: Exkalibur
|-damage|p2a: Exkalibur|0 fnt
|faint|p2a: Exkalibur
|
|callback|decision
|
|switch|p2a: Cruncher|Mawile, M|242\/242
|-ability|p2a: Cruncher|Intimidate|[of] p1a: Scizor
|-unboost|p1a: Scizor|atk|1
|turn|20
|callback|decision
|
|-formechange|p2a: Cruncher|Mawile-Mega
|message|Mawile has Mega Evolved into Mega Mawile!
|move|p1a: Scizor|Bullet Punch|p2a: Cruncher
|-damage|p2a: Cruncher|0 fnt
|faint|p2a: Cruncher
|
|callback|decision
|
|switch|p2a: Spooky|Goodra, F|236\/384
|turn|21
|callback|decision
|
|move|p1a: Scizor|Bullet Punch|p2a: Spooky
|-damage|p2a: Spooky|0 fnt
|-unboost|p1a: Scizor|spe|1|[from] ability: Gooey
|faint|p2a: Spooky
|
|callback|decision
|chat|Riazes|gg
|
|switch|p2a: Slash|Excadrill, M|424\/424
|-ability|p2a: Slash|Mold Breaker
|-item|p2a: Slash|Air Balloon
|turn|22
|callback|decision
|
|move|p1a: Scizor|Bullet Punch|p2a: Slash
|-resisted|p2a: Slash
|-damage|p2a: Slash|67\/424
|-enditem|p2a: Slash|Air Balloon
|move|p2a: Slash|Earthquake|p1a: Scizor
|-damage|p1a: Scizor|0 fnt
|faint|p1a: Scizor
|
|callback|decision
|
|switch|p1a: Genesect|Genesect, shiny|283\/283
|-boost|p1a: Genesect|atk|1|[from] ability: Download
|turn|23
|callback|decision
|
|move|p1a: Genesect|Blaze Kick|p2a: Slash
|-crit|p2a: Slash
|-supereffective|p2a: Slash
|-damage|p2a: Slash|0 fnt
|faint|p2a: Slash
|
|win|Riazes
|raw|Ladder updating...
|raw|Riazes's rating: 1000 &rarr; <strong>1025<\/strong><br \/>(+25 for winning)
|raw|Lukitomi's rating: 1000 &rarr; <strong>1000<\/strong><br \/>(+0 for losing)