|join|FlyingSunray
|join|RevMasta
|player|p1|FlyingSunray|288
|player|p2|RevMasta|2
|gametype|singles
|gen|6
|tier|OU
|clearpoke
|poke|p1|Chesnaught, F
|poke|p1|Manectric, M
|poke|p1|Clefable, M
|poke|p1|Latias, F
|poke|p1|Heatran, M
|poke|p1|Landorus-Therian, M
|poke|p2|Greninja, F
|poke|p2|Altaria, M
|poke|p2|Azumarill, M
|poke|p2|Amoonguss, F
|poke|p2|Magnezone
|poke|p2|Infernape, F
|rule|Swagger Clause: Swagger is banned
|rule|Baton Pass Clause: Limit one PokÃ©mon knowing Baton Pass
|rule|Sleep Clause Mod: Limit one foe put to sleep
|rule|Species Clause: Limit one of each PokÃ©mon
|rule|OHKO Clause: OHKO moves are banned
|rule|Moody Clause: Moody is banned
|rule|Evasion Moves Clause: Evasion moves are banned
|rule|Endless Battle Clause: Forcing endless battles is banned
|rule|HP Percentage Mod: HP is shown in percentages
|teampreview
|c|âFlyingSunray|had a feeling u were bringing gren haha
|c|âRevMasta|lol
|c|âRevMasta|yeah he is my man man
|c|âRevMasta|he is been with me in almost all of my teams
|
|start
|switch|p1a: Lamb|Latias, F|319\/319
|switch|p2a: Infernape|Infernape, F|293\/293
|turn|1
|
|move|p2a: Infernape|Fake Out|p1a: Lamb
|-damage|p1a: Lamb|281\/319
|cant|p1a: Lamb|flinch
|
|turn|2
|
|switch|p2a: Azumarill|Azumarill, M|402\/402
|move|p1a: Lamb|Psyshock|p2a: Azumarill
|-damage|p2a: Azumarill|227\/402
|-damage|p1a: Lamb|250\/319|[from] item: Life Orb
|
|turn|3
|
|switch|p1a: Tag you're it|Landorus-Therian, M|354\/354
|-ability|p1a: Tag you're it|Intimidate|[of] p2a: Azumarill
|-unboost|p2a: Azumarill|atk|1
|move|p2a: Azumarill|Knock Off|p1a: Tag you're it
|-damage|p1a: Tag you're it|259\/354
|-enditem|p1a: Tag you're it|Choice Scarf|[from] move: Knock Off|[of] p2a: Azumarill
|
|turn|4
|
|switch|p2a: Altaria|Altaria, M|292\/292
|-ability|p2a: Altaria|Cloud Nine
|move|p1a: Tag you're it|U-turn|p2a: Altaria
|-crit|p2a: Altaria
|-resisted|p2a: Altaria
|-damage|p2a: Altaria|241\/292
|
|switch|p1a: Concentrate|Clefable, M|394\/394
|
|turn|5
|
|switch|p2a: Amoonguss|Amoonguss, F|390\/390
|move|p1a: Concentrate|Moonblast|p2a: Amoonguss
|-resisted|p2a: Amoonguss
|-damage|p2a: Amoonguss|327\/390
|-unboost|p2a: Amoonguss|spa|1
|
|-heal|p2a: Amoonguss|351\/390|[from] item: Black Sludge
|turn|6
|
|switch|p1a: Moocher|Chesnaught, F|380\/380
|move|p2a: Amoonguss|Spore|p1a: Moocher
|-fail|p1a: Moocher
|
|-heal|p2a: Amoonguss|375\/390|[from] item: Black Sludge
|turn|7
|
|move|p1a: Moocher|Spikes|p2a: Amoonguss
|-sidestart|p2: RevMasta|Spikes
|move|p2a: Amoonguss|Toxic|p1a: Moocher
|-status|p1a: Moocher|tox
|
|-heal|p2a: Amoonguss|390\/390|[from] item: Black Sludge
|-damage|p1a: Moocher|357\/380 tox|[from] psn
|turn|8
|
|switch|p2a: Infernape|Infernape, F|293\/293
|-damage|p2a: Infernape|257\/293|[from] Spikes
|move|p1a: Moocher|Spikes|p2a: Infernape
|-sidestart|p2: RevMasta|Spikes
|
|-heal|p1a: Moocher|380\/380 tox|[from] item: Leftovers
|-damage|p1a: Moocher|334\/380 tox|[from] psn
|turn|9
|
|switch|p1a: Lamb|Latias, F|250\/319
|move|p2a: Infernape|Stealth Rock|p1a: Lamb
|-sidestart|p1: FlyingSunray|move: Stealth Rock
|
|turn|10
|
|move|p1a: Lamb|Psyshock|p2a: Infernape
|-supereffective|p2a: Infernape
|-damage|p2a: Infernape|0 fnt
|-damage|p1a: Lamb|219\/319|[from] item: Life Orb
|faint|p2a: Infernape
|
|
|switch|p2a: Greninja|Greninja, F|285\/285
|-damage|p2a: Greninja|238\/285|[from] Spikes
|turn|11
|
|switch|p1a: Tag you're it|Landorus-Therian, M|259\/354
|-damage|p1a: Tag you're it|215\/354|[from] Stealth Rock
|-ability|p1a: Tag you're it|Intimidate|[of] p2a: Greninja
|-unboost|p2a: Greninja|atk|1
|move|p2a: Greninja|Ice Beam|p1a: Tag you're it
|-start|p2a: Greninja|typechange|Ice|[from] Protean
|-supereffective|p1a: Tag you're it
|-damage|p1a: Tag you're it|0 fnt
|-damage|p2a: Greninja|210\/285|[from] item: Life Orb
|faint|p1a: Tag you're it
|
|
|switch|p1a: Smack talk|Heatran, M|386\/386
|-damage|p1a: Smack talk|338\/386|[from] Stealth Rock
|turn|12
|
|switch|p2a: Azumarill|Azumarill, M|227\/402
|-damage|p2a: Azumarill|160\/402|[from] Spikes
|move|p1a: Smack talk|Lava Plume|p2a: Azumarill
|-resisted|p2a: Azumarill
|-damage|p2a: Azumarill|117\/402
|
|-heal|p1a: Smack talk|362\/386|[from] item: Leftovers
|turn|13
|
|move|p1a: Smack talk|Stealth Rock|p2a: Azumarill
|-sidestart|p2: RevMasta|move: Stealth Rock
|move|p2a: Azumarill|Play Rough|p1a: Smack talk
|-resisted|p1a: Smack talk
|-damage|p1a: Smack talk|312\/386
|
|-heal|p1a: Smack talk|336\/386|[from] item: Leftovers
|turn|14
|
|switch|p1a: Moocher|Chesnaught, F|334\/380 tox
|-damage|p1a: Moocher|311\/380 tox|[from] Stealth Rock
|move|p2a: Azumarill|Waterfall|p1a: Moocher
|-resisted|p1a: Moocher
|-damage|p1a: Moocher|257\/380 tox
|
|-heal|p1a: Moocher|280\/380 tox|[from] item: Leftovers
|-damage|p1a: Moocher|257\/380 tox|[from] psn
|turn|15
|
|move|p1a: Moocher|Leech Seed|p2a: Azumarill
|-start|p2a: Azumarill|move: Leech Seed
|move|p2a: Azumarill|Play Rough|p1a: Moocher
|-supereffective|p1a: Moocher
|-damage|p1a: Moocher|27\/380 tox
|-unboost|p1a: Moocher|atk|1
|
|-heal|p1a: Moocher|50\/380 tox|[from] item: Leftovers
|-damage|p2a: Azumarill|67\/402|[from] Leech Seed|[of] p1a: Moocher
|-heal|p1a: Moocher|100\/380 tox|[silent]
|-damage|p1a: Moocher|54\/380 tox|[from] psn
|turn|16
|
|switch|p2a: Altaria|Altaria, M|241\/292
|-damage|p2a: Altaria|168\/292|[from] Stealth Rock
|-ability|p2a: Altaria|Cloud Nine
|move|p1a: Moocher|Synthesis|p1a: Moocher
|-heal|p1a: Moocher|244\/380 tox
|
|-heal|p1a: Moocher|267\/380 tox|[from] item: Leftovers
|-damage|p1a: Moocher|198\/380 tox|[from] psn
|turn|17
|
|switch|p1a: Concentrate|Clefable, M|394\/394
|move|p2a: Altaria|Roost|p2a: Altaria
|-heal|p2a: Altaria|292\/292
|
|turn|18
|
|switch|p2a: Amoonguss|Amoonguss, F|390\/390
|-damage|p2a: Amoonguss|342\/390|[from] Stealth Rock
|-damage|p2a: Amoonguss|277\/390|[from] Spikes
|move|p1a: Concentrate|Moonblast|p2a: Amoonguss
|-resisted|p2a: Amoonguss
|-damage|p2a: Amoonguss|223\/390
|
|-heal|p2a: Amoonguss|247\/390|[from] item: Black Sludge
|turn|19
|
|switch|p1a: Moocher|Chesnaught, F|198\/380 tox
|-damage|p1a: Moocher|175\/380 tox|[from] Stealth Rock
|move|p2a: Amoonguss|Clear Smog|p1a: Moocher
|-supereffective|p1a: Moocher
|-damage|p1a: Moocher|19\/380 tox
|-clearboost|p1a: Moocher
|
|-heal|p1a: Moocher|42\/380 tox|[from] item: Leftovers
|-heal|p2a: Amoonguss|271\/390|[from] item: Black Sludge
|-damage|p1a: Moocher|19\/380 tox|[from] psn
|turn|20
|
|move|p1a: Moocher|Spikes|p2a: Amoonguss
|-sidestart|p2: RevMasta|Spikes
|move|p2a: Amoonguss|Clear Smog|p1a: Moocher
|-supereffective|p1a: Moocher
|-damage|p1a: Moocher|0 fnt
|-clearboost|p1a: Moocher
|faint|p1a: Moocher
|
|-heal|p2a: Amoonguss|295\/390|[from] item: Black Sludge
|
|switch|p1a: Tag you're it|Manectric, M|281\/281
|-damage|p1a: Tag you're it|246\/281|[from] Stealth Rock
|turn|21
|
|detailschange|p1a: Tag you're it|Manectric-Mega, M
|-mega|p1a: Tag you're it|Manectric|Manectite
|-ability|p1a: Tag you're it|Intimidate|[of] p2a: Amoonguss
|-unboost|p2a: Amoonguss|atk|1
|move|p1a: Tag you're it|Overheat|p2a: Amoonguss
|-supereffective|p2a: Amoonguss
|-damage|p2a: Amoonguss|0 fnt
|-unboost|p1a: Tag you're it|spa|2
|faint|p2a: Amoonguss
|
|
|switch|p2a: Altaria|Altaria, M|292\/292
|-damage|p2a: Altaria|219\/292|[from] Stealth Rock
|-ability|p2a: Altaria|Cloud Nine
|turn|22
|
|detailschange|p2a: Altaria|Altaria-Mega, M
|-mega|p2a: Altaria|Altaria|Altarianite
|move|p1a: Tag you're it|Volt Switch|p2a: Altaria
|-resisted|p2a: Altaria
|-damage|p2a: Altaria|186\/292
|
|switch|p1a: Concentrate|Clefable, M|394\/394
|move|p2a: Altaria|Hyper Voice|p1a: Concentrate
|-damage|p1a: Concentrate|250\/394
|
|-heal|p1a: Concentrate|274\/394|[from] item: Leftovers
|turn|23
|
|switch|p2a: Azumarill|Azumarill, M|67\/402
|-damage|p2a: Azumarill|17\/402|[from] Stealth Rock
|-damage|p2a: Azumarill|0 fnt|[from] Spikes
|faint|p2a: Azumarill
|move|p1a: Concentrate|Calm Mind|p1a: Concentrate
|-boost|p1a: Concentrate|spa|1
|-boost|p1a: Concentrate|spd|1
|
|-heal|p1a: Concentrate|298\/394|[from] item: Leftovers
|
|switch|p2a: Magnezone|Magnezone|281\/281
|-damage|p2a: Magnezone|211\/281|[from] Spikes
|-damage|p2a: Magnezone|194\/281|[from] Stealth Rock
|turn|24
|
|move|p2a: Magnezone|Flash Cannon|p1a: Concentrate
|-supereffective|p1a: Concentrate
|-damage|p1a: Concentrate|136\/394
|move|p1a: Concentrate|Soft-Boiled|p1a: Concentrate
|-heal|p1a: Concentrate|333\/394
|
|-heal|p1a: Concentrate|357\/394|[from] item: Leftovers
|turn|25
|
|move|p2a: Magnezone|Flash Cannon|p1a: Concentrate
|-supereffective|p1a: Concentrate
|-damage|p1a: Concentrate|187\/394
|move|p1a: Concentrate|Focus Blast|p2a: Magnezone|[miss]
|-miss|p1a: Concentrate|p2a: Magnezone
|
|-heal|p1a: Concentrate|211\/394|[from] item: Leftovers
|turn|26
|
|move|p2a: Magnezone|Flash Cannon|p1a: Concentrate
|-supereffective|p1a: Concentrate
|-damage|p1a: Concentrate|53\/394
|move|p1a: Concentrate|Soft-Boiled|p1a: Concentrate
|-heal|p1a: Concentrate|250\/394
|
|-heal|p1a: Concentrate|274\/394|[from] item: Leftovers
|turn|27
|
|move|p2a: Magnezone|Flash Cannon|p1a: Concentrate
|-supereffective|p1a: Concentrate
|-damage|p1a: Concentrate|98\/394
|move|p1a: Concentrate|Soft-Boiled|p1a: Concentrate
|-heal|p1a: Concentrate|295\/394
|
|-heal|p1a: Concentrate|319\/394|[from] item: Leftovers
|turn|28
|
|move|p2a: Magnezone|Flash Cannon|p1a: Concentrate
|-supereffective|p1a: Concentrate
|-damage|p1a: Concentrate|149\/394
|move|p1a: Concentrate|Calm Mind|p1a: Concentrate
|-boost|p1a: Concentrate|spa|1
|-boost|p1a: Concentrate|spd|1
|
|-heal|p1a: Concentrate|173\/394|[from] item: Leftovers
|turn|29
|
|move|p2a: Magnezone|Flash Cannon|p1a: Concentrate
|-supereffective|p1a: Concentrate
|-damage|p1a: Concentrate|57\/394
|move|p1a: Concentrate|Soft-Boiled|p1a: Concentrate
|-heal|p1a: Concentrate|254\/394
|
|-heal|p1a: Concentrate|278\/394|[from] item: Leftovers
|turn|30
|
|move|p2a: Magnezone|Flash Cannon|p1a: Concentrate
|-supereffective|p1a: Concentrate
|-damage|p1a: Concentrate|140\/394
|move|p1a: Concentrate|Soft-Boiled|p1a: Concentrate
|-heal|p1a: Concentrate|337\/394
|
|-heal|p1a: Concentrate|361\/394|[from] item: Leftovers
|turn|31
|
|move|p2a: Magnezone|Flash Cannon|p1a: Concentrate
|-supereffective|p1a: Concentrate
|-damage|p1a: Concentrate|235\/394
|move|p1a: Concentrate|Focus Blast|p2a: Magnezone
|-supereffective|p2a: Magnezone
|-damage|p2a: Magnezone|0 fnt
|faint|p2a: Magnezone
|
|-heal|p1a: Concentrate|259\/394|[from] item: Leftovers
|
|switch|p2a: Greninja|Greninja, F|210\/285
|-damage|p2a: Greninja|175\/285|[from] Stealth Rock
|-damage|p2a: Greninja|104\/285|[from] Spikes
|turn|32
|c|âFlyingSunray|i named it concentrate for good reason
|
|switch|p1a: Smack talk|Heatran, M|336\/386
|-damage|p1a: Smack talk|288\/386|[from] Stealth Rock
|move|p2a: Greninja|Gunk Shot|p1a: Smack talk
|-start|p2a: Greninja|typechange|Poison|[from] Protean
|-immune|p1a: Smack talk|[msg]
|
|-heal|p1a: Smack talk|312\/386|[from] item: Leftovers
|turn|33
|
|move|p2a: Greninja|Low Kick|p1a: Smack talk
|-start|p2a: Greninja|typechange|Fighting|[from] Protean
|-supereffective|p1a: Smack talk
|-damage|p1a: Smack talk|0 fnt
|-damage|p2a: Greninja|76\/285|[from] item: Life Orb
|faint|p1a: Smack talk
|
|
|switch|p1a: Tag you're it|Manectric-Mega, M|246\/281
|-damage|p1a: Tag you're it|211\/281|[from] Stealth Rock
|-ability|p1a: Tag you're it|Intimidate|[of] p2a: Greninja
|-unboost|p2a: Greninja|atk|1
|turn|34
|c|âRevMasta|gg
|
|move|p2a: Greninja|Gunk Shot|p1a: Tag you're it
|-start|p2a: Greninja|typechange|Poison|[from] Protean
|-damage|p1a: Tag you're it|42\/281
|-damage|p2a: Greninja|48\/285|[from] item: Life Orb
|move|p1a: Tag you're it|Thunderbolt|p2a: Greninja
|-damage|p2a: Greninja|0 fnt
|faint|p2a: Greninja
|
|
|switch|p2a: Altaria|Altaria-Mega, M|186\/292
|-damage|p2a: Altaria|113\/292|[from] Spikes
|-damage|p2a: Altaria|77\/292|[from] Stealth Rock
|turn|35
|c|âFlyingSunray|gg
|
|move|p1a: Tag you're it|Hidden Power|p2a: Altaria
|-supereffective|p2a: Altaria
|-damage|p2a: Altaria|0 fnt
|faint|p2a: Altaria
|
|win|FlyingSunray
|c|âFlyingSunray|its a good team
|c|âFlyingSunray|though that lack of defogging
|c|âRevMasta|you did some good plays
|c|âFlyingSunray|thanks i had to think knowing the smart guy u were
|c|âRevMasta|forgot what was your skill level