|join|FlyingSunray
|join|RodrigoAndrade7
|join|Shadow Poochyena
|join|Jack41
|player|p1|FlyingSunray|288
|player|p2|RodrigoAndrade7|290
|gametype|singles
|gen|6
|tier|OU
|clearpoke
|poke|p1|Tyranitar, M
|poke|p1|Excadrill, M
|poke|p1|Keldeo
|poke|p1|Charizard, M
|poke|p1|Dragonite, M
|poke|p1|Thundurus, M
|poke|p2|Thundurus-Therian, M
|poke|p2|Sableye, M
|poke|p2|Slowbro, F
|poke|p2|Entei, shiny
|poke|p2|Sylveon, M
|poke|p2|Kyurem-Black
|rule|Swagger Clause: Swagger is banned
|rule|Baton Pass Clause: Limit one PokÃ©mon knowing Baton Pass
|rule|Sleep Clause Mod: Limit one foe put to sleep
|rule|Species Clause: Limit one of each PokÃ©mon
|rule|OHKO Clause: OHKO moves are banned
|rule|Moody Clause: Moody is banned
|rule|Evasion Moves Clause: Evasion moves are banned
|rule|Endless Battle Clause: Forcing endless battles is banned
|rule|HP Percentage Mod: HP is shown in percentages
|teampreview
|
|start
|switch|p1a: Charizard|Charizard, M|298\/298
|switch|p2a: Doge|Entei, shiny|371\/371
|-ability|p2a: Doge|Pressure
|turn|1
|
|switch|p1a: Keldeo|Keldeo|323\/323
|move|p2a: Doge|Stone Edge|p1a: Keldeo
|-resisted|p1a: Keldeo
|-damage|p1a: Keldeo|235\/323
|-damage|p2a: Doge|334\/371|[from] item: Life Orb
|
|-heal|p1a: Keldeo|255\/323|[from] item: Leftovers
|turn|2
|
|switch|p2a: OMG It's me bro|Slowbro, F|394\/394
|move|p1a: Keldeo|Scald|p2a: OMG It's me bro
|-resisted|p2a: OMG It's me bro
|-damage|p2a: OMG It's me bro|307\/394
|
|-heal|p1a: Keldeo|275\/323|[from] item: Leftovers
|-heal|p2a: OMG It's me bro|331\/394|[from] item: Leftovers
|turn|3
|
|switch|p1a: Tyranitar|Tyranitar, M|342\/342
|-weather|Sandstorm
|move|p2a: OMG It's me bro|Toxic|p1a: Tyranitar
|-status|p1a: Tyranitar|tox
|
|-weather|Sandstorm|[upkeep]
|-damage|p2a: OMG It's me bro|307\/394|[from] sandstorm
|-heal|p2a: OMG It's me bro|331\/394|[from] item: Leftovers
|-damage|p1a: Tyranitar|321\/342 tox|[from] psn
|turn|4
|
|switch|p2a: I'm Shy|Sableye, M|303\/303
|move|p1a: Tyranitar|Stealth Rock|p2a: I'm Shy
|-sidestart|p2: RodrigoAndrade7|move: Stealth Rock
|
|-weather|Sandstorm|[upkeep]
|-damage|p2a: I'm Shy|285\/303|[from] sandstorm
|-damage|p1a: Tyranitar|279\/342 tox|[from] psn
|turn|5
|
|switch|p1a: Charizard|Charizard, M|298\/298
|move|p2a: I'm Shy|Calm Mind|p2a: I'm Shy
|-boost|p2a: I'm Shy|spa|1
|-boost|p2a: I'm Shy|spd|1
|
|-weather|Sandstorm|[upkeep]
|-damage|p1a: Charizard|280\/298|[from] sandstorm
|-damage|p2a: I'm Shy|267\/303|[from] sandstorm
|turn|6
|
|detailschange|p1a: Charizard|Charizard-Mega-Y, M
|-mega|p1a: Charizard|Charizard|Charizardite Y
|-weather|SunnyDay
|detailschange|p2a: I'm Shy|Sableye-Mega, M
|-mega|p2a: I'm Shy|Sableye|Sablenite
|move|p1a: Charizard|Fire Blast|p2a: I'm Shy
|-damage|p2a: I'm Shy|125\/303
|move|p2a: I'm Shy|Shadow Ball|p1a: Charizard
|-damage|p1a: Charizard|163\/298
|
|-weather|SunnyDay|[upkeep]
|turn|7
|
|move|p1a: Charizard|Fire Blast|p2a: I'm Shy
|-damage|p2a: I'm Shy|0 fnt
|faint|p2a: I'm Shy
|
|-weather|SunnyDay|[upkeep]
|
|switch|p2a: Fluffy Blue|Thundurus-Therian, M|298\/298
|-damage|p2a: Fluffy Blue|224\/298|[from] Stealth Rock
|turn|8
|
|switch|p1a: Excadrill|Excadrill, M|362\/362
|move|p2a: Fluffy Blue|Thunderbolt|p1a: Excadrill
|-immune|p1a: Excadrill|[msg]
|
|-weather|SunnyDay|[upkeep]
|-heal|p2a: Fluffy Blue|242\/298|[from] item: Leftovers
|turn|9
|
|switch|p1a: Keldeo|Keldeo|275\/323
|move|p2a: Fluffy Blue|Focus Blast|p1a: Keldeo
|-damage|p1a: Keldeo|119\/323
|
|-weather|SunnyDay|[upkeep]
|-heal|p1a: Keldeo|139\/323|[from] item: Leftovers
|-heal|p2a: Fluffy Blue|260\/298|[from] item: Leftovers
|turn|10
|
|switch|p2a: OMG It's me bro|Slowbro, F|394\/394
|-damage|p2a: OMG It's me bro|345\/394|[from] Stealth Rock
|move|p1a: Keldeo|Scald|p2a: OMG It's me bro
|-resisted|p2a: OMG It's me bro
|-damage|p2a: OMG It's me bro|301\/394
|
|-weather|none
|-heal|p1a: Keldeo|159\/323|[from] item: Leftovers
|-heal|p2a: OMG It's me bro|325\/394|[from] item: Leftovers
|turn|11
|
|switch|p1a: Thundurus|Thundurus, M|300\/300
|move|p2a: OMG It's me bro|Toxic|p1a: Thundurus
|-status|p1a: Thundurus|tox
|
|-heal|p2a: OMG It's me bro|349\/394|[from] item: Leftovers
|-damage|p1a: Thundurus|282\/300 tox|[from] psn
|turn|12
|
|switch|p2a: Doge|Entei, shiny|334\/371
|-damage|p2a: Doge|242\/371|[from] Stealth Rock
|-ability|p2a: Doge|Pressure
|move|p1a: Thundurus|Hidden Power|p2a: Doge
|-resisted|p2a: Doge
|-damage|p2a: Doge|186\/371
|-damage|p1a: Thundurus|252\/300 tox|[from] item: Life Orb
|
|-damage|p1a: Thundurus|216\/300 tox|[from] psn
|turn|13
|
|move|p2a: Doge|Extreme Speed|p1a: Thundurus
|-damage|p1a: Thundurus|47\/300 tox
|-damage|p2a: Doge|149\/371|[from] item: Life Orb
|move|p1a: Thundurus|Thunderbolt|p2a: Doge
|-damage|p2a: Doge|0 fnt
|-damage|p1a: Thundurus|17\/300 tox|[from] item: Life Orb
|faint|p2a: Doge
|
|-damage|p1a: Thundurus|0 fnt|[from] psn
|faint|p1a: Thundurus
|
|switch|p1a: Tyranitar|Tyranitar, M|279\/342 tox
|switch|p2a: Devouty|Sylveon, M|394\/394
|-weather|Sandstorm
|-damage|p2a: Devouty|345\/394|[from] Stealth Rock
|turn|14
|
|switch|p1a: Excadrill|Excadrill, M|362\/362
|move|p2a: Devouty|Hyper Voice|p1a: Excadrill
|-resisted|p1a: Excadrill
|-damage|p1a: Excadrill|257\/362
|
|-weather|Sandstorm|[upkeep]
|-damage|p2a: Devouty|321\/394|[from] sandstorm
|-heal|p2a: Devouty|345\/394|[from] item: Leftovers
|turn|15
|
|switch|p2a: OMG It's me bro|Slowbro, F|394\/394
|-damage|p2a: OMG It's me bro|345\/394|[from] Stealth Rock
|move|p1a: Excadrill|Earthquake|p2a: OMG It's me bro
|-damage|p2a: OMG It's me bro|170\/394
|-damage|p1a: Excadrill|221\/362|[from] item: Life Orb
|
|-weather|Sandstorm|[upkeep]
|-damage|p2a: OMG It's me bro|146\/394|[from] sandstorm
|-heal|p2a: OMG It's me bro|170\/394|[from] item: Leftovers
|turn|16
|
|switch|p1a: Keldeo|Keldeo|159\/323
|move|p2a: OMG It's me bro|Slack Off|p2a: OMG It's me bro
|-heal|p2a: OMG It's me bro|367\/394
|
|-weather|Sandstorm|[upkeep]
|-damage|p1a: Keldeo|139\/323|[from] sandstorm
|-damage|p2a: OMG It's me bro|343\/394|[from] sandstorm
|-heal|p1a: Keldeo|159\/323|[from] item: Leftovers
|-heal|p2a: OMG It's me bro|367\/394|[from] item: Leftovers
|turn|17
|
|move|p1a: Keldeo|Substitute|p1a: Keldeo
|-start|p1a: Keldeo|Substitute
|-damage|p1a: Keldeo|79\/323
|move|p2a: OMG It's me bro|Toxic|p1a: Keldeo
|
|-weather|Sandstorm|[upkeep]
|-damage|p1a: Keldeo|59\/323|[from] sandstorm
|-damage|p2a: OMG It's me bro|343\/394|[from] sandstorm
|-heal|p1a: Keldeo|79\/323|[from] item: Leftovers
|-heal|p2a: OMG It's me bro|367\/394|[from] item: Leftovers
|turn|18
|
|move|p1a: Keldeo|Calm Mind|p1a: Keldeo
|-boost|p1a: Keldeo|spa|1
|-boost|p1a: Keldeo|spd|1
|move|p2a: OMG It's me bro|Scald|p1a: Keldeo
|-resisted|p1a: Keldeo
|-activate|p1a: Keldeo|Substitute|[damage]
|
|-weather|Sandstorm|[upkeep]
|-damage|p1a: Keldeo|59\/323|[from] sandstorm
|-damage|p2a: OMG It's me bro|343\/394|[from] sandstorm
|-heal|p1a: Keldeo|79\/323|[from] item: Leftovers
|-heal|p2a: OMG It's me bro|367\/394|[from] item: Leftovers
|turn|19
|
|switch|p2a: Devouty|Sylveon, M|345\/394
|-damage|p2a: Devouty|296\/394|[from] Stealth Rock
|move|p1a: Keldeo|Scald|p2a: Devouty
|-damage|p2a: Devouty|172\/394
|
|-weather|Sandstorm|[upkeep]
|-damage|p1a: Keldeo|59\/323|[from] sandstorm
|-damage|p2a: Devouty|148\/394|[from] sandstorm
|-heal|p1a: Keldeo|79\/323|[from] item: Leftovers
|-heal|p2a: Devouty|172\/394|[from] item: Leftovers
|turn|20
|
|move|p1a: Keldeo|Scald|p2a: Devouty
|-damage|p2a: Devouty|40\/394
|move|p2a: Devouty|Hyper Voice|p1a: Keldeo
|-supereffective|p1a: Keldeo
|-damage|p1a: Keldeo|0 fnt
|faint|p1a: Keldeo
|
|-weather|Sandstorm|[upkeep]
|-damage|p2a: Devouty|16\/394|[from] sandstorm
|-heal|p2a: Devouty|40\/394|[from] item: Leftovers
|
|switch|p1a: Excadrill|Excadrill, M|221\/362
|turn|21
|
|move|p2a: Devouty|Protect|p2a: Devouty
|-singleturn|p2a: Devouty|Protect
|move|p1a: Excadrill|Iron Head|p2a: Devouty
|-activate|p2a: Devouty|Protect
|
|-weather|none
|-heal|p2a: Devouty|64\/394|[from] item: Leftovers
|turn|22
|
|switch|p2a: OMG It's me bro|Slowbro, F|394\/394
|-damage|p2a: OMG It's me bro|345\/394|[from] Stealth Rock
|move|p1a: Excadrill|Earthquake|p2a: OMG It's me bro
|-damage|p2a: OMG It's me bro|176\/394
|-damage|p1a: Excadrill|185\/362|[from] item: Life Orb
|
|-heal|p2a: OMG It's me bro|200\/394|[from] item: Leftovers
|turn|23
|
|switch|p1a: Tyranitar|Tyranitar, M|279\/342 tox
|-weather|Sandstorm
|move|p2a: OMG It's me bro|Slack Off|p2a: OMG It's me bro
|-heal|p2a: OMG It's me bro|394\/394
|
|-weather|Sandstorm|[upkeep]
|-damage|p2a: OMG It's me bro|370\/394|[from] sandstorm
|-heal|p2a: OMG It's me bro|394\/394|[from] item: Leftovers
|-damage|p1a: Tyranitar|258\/342 tox|[from] psn
|turn|24
|
|move|p1a: Tyranitar|Dark Pulse|p2a: OMG It's me bro
|-supereffective|p2a: OMG It's me bro
|-damage|p2a: OMG It's me bro|118\/394
|cant|p2a: OMG It's me bro|flinch
|
|-weather|Sandstorm|[upkeep]
|-damage|p2a: OMG It's me bro|94\/394|[from] sandstorm
|-heal|p2a: OMG It's me bro|118\/394|[from] item: Leftovers
|-damage|p1a: Tyranitar|216\/342 tox|[from] psn
|turn|25
|
|move|p1a: Tyranitar|Pursuit|p2a: OMG It's me bro|[from]Pursuit
|-supereffective|p2a: OMG It's me bro
|-damage|p2a: OMG It's me bro|0 fnt
|faint|p2a: OMG It's me bro
|
|-weather|Sandstorm|[upkeep]
|-damage|p1a: Tyranitar|153\/342 tox|[from] psn
|
|switch|p2a: Fluffy Blue|Thundurus-Therian, M|260\/298
|-damage|p2a: Fluffy Blue|186\/298|[from] Stealth Rock
|turn|26
|
|switch|p1a: Charizard|Charizard-Mega-Y, M|163\/298
|-weather|SunnyDay
|move|p2a: Fluffy Blue|Focus Blast|p1a: Charizard|[miss]
|-miss|p2a: Fluffy Blue|p1a: Charizard
|
|-weather|SunnyDay|[upkeep]
|-heal|p2a: Fluffy Blue|204\/298|[from] item: Leftovers
|turn|27
|
|switch|p1a: Dragonite|Dragonite, M|324\/324
|move|p2a: Fluffy Blue|Thunderbolt|p1a: Dragonite
|-damage|p1a: Dragonite|239\/324
|
|-weather|SunnyDay|[upkeep]
|-heal|p2a: Fluffy Blue|222\/298|[from] item: Leftovers
|turn|28
|
|switch|p2a: Devouty|Sylveon, M|64\/394
|-damage|p2a: Devouty|15\/394|[from] Stealth Rock
|move|p1a: Dragonite|Extreme Speed|p2a: Devouty
|-damage|p2a: Devouty|0 fnt
|faint|p2a: Devouty
|
|-weather|SunnyDay|[upkeep]
|
|switch|p2a: Frosty-B|Kyurem-Black|391\/391
|-damage|p2a: Frosty-B|294\/391|[from] Stealth Rock
|-ability|p2a: Frosty-B|Teravolt
|turn|29
|
|move|p1a: Dragonite|Extreme Speed|p2a: Frosty-B
|-damage|p2a: Frosty-B|185\/391
|move|p2a: Frosty-B|Outrage|p1a: Dragonite
|-supereffective|p1a: Dragonite
|-damage|p1a: Dragonite|0 fnt
|faint|p1a: Dragonite
|
|-weather|SunnyDay|[upkeep]
|
|switch|p1a: Tyranitar|Tyranitar, M|153\/342 tox
|-weather|Sandstorm
|turn|30
|
|move|p2a: Frosty-B|Outrage|p1a: Tyranitar
|-damage|p1a: Tyranitar|0 fnt
|faint|p1a: Tyranitar
|
|-weather|Sandstorm|[upkeep]
|-damage|p2a: Frosty-B|161\/391|[from] sandstorm
|
|switch|p1a: Excadrill|Excadrill, M|185\/362
|turn|31
|
|move|p1a: Excadrill|Iron Head|p2a: Frosty-B
|-supereffective|p2a: Frosty-B
|-damage|p2a: Frosty-B|0 fnt
|-damage|p1a: Excadrill|149\/362|[from] item: Life Orb
|faint|p2a: Frosty-B
|
|-weather|Sandstorm|[upkeep]
|
|switch|p2a: Fluffy Blue|Thundurus-Therian, M|222\/298
|-damage|p2a: Fluffy Blue|148\/298|[from] Stealth Rock
|turn|32
|
|move|p1a: Excadrill|Rock Slide|p2a: Fluffy Blue
|-supereffective|p2a: Fluffy Blue
|-damage|p2a: Fluffy Blue|0 fnt
|-damage|p1a: Excadrill|113\/362|[from] item: Life Orb
|faint|p2a: Fluffy Blue
|
|win|FlyingSunray
|c| Jack41|yay