|join|Ox the Box
|join|FlyingSunray
|join|Jack41
|c|âOx the Box|glhf
|player|p1|Ox the Box|201
|player|p2|FlyingSunray|288
|gametype|singles
|gen|6
|tier|OU
|clearpoke
|poke|p1|Metagross
|poke|p1|Keldeo
|poke|p1|Landorus, M, shiny
|poke|p1|Raikou
|poke|p1|Ferrothorn, F
|poke|p1|Latios, M
|poke|p2|Tyranitar, F
|poke|p2|Excadrill, F
|poke|p2|Keldeo
|poke|p2|Charizard, F
|poke|p2|Dragonite, M
|poke|p2|Thundurus, M
|rule|Swagger Clause: Swagger is banned
|rule|Baton Pass Clause: Limit one PokÃ©mon knowing Baton Pass
|rule|Sleep Clause Mod: Limit one foe put to sleep
|rule|Species Clause: Limit one of each PokÃ©mon
|rule|OHKO Clause: OHKO moves are banned
|rule|Moody Clause: Moody is banned
|rule|Evasion Moves Clause: Evasion moves are banned
|rule|Endless Battle Clause: Forcing endless battles is banned
|rule|HP Percentage Mod: HP is shown in percentages
|teampreview
|c|âFlyingSunray|Thank you too
|join|Shadow Poochyena
|join|dyyyyyyter
|
|start
|switch|p1a: Keldeo|Keldeo|323\/323
|switch|p2a: Charizard|Charizard, F|298\/298
|turn|1
|
|switch|p1a: Latios|Latios, M|301\/301
|detailschange|p2a: Charizard|Charizard-Mega-Y, F
|-mega|p2a: Charizard|Charizard|Charizardite Y
|-weather|SunnyDay
|move|p2a: Charizard|Substitute|p2a: Charizard
|-start|p2a: Charizard|Substitute
|-damage|p2a: Charizard|224\/298
|
|-weather|SunnyDay|[upkeep]
|turn|2
|
|move|p1a: Latios|Thunderbolt|p2a: Charizard
|-supereffective|p2a: Charizard
|-end|p2a: Charizard|Substitute
|-damage|p1a: Latios|271\/301|[from] item: Life Orb
|move|p2a: Charizard|Fire Blast|p1a: Latios
|-resisted|p1a: Latios
|-damage|p1a: Latios|121\/301
|
|-weather|SunnyDay|[upkeep]
|turn|3
|
|switch|p1a: Ferrothorn|Ferrothorn, F|352\/352
|switch|p2a: Tyranitar|Tyranitar, F|342\/342
|-weather|Sandstorm
|
|-weather|Sandstorm|[upkeep]
|turn|4
|
|move|p2a: Tyranitar|Fire Blast|p1a: Ferrothorn
|-supereffective|p1a: Ferrothorn
|-damage|p1a: Ferrothorn|0 fnt
|faint|p1a: Ferrothorn
|
|-weather|Sandstorm|[upkeep]
|c|âOx the Box|how much spa do u have
|c|âOx the Box|oml
|c|âFlyingSunray|max
|
|switch|p1a: Metagross|Metagross|301\/301
|turn|5
|c|âOx the Box|lol
|join|Snorlax's pillow
|c|âFlyingSunray|dont laugh at my tar set
|c|âFlyingSunray|Well
|c|âFlyingSunray|Technically my friends
|
|detailschange|p1a: Metagross|Metagross-Mega
|-mega|p1a: Metagross|Metagross|Metagrossite
|move|p1a: Metagross|Meteor Mash|p2a: Tyranitar
|-crit|p2a: Tyranitar
|-supereffective|p2a: Tyranitar
|-damage|p2a: Tyranitar|0 fnt
|faint|p2a: Tyranitar
|
|-weather|Sandstorm|[upkeep]
|c|âOx the Box|i needed ferro to win
|c|âOx the Box|:[
|
|switch|p2a: Excadrill|Excadrill, F|362\/362
|turn|6
|
|switch|p1a: Landorus|Landorus, M, shiny|333\/333
|move|p2a: Excadrill|Iron Head|p1a: Landorus
|-damage|p1a: Landorus|83\/333
|-damage|p2a: Excadrill|326\/362|[from] item: Life Orb
|
|-weather|Sandstorm|[upkeep]
|turn|7
|join|TheObsessed
|join|Lord Kuvira
|
|move|p2a: Excadrill|Rock Slide|p1a: Landorus
|-damage|p1a: Landorus|0 fnt
|-damage|p2a: Excadrill|290\/362|[from] item: Life Orb
|faint|p1a: Landorus
|
|-weather|Sandstorm|[upkeep]
|c|âOx the Box|and I needed this to win lo
|c|âOx the Box|idk why I went into it
|
|switch|p1a: Keldeo|Keldeo|323\/323
|turn|8
|
|move|p2a: Excadrill|Earthquake|p1a: Keldeo
|-damage|p1a: Keldeo|31\/323
|-damage|p2a: Excadrill|254\/362|[from] item: Life Orb
|move|p1a: Keldeo|Scald|p2a: Excadrill
|-supereffective|p2a: Excadrill
|-damage|p2a: Excadrill|0 fnt
|faint|p2a: Excadrill
|
|-weather|Sandstorm|[upkeep]
|-damage|p1a: Keldeo|11\/323|[from] sandstorm
|-heal|p1a: Keldeo|31\/323|[from] item: Leftovers
|join|Bulky Deoxys-A
|
|switch|p2a: Charizard|Charizard-Mega-Y, F|224\/298
|-weather|SunnyDay
|turn|9
|
|move|p1a: Keldeo|Scald|p2a: Charizard
|-supereffective|p2a: Charizard
|-damage|p2a: Charizard|90\/298
|move|p2a: Charizard|Substitute|p2a: Charizard
|-start|p2a: Charizard|Substitute
|-damage|p2a: Charizard|16\/298
|
|-weather|SunnyDay|[upkeep]
|-heal|p1a: Keldeo|51\/323|[from] item: Leftovers
|turn|10
|join|Sike2303
|
|move|p1a: Keldeo|Scald|p2a: Charizard
|-supereffective|p2a: Charizard
|-end|p2a: Charizard|Substitute
|move|p2a: Charizard|Fire Blast|p1a: Keldeo
|-resisted|p1a: Keldeo
|-damage|p1a: Keldeo|0 fnt
|faint|p1a: Keldeo
|
|-weather|SunnyDay|[upkeep]
|c|âFlyingSunray|glad i didnt miss
|c| Sike2303|immaback you ox
|
|switch|p1a: Metagross|Metagross-Mega|301\/301
|turn|11
|
|move|p1a: Metagross|Pursuit|p2a: Charizard
|-damage|p2a: Charizard|0 fnt
|faint|p2a: Charizard
|
|-weather|SunnyDay|[upkeep]
|
|switch|p2a: Dragonite|Dragonite, M|324\/324
|turn|12
|
|move|p1a: Metagross|Zen Headbutt|p2a: Dragonite
|-damage|p2a: Dragonite|208\/324
|move|p2a: Dragonite|Dragon Dance|p2a: Dragonite
|-boost|p2a: Dragonite|atk|1
|-boost|p2a: Dragonite|spe|1
|
|-weather|SunnyDay|[upkeep]
|turn|13
|c|âOx the Box|inb4 lives
|join|KevinHasNoChance
|c|âFlyingSunray|75% chance i tihkn
|
|move|p2a: Dragonite|Earthquake|p1a: Metagross
|-supereffective|p1a: Metagross
|-damage|p1a: Metagross|9\/301
|move|p1a: Metagross|Meteor Mash|p2a: Dragonite
|-damage|p2a: Dragonite|0 fnt
|faint|p2a: Dragonite
|
|-weather|none
|c|âOx the Box|:o
|
|switch|p2a: Thundurus|Thundurus, M|300\/300
|turn|14
|join|Flan76
|join|Gizmo
|
|switch|p1a: Raikou|Raikou|321\/321
|-ability|p1a: Raikou|Pressure
|move|p2a: Thundurus|Thunderbolt|p1a: Raikou
|-resisted|p1a: Raikou
|-damage|p1a: Raikou|257\/321
|-damage|p2a: Thundurus|270\/300|[from] item: Life Orb
|
|turn|15
|c|âFlyingSunray|gg
|leave|dyyyyyyter
|
|move|p1a: Raikou|Thunderbolt|p2a: Thundurus
|-damage|p2a: Thundurus|104\/300
|move|p2a: Thundurus|Focus Blast|p1a: Raikou
|-damage|p1a: Raikou|143\/321
|-damage|p2a: Thundurus|74\/300|[from] item: Life Orb
|
|turn|16
|c|âOx the Box|gg
|
|move|p1a: Raikou|Thunderbolt|p2a: Thundurus
|-damage|p2a: Thundurus|0 fnt
|faint|p2a: Thundurus
|
|
|switch|p2a: Keldeo|Keldeo|323\/323
|turn|17
|join|gobosox
|
|move|p1a: Raikou|Thunderbolt|p2a: Keldeo
|-supereffective|p2a: Keldeo
|-damage|p2a: Keldeo|17\/323
|move|p2a: Keldeo|Secret Sword|p1a: Raikou
|-damage|p1a: Raikou|0 fnt
|faint|p1a: Raikou
|
|-heal|p2a: Keldeo|37\/323|[from] item: Leftovers
|leave|gobosox
|
|switch|p1a: Metagross|Metagross-Mega|9\/301
|turn|18
|c| Jack41|gg
|
|move|p1a: Metagross|Pursuit|p2a: Keldeo
|-resisted|p2a: Keldeo
|-damage|p2a: Keldeo|1\/323
|-boost|p2a: Keldeo|atk|1|[from] ability: Justified
|move|p2a: Keldeo|Scald|p1a: Metagross
|-damage|p1a: Metagross|0 fnt
|faint|p1a: Metagross
|
|-heal|p2a: Keldeo|21\/323|[from] item: Leftovers
|c|âFlyingSunray|lel
|c| Snorlax's pillow|lol
|c|âOx the Box|0
|
|switch|p1a: Latios|Latios, M|121\/301
|turn|19
|join|Flying frog
|
|move|p1a: Latios|Psyshock|p2a: Keldeo
|-supereffective|p2a: Keldeo
|-damage|p2a: Keldeo|0 fnt
|-damage|p1a: Latios|91\/301|[from] item: Life Orb
|faint|p2a: Keldeo
|
|win|Ox the Box