|join|Puckhead
|join|FlyingSunray
|player|p1|Puckhead|265
|player|p2|FlyingSunray|288
|gametype|singles
|gen|6
|tier|OU
|rated
|clearpoke
|poke|p1|Venusaur, F
|poke|p1|Clefable, M
|poke|p1|Starmie
|poke|p1|Landorus, M
|poke|p1|Heatran, F
|poke|p1|Gliscor, F
|poke|p2|Bisharp, M
|poke|p2|Gallade, M
|poke|p2|Breloom, M
|poke|p2|Latios, M
|poke|p2|Manaphy
|poke|p2|Landorus-Therian, M
|rule|Swagger Clause: Swagger is banned
|rule|Baton Pass Clause: Limit one PokÃ©mon knowing Baton Pass
|rule|Sleep Clause Mod: Limit one foe put to sleep
|rule|Species Clause: Limit one of each PokÃ©mon
|rule|OHKO Clause: OHKO moves are banned
|rule|Moody Clause: Moody is banned
|rule|Evasion Moves Clause: Evasion moves are banned
|rule|Endless Battle Clause: Forcing endless battles is banned
|rule|HP Percentage Mod: HP is shown in percentages
|teampreview
|
|start
|switch|p1a: Venusaur|Venusaur, F|359\/359
|switch|p2a: Gallade|Gallade, M|277\/277
|turn|1
|
|switch|p1a: Gliscor|Gliscor, F|353\/353
|detailschange|p2a: Gallade|Gallade-Mega, M
|-mega|p2a: Gallade|Gallade|Galladite
|move|p2a: Gallade|Zen Headbutt|p1a: Gliscor
|-damage|p1a: Gliscor|233\/353
|
|-status|p1a: Gliscor|tox|[from] item: Toxic Orb
|turn|2
|
|switch|p2a: Manaphy|Manaphy|365\/365
|move|p1a: Gliscor|Knock Off|p2a: Manaphy
|-damage|p2a: Manaphy|287\/365
|-enditem|p2a: Manaphy|Leftovers|[from] move: Knock Off|[of] p1a: Gliscor
|
|-heal|p1a: Gliscor|277\/353 tox|[from] ability: Poison Heal
|turn|3
|
|switch|p1a: Starmie|Starmie|323\/323
|move|p2a: Manaphy|Scald|p1a: Starmie
|-resisted|p1a: Starmie
|-damage|p1a: Starmie|252\/323
|
|-heal|p1a: Starmie|272\/323|[from] item: Leftovers
|turn|4
|
|switch|p1a: Venusaur|Venusaur, F|359\/359
|switch|p2a: Latios|Latios, M|301\/301
|
|turn|5
|
|switch|p1a: Clefable|Clefable, M|394\/394
|move|p2a: Latios|Draco Meteor|p1a: Clefable
|-immune|p1a: Clefable|[msg]
|
|turn|6
|
|switch|p2a: Landorus-Therian|Landorus-Therian, M|361\/361
|-ability|p2a: Landorus-Therian|Intimidate|[of] p1a: Clefable
|-unboost|p1a: Clefable|atk|1
|move|p1a: Clefable|Fire Blast|p2a: Landorus-Therian
|-damage|p2a: Landorus-Therian|260\/361
|-status|p2a: Landorus-Therian|brn
|
|-heal|p2a: Landorus-Therian|282\/361 brn|[from] item: Leftovers
|-damage|p2a: Landorus-Therian|237\/361 brn|[from] brn
|turn|7
|
|move|p2a: Landorus-Therian|Stealth Rock|p1a: Clefable
|-sidestart|p1: Puckhead|move: Stealth Rock
|move|p1a: Clefable|Calm Mind|p1a: Clefable
|-boost|p1a: Clefable|spa|1
|-boost|p1a: Clefable|spd|1
|
|-heal|p2a: Landorus-Therian|259\/361 brn|[from] item: Leftovers
|-damage|p2a: Landorus-Therian|214\/361 brn|[from] brn
|turn|8
|
|move|p2a: Landorus-Therian|U-turn|p1a: Clefable
|-crit|p1a: Clefable
|-resisted|p1a: Clefable
|-damage|p1a: Clefable|371\/394
|
|switch|p2a: Manaphy|Manaphy|287\/365
|move|p1a: Clefable|Moonblast|p2a: Manaphy
|-damage|p2a: Manaphy|140\/365
|
|-heal|p1a: Clefable|394\/394|[from] item: Leftovers
|turn|9
|
|move|p2a: Manaphy|Tail Glow|p2a: Manaphy
|-boost|p2a: Manaphy|spa|3
|move|p1a: Clefable|Moonblast|p2a: Manaphy
|-damage|p2a: Manaphy|0 fnt
|faint|p2a: Manaphy
|
|
|switch|p2a: Breloom|Breloom, M|261\/261
|turn|10
|join|jack41
|
|switch|p2a: Gallade|Gallade-Mega, M|277\/277
|switch|p1a: Venusaur|Venusaur, F|359\/359
|-damage|p1a: Venusaur|315\/359|[from] Stealth Rock
|
|turn|11
|
|switch|p1a: Gliscor|Gliscor, F|277\/353 tox
|-damage|p1a: Gliscor|233\/353 tox|[from] Stealth Rock
|move|p2a: Gallade|Swords Dance|p2a: Gallade
|-boost|p2a: Gallade|atk|2
|
|-heal|p1a: Gliscor|277\/353 tox|[from] ability: Poison Heal
|turn|12
|
|move|p2a: Gallade|Zen Headbutt|p1a: Gliscor
|-damage|p1a: Gliscor|13\/353 tox
|move|p1a: Gliscor|Earthquake|p2a: Gallade
|-damage|p2a: Gallade|163\/277
|
|-heal|p1a: Gliscor|57\/353 tox|[from] ability: Poison Heal
|turn|13
|
|move|p2a: Gallade|Knock Off|p1a: Gliscor
|-damage|p1a: Gliscor|0 fnt
|-enditem|p1a: Gliscor|Toxic Orb|[from] move: Knock Off|[of] p2a: Gallade
|faint|p1a: Gliscor
|
|
|switch|p1a: Clefable|Clefable, M|394\/394
|turn|14
|
|switch|p2a: Landorus-Therian|Landorus-Therian, M|214\/361 brn
|-ability|p2a: Landorus-Therian|Intimidate|[of] p1a: Clefable
|-unboost|p1a: Clefable|atk|1
|move|p1a: Clefable|Moonblast|p2a: Landorus-Therian
|-damage|p2a: Landorus-Therian|96\/361 brn
|
|-heal|p2a: Landorus-Therian|118\/361 brn|[from] item: Leftovers
|-damage|p2a: Landorus-Therian|73\/361 brn|[from] brn
|turn|15
|
|move|p2a: Landorus-Therian|U-turn|p1a: Clefable
|-resisted|p1a: Clefable
|-damage|p1a: Clefable|378\/394
|
|switch|p2a: Breloom|Breloom, M|261\/261
|move|p1a: Clefable|Fire Blast|p2a: Breloom
|-supereffective|p2a: Breloom
|-damage|p2a: Breloom|33\/261
|
|-heal|p1a: Clefable|394\/394|[from] item: Leftovers
|turn|16
|
|switch|p1a: Starmie|Starmie|272\/323
|-damage|p1a: Starmie|232\/323|[from] Stealth Rock
|move|p2a: Breloom|Rock Tomb|p1a: Starmie
|-damage|p1a: Starmie|109\/323
|-unboost|p1a: Starmie|spe|1
|
|-heal|p1a: Starmie|129\/323|[from] item: Leftovers
|turn|17
|
|switch|p1a: Venusaur|Venusaur, F|315\/359
|-damage|p1a: Venusaur|271\/359|[from] Stealth Rock
|move|p2a: Breloom|Rock Tomb|p1a: Venusaur
|-damage|p1a: Venusaur|140\/359
|-unboost|p1a: Venusaur|spe|1
|
|turn|18
|
|switch|p2a: Gallade|Gallade-Mega, M|163\/277
|detailschange|p1a: Venusaur|Venusaur-Mega, F
|-mega|p1a: Venusaur|Venusaur|Venusaurite
|move|p1a: Venusaur|Synthesis|p1a: Venusaur
|-heal|p1a: Venusaur|319\/359
|
|turn|19
|
|switch|p1a: Starmie|Starmie|129\/323
|-damage|p1a: Starmie|89\/323|[from] Stealth Rock
|move|p2a: Gallade|Zen Headbutt|p1a: Starmie
|-resisted|p1a: Starmie
|-damage|p1a: Starmie|0 fnt
|faint|p1a: Starmie
|
|
|switch|p1a: Landorus|Landorus, M|319\/319
|-damage|p1a: Landorus|280\/319|[from] Stealth Rock
|turn|20
|
|switch|p2a: Landorus-Therian|Landorus-Therian, M|73\/361 brn
|-ability|p2a: Landorus-Therian|Intimidate|[of] p1a: Landorus
|-unboost|p1a: Landorus|atk|1
|move|p1a: Landorus|Earth Power|p2a: Landorus-Therian
|-immune|p2a: Landorus-Therian|[msg]
|
|-heal|p2a: Landorus-Therian|95\/361 brn|[from] item: Leftovers
|-damage|p2a: Landorus-Therian|50\/361 brn|[from] brn
|turn|21
|
|move|p1a: Landorus|Psychic|p2a: Landorus-Therian
|-damage|p2a: Landorus-Therian|0 fnt
|faint|p2a: Landorus-Therian
|
|
|switch|p2a: Latios|Latios, M|301\/301
|turn|22
|
|switch|p2a: Breloom|Breloom, M|33\/261
|switch|p1a: Heatran|Heatran, F|386\/386
|-damage|p1a: Heatran|338\/386|[from] Stealth Rock
|
|-heal|p1a: Heatran|362\/386|[from] item: Leftovers
|turn|23
|
|move|p2a: Breloom|Spore|p1a: Heatran
|-status|p1a: Heatran|slp
|cant|p1a: Heatran|slp
|
|-heal|p1a: Heatran|386\/386 slp|[from] item: Leftovers
|turn|24
|
|switch|p1a: Clefable|Clefable, M|394\/394
|move|p2a: Breloom|Rock Tomb|p1a: Clefable
|-damage|p1a: Clefable|304\/394
|-unboost|p1a: Clefable|spe|1
|
|-heal|p1a: Clefable|328\/394|[from] item: Leftovers
|turn|25
|
|move|p2a: Breloom|Bullet Seed|p1a: Clefable
|-damage|p1a: Clefable|267\/394
|-damage|p1a: Clefable|213\/394
|-damage|p1a: Clefable|156\/394
|-damage|p1a: Clefable|96\/394
|-hitcount|p1a: Clefable|4
|move|p1a: Clefable|Calm Mind|p1a: Clefable
|-boost|p1a: Clefable|spa|1
|-boost|p1a: Clefable|spd|1
|
|-heal|p1a: Clefable|120\/394|[from] item: Leftovers
|turn|26
|c|âPuckhead|holy shit
|
|switch|p1a: Venusaur|Venusaur-Mega, F|319\/359
|-damage|p1a: Venusaur|275\/359|[from] Stealth Rock
|move|p2a: Breloom|Bullet Seed|p1a: Venusaur
|-resisted|p1a: Venusaur
|-damage|p1a: Venusaur|262\/359
|-resisted|p1a: Venusaur
|-damage|p1a: Venusaur|247\/359
|-resisted|p1a: Venusaur
|-damage|p1a: Venusaur|234\/359
|-hitcount|p1a: Venusaur|3
|
|turn|27
|
|move|p2a: Breloom|Rock Tomb|p1a: Venusaur
|-damage|p1a: Venusaur|144\/359
|-unboost|p1a: Venusaur|spe|1
|move|p1a: Venusaur|Sludge Bomb|p2a: Breloom
|-supereffective|p2a: Breloom
|-damage|p2a: Breloom|0 fnt
|faint|p2a: Breloom
|
|
|switch|p2a: Gallade|Gallade-Mega, M|163\/277
|turn|28
|
|move|p2a: Gallade|Zen Headbutt|p1a: Venusaur
|-supereffective|p1a: Venusaur
|-damage|p1a: Venusaur|0 fnt
|faint|p1a: Venusaur
|
|
|switch|p1a: Landorus|Landorus, M|280\/319
|-damage|p1a: Landorus|241\/319|[from] Stealth Rock
|turn|29
|
|switch|p2a: Latios|Latios, M|301\/301
|move|p1a: Landorus|Psychic|p2a: Latios
|-resisted|p2a: Latios
|-damage|p2a: Latios|222\/301
|
|turn|30
|
|switch|p1a: Heatran|Heatran, F|386\/386 slp
|-damage|p1a: Heatran|338\/386 slp|[from] Stealth Rock
|move|p2a: Latios|Draco Meteor|p1a: Heatran
|-resisted|p1a: Heatran
|-damage|p1a: Heatran|237\/386 slp
|-unboost|p2a: Latios|spa|2
|-damage|p2a: Latios|192\/301|[from] item: Life Orb
|
|-heal|p1a: Heatran|261\/386 slp|[from] item: Leftovers
|turn|31
|
|switch|p2a: Bisharp|Bisharp, M|271\/271
|cant|p1a: Heatran|slp
|
|-heal|p1a: Heatran|285\/386 slp|[from] item: Leftovers
|turn|32
|
|move|p2a: Bisharp|Knock Off|p1a: Heatran
|-damage|p1a: Heatran|54\/386 slp
|-enditem|p1a: Heatran|Leftovers|[from] move: Knock Off|[of] p2a: Bisharp
|-damage|p2a: Bisharp|244\/271|[from] item: Life Orb
|-curestatus|p1a: Heatran|slp
|move|p1a: Heatran|Lava Plume|p2a: Bisharp
|-supereffective|p2a: Bisharp
|-damage|p2a: Bisharp|0 fnt
|faint|p2a: Bisharp
|
|c|âFlyingSunray|well
|c|âFlyingSunray|that was poorly played
|
|switch|p2a: Latios|Latios, M|192\/301
|turn|33
|
|move|p2a: Latios|Earthquake|p1a: Heatran
|-supereffective|p1a: Heatran
|-damage|p1a: Heatran|0 fnt
|-damage|p2a: Latios|162\/301|[from] item: Life Orb
|faint|p1a: Heatran
|
|
|switch|p1a: Landorus|Landorus, M|241\/319
|-damage|p1a: Landorus|202\/319|[from] Stealth Rock
|turn|34
|
|move|p2a: Latios|Draco Meteor|p1a: Landorus
|-damage|p1a: Landorus|0 fnt
|-unboost|p2a: Latios|spa|2
|-damage|p2a: Latios|132\/301|[from] item: Life Orb
|faint|p1a: Landorus
|
|
|switch|p1a: Clefable|Clefable, M|120\/394
|turn|35
|
|move|p2a: Latios|Earthquake|p1a: Clefable
|-damage|p1a: Clefable|51\/394
|-damage|p2a: Latios|102\/301|[from] item: Life Orb
|move|p1a: Clefable|Soft-Boiled|p1a: Clefable
|-heal|p1a: Clefable|248\/394
|
|-heal|p1a: Clefable|272\/394|[from] item: Leftovers
|turn|36
|
|switch|p2a: Gallade|Gallade-Mega, M|163\/277
|move|p1a: Clefable|Soft-Boiled|p1a: Clefable
|-heal|p1a: Clefable|394\/394
|
|turn|37
|
|move|p2a: Gallade|Zen Headbutt|p1a: Clefable
|-damage|p1a: Clefable|235\/394
|move|p1a: Clefable|Moonblast|p2a: Gallade
|-supereffective|p2a: Gallade
|-damage|p2a: Gallade|0 fnt
|faint|p2a: Gallade
|
|-heal|p1a: Clefable|259\/394|[from] item: Leftovers
|c|âFlyingSunray|gg
|
|switch|p2a: Latios|Latios, M|102\/301
|turn|38
|c|âPuckhead|gg
|
|move|p2a: Latios|Thunderbolt|p1a: Clefable
|-crit|p1a: Clefable
|-damage|p1a: Clefable|37\/394
|-damage|p2a: Latios|72\/301|[from] item: Life Orb
|move|p1a: Clefable|Moonblast|p2a: Latios
|-supereffective|p2a: Latios
|-damage|p2a: Latios|0 fnt
|faint|p2a: Latios
|
|win|Puckhead
|raw|Ladder updating...
|raw|Puckhead's rating: 1576 &rarr; <strong>1591<\/strong><br \/>(+15 for winning)
|raw|FlyingSunray's rating: 1494 &rarr; <strong>1478<\/strong><br \/>(-16 for losing)