|join|terry41
|join|FlyingSunray
|player|p1|terry41|17
|player|p2|FlyingSunray|288
|gametype|singles
|gen|6
|tier|OU
|clearpoke
|poke|p1|Mandibuzz, F
|poke|p1|Azumarill, M
|poke|p1|Charizard, M, shiny
|poke|p1|Heatran, M
|poke|p1|Gengar, M, shiny
|poke|p1|Landorus-Therian, M
|poke|p2|Politoed, F
|poke|p2|Swampert, F
|poke|p2|Kingdra, M
|poke|p2|Omastar, M
|poke|p2|Klefki, M
|poke|p2|Tornadus-Therian, M
|rule|Swagger Clause: Swagger is banned
|rule|Baton Pass Clause: Limit one PokÃ©mon knowing Baton Pass
|rule|Sleep Clause Mod: Limit one foe put to sleep
|rule|Species Clause: Limit one of each PokÃ©mon
|rule|OHKO Clause: OHKO moves are banned
|rule|Moody Clause: Moody is banned
|rule|Evasion Moves Clause: Evasion moves are banned
|rule|Endless Battle Clause: Forcing endless battles is banned
|rule|HP Percentage Mod: HP is shown in percentages
|teampreview
|c|âterry41|i wanted too my sceptile teambut aparently it isnt here
|
|start
|switch|p1a: Heatran|Heatran, M|386\/386
|switch|p2a: Politoed|Politoed, F|383\/383
|-weather|RainDance
|turn|1
|
|move|p1a: Heatran|Stealth Rock|p2a: Politoed
|-sidestart|p2: FlyingSunray|move: Stealth Rock
|move|p2a: Politoed|Scald|p1a: Heatran
|-supereffective|p1a: Heatran
|-damage|p1a: Heatran|216\/386
|
|-weather|RainDance|[upkeep]
|-heal|p1a: Heatran|240\/386|[from] item: Leftovers
|turn|2
|
|move|p1a: Heatran|Toxic|p2a: Politoed
|-status|p2a: Politoed|tox
|move|p2a: Politoed|Scald|p1a: Heatran
|-supereffective|p1a: Heatran
|-damage|p1a: Heatran|76\/386
|
|-weather|RainDance|[upkeep]
|-heal|p1a: Heatran|100\/386|[from] item: Leftovers
|-damage|p2a: Politoed|360\/383 tox|[from] psn
|turn|3
|
|move|p1a: Heatran|Protect|p1a: Heatran
|-singleturn|p1a: Heatran|Protect
|move|p2a: Politoed|Scald|p1a: Heatran
|-activate|p1a: Heatran|Protect
|
|-weather|RainDance|[upkeep]
|-heal|p1a: Heatran|124\/386|[from] item: Leftovers
|-damage|p2a: Politoed|314\/383 tox|[from] psn
|turn|4
|
|move|p1a: Heatran|Lava Plume|p2a: Politoed
|-resisted|p2a: Politoed
|-damage|p2a: Politoed|292\/383 tox
|move|p2a: Politoed|Scald|p1a: Heatran
|-supereffective|p1a: Heatran
|-damage|p1a: Heatran|0 fnt
|faint|p1a: Heatran
|
|-weather|RainDance|[upkeep]
|-damage|p2a: Politoed|223\/383 tox|[from] psn
|
|switch|p1a: Gengar|Gengar, M, shiny|261\/261
|turn|5
|
|switch|p2a: Tornadus-Therian|Tornadus-Therian, M|341\/341
|-damage|p2a: Tornadus-Therian|256\/341|[from] Stealth Rock
|move|p1a: Gengar|Shadow Ball|p2a: Tornadus-Therian
|-damage|p2a: Tornadus-Therian|146\/341
|-damage|p1a: Gengar|235\/261|[from] item: Life Orb
|
|-weather|RainDance|[upkeep]
|turn|6
|c|âFlyingSunray|glad u brought a gar team
|c|âFlyingSunray|i wondered how i would fair against gar
|
|switch|p1a: Azumarill|Azumarill, M|398\/398
|move|p2a: Tornadus-Therian|Knock Off|p1a: Azumarill
|-resisted|p1a: Azumarill
|-damage|p1a: Azumarill|354\/398
|-enditem|p1a: Azumarill|Choice Band|[from] move: Knock Off|[of] p2a: Tornadus-Therian
|
|-weather|RainDance|[upkeep]
|turn|7
|
|move|p1a: Azumarill|Aqua Jet|p2a: Tornadus-Therian
|-damage|p2a: Tornadus-Therian|0 fnt
|faint|p2a: Tornadus-Therian
|
|-weather|RainDance|[upkeep]
|c|âFlyingSunray|well
|c|âFlyingSunray|im screwed
|c|âFlyingSunray|lol
|
|switch|p2a: Swampert|Swampert, F|360\/360
|-damage|p2a: Swampert|338\/360|[from] Stealth Rock
|turn|8
|
|detailschange|p2a: Swampert|Swampert-Mega, F
|-mega|p2a: Swampert|Swampert|Swampertite
|move|p2a: Swampert|Waterfall|p1a: Azumarill
|-resisted|p1a: Azumarill
|-damage|p1a: Azumarill|196\/398
|move|p1a: Azumarill|Waterfall|p2a: Swampert
|-damage|p2a: Swampert|113\/360
|
|-weather|none
|turn|9
|
|switch|p1a: Mandibuzz|Mandibuzz, F|423\/423
|move|p2a: Swampert|Earthquake|p1a: Mandibuzz
|-immune|p1a: Mandibuzz|[msg]
|
|turn|10
|
|switch|p2a: Politoed|Politoed, F|223\/383 tox
|-damage|p2a: Politoed|176\/383 tox|[from] Stealth Rock
|-weather|RainDance
|move|p1a: Mandibuzz|Taunt|p2a: Politoed
|-start|p2a: Politoed|move: Taunt
|
|-weather|RainDance|[upkeep]
|-damage|p2a: Politoed|153\/383 tox|[from] psn
|turn|11
|
|switch|p1a: Gengar|Gengar, M, shiny|235\/261
|move|p2a: Politoed|Scald|p1a: Gengar
|-damage|p1a: Gengar|72\/261
|
|-weather|RainDance|[upkeep]
|-damage|p2a: Politoed|107\/383 tox|[from] psn
|turn|12
|
|move|p1a: Gengar|Shadow Ball|p2a: Politoed
|-damage|p2a: Politoed|0 fnt
|-damage|p1a: Gengar|46\/261|[from] item: Life Orb
|faint|p2a: Politoed
|
|-weather|RainDance|[upkeep]
|
|switch|p2a: Swampert|Swampert-Mega, F|113\/360
|-damage|p2a: Swampert|91\/360|[from] Stealth Rock
|turn|13
|
|move|p2a: Swampert|Waterfall|p1a: Gengar
|-damage|p1a: Gengar|0 fnt
|faint|p1a: Gengar
|
|-weather|RainDance|[upkeep]
|
|switch|p1a: Azumarill|Azumarill, M|196\/398
|turn|14
|
|switch|p2a: Klefki|Klefki, M|317\/317
|-damage|p2a: Klefki|298\/317|[from] Stealth Rock
|move|p1a: Azumarill|Aqua Jet|p2a: Klefki
|-damage|p2a: Klefki|177\/317
|
|-weather|RainDance|[upkeep]
|turn|15
|
|move|p2a: Klefki|Reflect|p2a: Klefki
|-sidestart|p2: FlyingSunray|Reflect
|move|p1a: Azumarill|Waterfall|p2a: Klefki
|-damage|p2a: Klefki|54\/317
|
|-weather|RainDance|[upkeep]
|turn|16
|
|switch|p2a: Kingdra|Kingdra, M|321\/321
|-damage|p2a: Kingdra|281\/321|[from] Stealth Rock
|move|p1a: Azumarill|Aqua Jet|p2a: Kingdra
|-resisted|p2a: Kingdra
|-damage|p2a: Kingdra|263\/321
|
|-weather|RainDance|[upkeep]
|turn|17
|
|move|p2a: Kingdra|Hydro Pump|p1a: Azumarill
|-resisted|p1a: Azumarill
|-damage|p1a: Azumarill|0 fnt
|faint|p1a: Azumarill
|
|-weather|none
|c|âFlyingSunray|im surprised that killed
|
|switch|p1a: Charizard|Charizard, M, shiny|315\/315
|turn|18
|
|switch|p2a: Swampert|Swampert-Mega, F|91\/360
|-damage|p2a: Swampert|69\/360|[from] Stealth Rock
|detailschange|p1a: Charizard|Charizard-Mega-X, M, shiny
|-mega|p1a: Charizard|Charizard|Charizardite X
|move|p1a: Charizard|Dragon Claw|p2a: Swampert
|-damage|p2a: Swampert|0 fnt
|faint|p2a: Swampert
|
|
|switch|p2a: Klefki|Klefki, M|54\/317
|-damage|p2a: Klefki|35\/317|[from] Stealth Rock
|turn|19
|
|switch|p1a: Mandibuzz|Mandibuzz, F|423\/423
|move|p2a: Klefki|Rain Dance|p2a: Klefki
|-weather|RainDance
|
|-weather|RainDance|[upkeep]
|-sideend|p2: FlyingSunray|Reflect
|turn|20
|
|move|p2a: Klefki|Reflect|p2a: Klefki
|-sidestart|p2: FlyingSunray|Reflect
|move|p1a: Mandibuzz|Defog|p2a: Klefki
|-unboost|p2a: Klefki|evasion|1
|-sideend|p2: FlyingSunray|Reflect
|-sideend|p2: FlyingSunray|Reflect|[from] move: Defog|[of] p2a: Klefki
|-sideend|p2: FlyingSunray|Stealth Rock|[from] move: Defog|[of] p2a: Klefki
|
|-weather|RainDance|[upkeep]
|turn|21
|
|move|p2a: Klefki|Reflect|p2a: Klefki
|-sidestart|p2: FlyingSunray|Reflect
|move|p1a: Mandibuzz|Taunt|p2a: Klefki
|-start|p2a: Klefki|move: Taunt
|
|-weather|RainDance|[upkeep]
|turn|22
|
|switch|p2a: Kingdra|Kingdra, M|263\/321
|move|p1a: Mandibuzz|Defog|p2a: Kingdra
|-unboost|p2a: Kingdra|evasion|1
|-sideend|p2: FlyingSunray|Reflect
|-sideend|p2: FlyingSunray|Reflect|[from] move: Defog|[of] p2a: Kingdra
|
|-weather|RainDance|[upkeep]
|turn|23
|
|move|p2a: Kingdra|Surf|p1a: Mandibuzz
|-damage|p1a: Mandibuzz|147\/423
|move|p1a: Mandibuzz|Foul Play|p2a: Kingdra
|-crit|p2a: Kingdra
|-damage|p2a: Kingdra|103\/321
|
|-weather|RainDance|[upkeep]
|-heal|p1a: Mandibuzz|173\/423|[from] item: Leftovers
|turn|24
|c|âFlyingSunray|reminds me to make attk ivs o
|
|move|p2a: Kingdra|Surf|p1a: Mandibuzz
|-damage|p1a: Mandibuzz|0 fnt
|faint|p1a: Mandibuzz
|
|-weather|RainDance|[upkeep]
|
|switch|p1a: Charizard|Charizard-Mega-X, M, shiny|315\/315
|turn|25
|c|âterry41|the team looks nice
|c|âFlyingSunray|hmm
|c|âterry41|and playsnice too but how do u deal with ferro
|c|âFlyingSunray|kingdra is the only one that can outspeed scarf lando
|
|move|p2a: Kingdra|Surf|p1a: Charizard
|-damage|p1a: Charizard|0 fnt
|faint|p1a: Charizard
|
|-weather|RainDance|[upkeep]
|
|switch|p1a: Landorus-Therian|Landorus-Therian, M|319\/319
|-ability|p1a: Landorus-Therian|Intimidate|[of] p2a: Kingdra
|-unboost|p2a: Kingdra|atk|1
|turn|26
|c|âFlyingSunray|ferro is dealt with theoritically by
|
|move|p2a: Kingdra|Surf|p1a: Landorus-Therian
|-supereffective|p1a: Landorus-Therian
|-damage|p1a: Landorus-Therian|0 fnt
|faint|p1a: Landorus-Therian
|
|win|FlyingSunray
|c|âFlyingSunray|swampert with superpower and tornadus with superpower\/hurricane
|c|âterry41|oh okay so double weaken it that sounds like a plan
|c|âFlyingSunray|as long
|c|âFlyingSunray|as its weakened
|c|âFlyingSunray|hydro pump will kill
|c|âFlyingSunray|252+ Atk Mega Swampert Superpower vs. 252 HP \/ 88+ Def Ferrothorn: 214-254 (60.7 - 72.1%) -- guaranteed 2HKO after Leftovers recovery
|c|âFlyingSunray|(214, 218, 220, 222, 226, 228, 230, 232, 236, 238, 240, 242, 246, 248, 250, 254)
|c|âFlyingSunray|+ i can hazard spike + screen on it with
|c|âFlyingSunray|klefki
|c|âFlyingSunray|though
|c|âFlyingSunray|i havent faced ferro
|c|âFlyingSunray|with a competent user
|c|âFlyingSunray|with this team so idk
|c|âFlyingSunray|ttars
|c|âFlyingSunray|are a bit annoying
|c|âFlyingSunray|but as long