|join|Rob
|join|FlyingSunray
|player|p1|Rob|286
|player|p2|FlyingSunray|288
|gametype|singles
|gen|6
|tier|OU
|clearpoke
|poke|p1|Landorus, M
|poke|p1|Latios, M
|poke|p1|Ferrothorn, M
|poke|p1|Gyarados, M, shiny
|poke|p1|Azumarill, M
|poke|p1|Slowbro, F
|poke|p2|Diancie
|poke|p2|Hydreigon, F
|poke|p2|Landorus-Therian, M
|poke|p2|Magnezone
|poke|p2|Jirachi
|poke|p2|Azumarill, F
|rule|Swagger Clause: Swagger is banned
|rule|Baton Pass Clause: Limit one PokÃ©mon knowing Baton Pass
|rule|Sleep Clause Mod: Limit one foe put to sleep
|rule|Species Clause: Limit one of each PokÃ©mon
|rule|OHKO Clause: OHKO moves are banned
|rule|Moody Clause: Moody is banned
|rule|Evasion Moves Clause: Evasion moves are banned
|rule|Endless Battle Clause: Forcing endless battles is banned
|rule|HP Percentage Mod: HP is shown in percentages
|teampreview
|join|ollopa
|join|Murkrow Jupiter
|
|start
|switch|p1a: Ferrothorn|Ferrothorn, M|352\/352
|switch|p2a: Diancie|Diancie|241\/241
|turn|1
|
|detailschange|p2a: Diancie|Diancie-Mega
|-mega|p2a: Diancie|Diancie|Diancite
|move|p2a: Diancie|Protect|p2a: Diancie
|-singleturn|p2a: Diancie|Protect
|move|p1a: Ferrothorn|Leech Seed|p2a: Diancie
|-activate|p2a: Diancie|Protect
|
|turn|2
|
|switch|p2a: Magnezone|Magnezone|281\/281
|move|p1a: Ferrothorn|Leech Seed|p2a: Magnezone
|-start|p2a: Magnezone|move: Leech Seed
|
|-damage|p2a: Magnezone|246\/281|[from] Leech Seed|[of] p1a: Ferrothorn
|turn|3
|c|âRob|!data diancie, focus blast
No Pokemon, item, move, ability or nature named 'diancie, focus blast' was found. (Check your spelling?)
|join|FlamingVictini PB
|
|move|p1a: Ferrothorn|Protect|p1a: Ferrothorn
|-singleturn|p1a: Ferrothorn|Protect
|move|p2a: Magnezone|Hidden Power|p1a: Ferrothorn
|-activate|p1a: Ferrothorn|Protect
|
|-damage|p2a: Magnezone|211\/281|[from] Leech Seed|[of] p1a: Ferrothorn
|turn|4
|join|Vrin
|
|switch|p1a: Slowbro|Slowbro, F|394\/394
|move|p2a: Magnezone|Hidden Power|p1a: Slowbro
|-resisted|p1a: Slowbro
|-damage|p1a: Slowbro|349\/394
|
|-heal|p1a: Slowbro|373\/394|[from] item: Leftovers
|-damage|p2a: Magnezone|176\/281|[from] Leech Seed|[of] p1a: Slowbro
|-heal|p1a: Slowbro|394\/394|[silent]
|turn|5
|leave|Vrin
|
|switch|p2a: Jirachi|Jirachi|397\/397
|move|p1a: Slowbro|Scald|p2a: Jirachi
|-crit|p2a: Jirachi
|-damage|p2a: Jirachi|291\/397
|
|-heal|p2a: Jirachi|315\/397|[from] item: Leftovers
|turn|6
|
|switch|p1a: Ferrothorn|Ferrothorn, M|352\/352
|move|p2a: Jirachi|Stealth Rock|p1a: Ferrothorn
|-sidestart|p1: Rob|move: Stealth Rock
|
|-heal|p2a: Jirachi|339\/397|[from] item: Leftovers
|turn|7
|
|switch|p2a: Azumarill|Azumarill, F|404\/404
|move|p1a: Ferrothorn|Stealth Rock|p2a: Azumarill
|-sidestart|p2: FlyingSunray|move: Stealth Rock
|
|turn|8
|
|move|p2a: Azumarill|Play Rough|p1a: Ferrothorn
|-resisted|p1a: Ferrothorn
|-damage|p1a: Ferrothorn|289\/352
|-damage|p2a: Azumarill|354\/404|[from] ability: Iron Barbs|[of] p1a: Ferrothorn
|-unboost|p1a: Ferrothorn|atk|1
|move|p1a: Ferrothorn|Power Whip|p2a: Azumarill
|-supereffective|p2a: Azumarill
|-damage|p2a: Azumarill|136\/404
|-enditem|p2a: Azumarill|Sitrus Berry|[eat]
|-heal|p2a: Azumarill|237\/404|[from] item: Sitrus Berry
|
|turn|9
|
|move|p2a: Azumarill|Knock Off|p1a: Ferrothorn
|-damage|p1a: Ferrothorn|201\/352
|-damage|p2a: Azumarill|187\/404|[from] ability: Iron Barbs|[of] p1a: Ferrothorn
|-enditem|p1a: Ferrothorn|Shed Shell|[from] move: Knock Off|[of] p2a: Azumarill
|move|p1a: Ferrothorn|Power Whip|p2a: Azumarill|[miss]
|-miss|p1a: Ferrothorn|p2a: Azumarill
|
|turn|10
|c|âRob|ooo
|c|âRob|fck
|
|switch|p2a: Landorus-Therian|Landorus-Therian, M|319\/319
|-damage|p2a: Landorus-Therian|280\/319|[from] Stealth Rock
|-ability|p2a: Landorus-Therian|Intimidate|[of] p1a: Ferrothorn
|-unboost|p1a: Ferrothorn|atk|1
|switch|p1a: Gyarados|Gyarados, M, shiny|353\/353
|-damage|p1a: Gyarados|265\/353|[from] Stealth Rock
|-ability|p1a: Gyarados|Intimidate|[of] p2a: Landorus-Therian
|-unboost|p2a: Landorus-Therian|atk|1
|
|turn|11
|join|kkk3vin
|
|detailschange|p1a: Gyarados|Gyarados-Mega, M, shiny
|-mega|p1a: Gyarados|Gyarados|Gyaradosite
|-ability|p1a: Gyarados|Mold Breaker
|move|p2a: Landorus-Therian|U-turn|p1a: Gyarados
|-supereffective|p1a: Gyarados
|-damage|p1a: Gyarados|151\/353
|
|switch|p2a: Azumarill|Azumarill, F|187\/404
|-damage|p2a: Azumarill|137\/404|[from] Stealth Rock
|move|p1a: Gyarados|Dragon Dance|p1a: Gyarados
|-boost|p1a: Gyarados|atk|1
|-boost|p1a: Gyarados|spe|1
|
|turn|12
|
|move|p2a: Azumarill|Aqua Jet|p1a: Gyarados
|-resisted|p1a: Gyarados
|-damage|p1a: Gyarados|109\/353
|move|p1a: Gyarados|Waterfall|p2a: Azumarill
|-resisted|p2a: Azumarill
|-damage|p2a: Azumarill|0 fnt
|faint|p2a: Azumarill
|
|
|switch|p2a: Landorus-Therian|Landorus-Therian, M|280\/319
|-damage|p2a: Landorus-Therian|241\/319|[from] Stealth Rock
|-ability|p2a: Landorus-Therian|Intimidate|[of] p1a: Gyarados
|-unboost|p1a: Gyarados|atk|1
|turn|13
|
|move|p2a: Landorus-Therian|U-turn|p1a: Gyarados
|-supereffective|p1a: Gyarados
|-damage|p1a: Gyarados|0 fnt
|faint|p1a: Gyarados
|
|switch|p2a: Magnezone|Magnezone|176\/281
|-damage|p2a: Magnezone|159\/281|[from] Stealth Rock
|
|
|switch|p1a: Latios|Latios, M|301\/301
|-damage|p1a: Latios|264\/301|[from] Stealth Rock
|turn|14
|
|move|p2a: Magnezone|Volt Switch|p1a: Latios
|-resisted|p1a: Latios
|-damage|p1a: Latios|205\/301
|c|âFlyingSunray|hmm
|
|switch|p2a: Landorus-Therian|Landorus-Therian, M|241\/319
|-damage|p2a: Landorus-Therian|202\/319|[from] Stealth Rock
|-ability|p2a: Landorus-Therian|Intimidate|[of] p1a: Latios
|-unboost|p1a: Latios|atk|1
|move|p1a: Latios|Hidden Power|p2a: Landorus-Therian
|-damage|p2a: Landorus-Therian|97\/319
|-damage|p1a: Latios|175\/301|[from] item: Life Orb
|
|turn|15
|
|switch|p1a: Ferrothorn|Ferrothorn, M|201\/352
|-damage|p1a: Ferrothorn|179\/352|[from] Stealth Rock
|move|p2a: Landorus-Therian|U-turn|p1a: Ferrothorn
|-damage|p1a: Ferrothorn|123\/352
|-damage|p2a: Landorus-Therian|58\/319|[from] ability: Iron Barbs|[of] p1a: Ferrothorn
|
|switch|p2a: Magnezone|Magnezone|159\/281
|-damage|p2a: Magnezone|142\/281|[from] Stealth Rock
|
|turn|16
|join|SwaggBoii
|
|move|p2a: Magnezone|Hidden Power|p1a: Ferrothorn
|-supereffective|p1a: Ferrothorn
|-damage|p1a: Ferrothorn|0 fnt
|faint|p1a: Ferrothorn
|
|leave|SwaggBoii
|
|switch|p1a: Landorus|Landorus, M|319\/319
|-damage|p1a: Landorus|280\/319|[from] Stealth Rock
|turn|17
|
|move|p2a: Magnezone|Hidden Power|p1a: Landorus
|-damage|p1a: Landorus|178\/319
|move|p1a: Landorus|Rock Polish|p1a: Landorus
|-boost|p1a: Landorus|spe|2
|
|turn|18
|join|Delta Abomination
|c|âFlyingSunray|really
|c|âFlyingSunray|damn
|
|move|p1a: Landorus|Earth Power|p2a: Magnezone
|-supereffective|p2a: Magnezone
|-damage|p2a: Magnezone|0 fnt
|faint|p2a: Magnezone
|
|
|switch|p2a: Hydreigon|Hydreigon, F|325\/325
|-damage|p2a: Hydreigon|285\/325|[from] Stealth Rock
|turn|19
|c|âRob|i hope fb hits
|c|âFlyingSunray|i hope not
|
|move|p1a: Landorus|Focus Blast|p2a: Hydreigon|[miss]
|-miss|p1a: Landorus|p2a: Hydreigon
|move|p2a: Hydreigon|Dark Pulse|p1a: Landorus
|-damage|p1a: Landorus|0 fnt
|-damage|p2a: Hydreigon|253\/325|[from] item: Life Orb
|faint|p1a: Landorus
|
|c|âRob|great game!!!
|-message|Rob forfeited.
|
|win|FlyingSunray