|join|Invok3r
|join|FlyingSunray
|player|p1|Invok3r|250
|player|p2|FlyingSunray|288
|gametype|singles
|gen|6
|tier|OU
|rated
|clearpoke
|poke|p1|Landorus, M
|poke|p1|Garchomp, F, shiny
|poke|p1|Scizor, F
|poke|p1|Azumarill, M
|poke|p1|Gengar, F, shiny
|poke|p1|Keldeo
|poke|p2|Bisharp, F
|poke|p2|Gallade, M
|poke|p2|Breloom, F
|poke|p2|Latios, M
|poke|p2|Manaphy
|poke|p2|Landorus-Therian, M
|rule|Swagger Clause: Swagger is banned
|rule|Baton Pass Clause: Limit one PokÃ©mon knowing Baton Pass
|rule|Sleep Clause Mod: Limit one foe put to sleep
|rule|Species Clause: Limit one of each PokÃ©mon
|rule|OHKO Clause: OHKO moves are banned
|rule|Moody Clause: Moody is banned
|rule|Evasion Moves Clause: Evasion moves are banned
|rule|Endless Battle Clause: Forcing endless battles is banned
|rule|HP Percentage Mod: HP is shown in percentages
|teampreview
|
|start
|switch|p1a: Garchomp|Garchomp, F, shiny|357\/357
|switch|p2a: Manaphy|Manaphy|365\/365
|turn|1
|
|move|p1a: Garchomp|Stealth Rock|p2a: Manaphy
|-sidestart|p2: FlyingSunray|move: Stealth Rock
|move|p2a: Manaphy|Ice Beam|p1a: Garchomp
|-crit|p1a: Garchomp
|-supereffective|p1a: Garchomp
|-enditem|p1a: Garchomp|Focus Sash
|-damage|p1a: Garchomp|1\/357
|
|turn|2
|
|switch|p2a: Landorus-Therian|Landorus-Therian, M|361\/361
|-damage|p2a: Landorus-Therian|316\/361|[from] Stealth Rock
|-ability|p2a: Landorus-Therian|Intimidate|[of] p1a: Garchomp
|-unboost|p1a: Garchomp|atk|1
|move|p1a: Garchomp|Dragon Claw|p2a: Landorus-Therian
|-damage|p2a: Landorus-Therian|247\/361
|
|-heal|p2a: Landorus-Therian|269\/361|[from] item: Leftovers
|turn|3
|
|move|p1a: Garchomp|Swords Dance|p1a: Garchomp
|-boost|p1a: Garchomp|atk|2
|move|p2a: Landorus-Therian|Stealth Rock|p1a: Garchomp
|-sidestart|p1: Invok3r|move: Stealth Rock
|
|-heal|p2a: Landorus-Therian|291\/361|[from] item: Leftovers
|turn|4
|
|move|p1a: Garchomp|Dragon Claw|p2a: Landorus-Therian
|-damage|p2a: Landorus-Therian|135\/361
|move|p2a: Landorus-Therian|Earthquake|p1a: Garchomp
|-damage|p1a: Garchomp|0 fnt
|faint|p1a: Garchomp
|
|-heal|p2a: Landorus-Therian|157\/361|[from] item: Leftovers
|
|switch|p1a: Landorus|Landorus, M|319\/319
|-damage|p1a: Landorus|280\/319|[from] Stealth Rock
|turn|5
|
|move|p1a: Landorus|Psychic|p2a: Landorus-Therian
|-damage|p2a: Landorus-Therian|0 fnt
|faint|p2a: Landorus-Therian
|
|
|switch|p2a: Latios|Latios, M|301\/301
|-damage|p2a: Latios|264\/301|[from] Stealth Rock
|turn|6
|
|switch|p1a: Azumarill|Azumarill, M|345\/345
|-damage|p1a: Azumarill|302\/345|[from] Stealth Rock
|move|p2a: Latios|Draco Meteor|p1a: Azumarill
|-immune|p1a: Azumarill|[msg]
|
|turn|7
|
|move|p2a: Latios|Thunderbolt|p1a: Azumarill
|-supereffective|p1a: Azumarill
|-damage|p1a: Azumarill|143\/345
|-damage|p2a: Latios|234\/301|[from] item: Life Orb
|move|p1a: Azumarill|Play Rough|p2a: Latios|[miss]
|-miss|p1a: Azumarill|p2a: Latios
|
|turn|8
|
|move|p2a: Latios|Thunderbolt|p1a: Azumarill
|-supereffective|p1a: Azumarill
|-damage|p1a: Azumarill|0 fnt
|-damage|p2a: Latios|204\/301|[from] item: Life Orb
|faint|p1a: Azumarill
|
|
|switch|p1a: Scizor|Scizor, F|281\/281
|-damage|p1a: Scizor|246\/281|[from] Stealth Rock
|turn|9
|
|switch|p2a: Breloom|Breloom, F|261\/261
|-damage|p2a: Breloom|245\/261|[from] Stealth Rock
|detailschange|p1a: Scizor|Scizor-Mega, F
|-mega|p1a: Scizor|Scizor|Scizorite
|move|p1a: Scizor|Bug Bite|p2a: Breloom
|-damage|p2a: Breloom|0 fnt
|faint|p2a: Breloom
|
|
|switch|p2a: Manaphy|Manaphy|365\/365
|-damage|p2a: Manaphy|320\/365|[from] Stealth Rock
|turn|10
|
|move|p2a: Manaphy|Scald|p1a: Scizor
|-damage|p1a: Scizor|105\/281
|move|p1a: Scizor|Bug Bite|p2a: Manaphy
|-damage|p2a: Manaphy|140\/365
|
|-heal|p2a: Manaphy|162\/365|[from] item: Leftovers
|turn|11
|
|move|p1a: Scizor|Bullet Punch|p2a: Manaphy
|-resisted|p2a: Manaphy
|-damage|p2a: Manaphy|100\/365
|move|p2a: Manaphy|Scald|p1a: Scizor
|-damage|p1a: Scizor|0 fnt
|faint|p1a: Scizor
|
|-heal|p2a: Manaphy|122\/365|[from] item: Leftovers
|
|switch|p1a: Gengar|Gengar, F, shiny|261\/261
|-damage|p1a: Gengar|229\/261|[from] Stealth Rock
|turn|12
|
|move|p1a: Gengar|Focus Blast|p2a: Manaphy|[miss]
|-miss|p1a: Gengar|p2a: Manaphy
|move|p2a: Manaphy|Scald|p1a: Gengar
|-damage|p1a: Gengar|72\/261
|
|-heal|p2a: Manaphy|144\/365|[from] item: Leftovers
|turn|13
|
|switch|p2a: Bisharp|Bisharp, F|271\/271
|-damage|p2a: Bisharp|255\/271|[from] Stealth Rock
|move|p1a: Gengar|Focus Blast|p2a: Bisharp
|-supereffective|p2a: Bisharp
|-damage|p2a: Bisharp|0 fnt
|-damage|p1a: Gengar|46\/261|[from] item: Life Orb
|faint|p2a: Bisharp
|
|
|switch|p2a: Latios|Latios, M|204\/301
|-damage|p2a: Latios|167\/301|[from] Stealth Rock
|turn|14
|
|move|p1a: Gengar|Shadow Ball|p2a: Latios
|-crit|p2a: Latios
|-supereffective|p2a: Latios
|-damage|p2a: Latios|0 fnt
|-damage|p1a: Gengar|20\/261|[from] item: Life Orb
|faint|p2a: Latios
|
|
|switch|p2a: Manaphy|Manaphy|144\/365
|-damage|p2a: Manaphy|99\/365|[from] Stealth Rock
|turn|15
|
|move|p1a: Gengar|Sludge Wave|p2a: Manaphy
|-damage|p2a: Manaphy|0 fnt
|-damage|p1a: Gengar|0 fnt|[from] item: Life Orb
|faint|p2a: Manaphy
|faint|p1a: Gengar
|
|join|jack41
|
|switch|p1a: Landorus|Landorus, M|280\/319
|switch|p2a: Gallade|Gallade, M|277\/277
|-damage|p1a: Landorus|241\/319|[from] Stealth Rock
|-damage|p2a: Gallade|260\/277|[from] Stealth Rock
|turn|16
|
|detailschange|p2a: Gallade|Gallade-Mega, M
|-mega|p2a: Gallade|Gallade|Galladite
|move|p1a: Landorus|Earth Power|p2a: Gallade
|-crit|p2a: Gallade
|-damage|p2a: Gallade|0 fnt
|faint|p2a: Gallade
|
|win|Invok3r
|raw|Ladder updating...
|raw|Invok3r's rating: 1750 &rarr; <strong>1757<\/strong><br \/>(+7 for winning)
|raw|FlyingSunray's rating: 1460 &rarr; <strong>1454<\/strong><br \/>(-6 for losing)
|leave|FlyingSunray
|player|p2
|leave|Invok3r
|player|p1