|join|MoB Barley
|join|FlyingSunray
|player|p1|MoB Barley|161
|player|p2|FlyingSunray|288
|gametype|singles
|gen|6
|tier|OU
|clearpoke
|poke|p1|Diancie, shiny
|poke|p1|Hydreigon, M, shiny
|poke|p1|Magnezone
|poke|p1|Jirachi, shiny
|poke|p1|Landorus-Therian, M
|poke|p1|Azumarill, M
|poke|p2|Clefable, M
|poke|p2|Metagross
|poke|p2|Mandibuzz, F
|poke|p2|Landorus-Therian, M
|poke|p2|Keldeo-Resolute
|poke|p2|Talonflame, M
|rule|Swagger Clause: Swagger is banned
|rule|Baton Pass Clause: Limit one PokÃ©mon knowing Baton Pass
|rule|Sleep Clause Mod: Limit one foe put to sleep
|rule|Species Clause: Limit one of each PokÃ©mon
|rule|OHKO Clause: OHKO moves are banned
|rule|Moody Clause: Moody is banned
|rule|Evasion Moves Clause: Evasion moves are banned
|rule|Endless Battle Clause: Forcing endless battles is banned
|rule|HP Percentage Mod: HP is shown in percentages
|teampreview
|
|start
|switch|p1a: Angel|Diancie, shiny|241\/241
|switch|p2a: Metagross|Metagross|301\/301
|turn|1
|
|detailschange|p2a: Metagross|Metagross-Mega
|-mega|p2a: Metagross|Metagross|Metagrossite
|detailschange|p1a: Angel|Diancie-Mega, shiny
|-mega|p1a: Angel|Diancie|Diancite
|move|p1a: Angel|Protect|p1a: Angel
|-singleturn|p1a: Angel|Protect
|move|p2a: Metagross|Ice Punch|p1a: Angel
|-activate|p1a: Angel|Protect
|
|turn|2
|
|switch|p1a: Starburst|Jirachi, shiny|404\/404
|move|p2a: Metagross|Meteor Mash|p1a: Starburst
|-resisted|p1a: Starburst
|-damage|p1a: Starburst|287\/404
|
|-heal|p1a: Starburst|312\/404|[from] item: Leftovers
|turn|3
|
|move|p2a: Metagross|Earthquake|p1a: Starburst
|-supereffective|p1a: Starburst
|-damage|p1a: Starburst|74\/404
|move|p1a: Starburst|U-turn|p2a: Metagross
|-damage|p2a: Metagross|264\/301
|
|switch|p1a: Magneto|Magnezone|281\/281
|
|turn|4
|
|move|p1a: Magneto|Volt Switch|p2a: Metagross
|-crit|p2a: Metagross
|-damage|p2a: Metagross|98\/301
|
|switch|p1a: Landorus-Therian|Landorus-Therian, M|319\/319
|-ability|p1a: Landorus-Therian|Intimidate|[of] p2a: Metagross
|-unboost|p2a: Metagross|atk|1
|move|p2a: Metagross|Ice Punch|p1a: Landorus-Therian
|-supereffective|p1a: Landorus-Therian
|-damage|p1a: Landorus-Therian|0 fnt
|faint|p1a: Landorus-Therian
|
|join|Demandred
|
|switch|p1a: Magneto|Magnezone|281\/281
|turn|5
|
|move|p1a: Magneto|Volt Switch|p2a: Metagross
|-damage|p2a: Metagross|0 fnt
|faint|p2a: Metagross
|
|switch|p1a: Angel|Diancie-Mega, shiny|241\/241
|
|
|switch|p2a: Landorus-Therian|Landorus-Therian, M|379\/379
|-ability|p2a: Landorus-Therian|Intimidate|[of] p1a: Angel
|-unboost|p1a: Angel|atk|1
|turn|6
|
|move|p1a: Angel|Protect|p1a: Angel
|-singleturn|p1a: Angel|Protect
|move|p2a: Landorus-Therian|Earthquake|p1a: Angel
|-activate|p1a: Angel|Protect
|
|turn|7
|
|switch|p1a: Iluminatti|Hydreigon, M, shiny|325\/325
|move|p2a: Landorus-Therian|Earthquake|p1a: Iluminatti
|-immune|p1a: Iluminatti|[msg]
|
|turn|8
|join|Bobbie Schmurda
|
|switch|p2a: Clefable|Clefable, M|394\/394
|move|p1a: Iluminatti|Dark Pulse|p2a: Clefable
|-resisted|p2a: Clefable
|-damage|p2a: Clefable|308\/394
|-damage|p1a: Iluminatti|293\/325|[from] item: Life Orb
|
|-heal|p2a: Clefable|332\/394|[from] item: Leftovers
|turn|9
|
|move|p1a: Iluminatti|Flash Cannon|p2a: Clefable
|-supereffective|p2a: Clefable
|-damage|p2a: Clefable|101\/394
|-damage|p1a: Iluminatti|261\/325|[from] item: Life Orb
|move|p2a: Clefable|Flamethrower|p1a: Iluminatti
|-crit|p1a: Iluminatti
|-resisted|p1a: Iluminatti
|-damage|p1a: Iluminatti|204\/325
|
|-heal|p2a: Clefable|125\/394|[from] item: Leftovers
|turn|10
|join|Alldaalts
|
|move|p1a: Iluminatti|Flash Cannon|p2a: Clefable
|-supereffective|p2a: Clefable
|-damage|p2a: Clefable|0 fnt
|-damage|p1a: Iluminatti|172\/325|[from] item: Life Orb
|faint|p2a: Clefable
|
|
|switch|p2a: Keldeo-Resolute|Keldeo-Resolute|323\/323
|turn|11
|
|switch|p1a: Starburst|Jirachi, shiny|74\/404
|move|p2a: Keldeo-Resolute|Substitute|p2a: Keldeo-Resolute
|-start|p2a: Keldeo-Resolute|Substitute
|-damage|p2a: Keldeo-Resolute|243\/323
|
|-heal|p2a: Keldeo-Resolute|263\/323|[from] item: Leftovers
|-heal|p1a: Starburst|99\/404|[from] item: Leftovers
|turn|12
|
|move|p2a: Keldeo-Resolute|Scald|p1a: Starburst
|-damage|p1a: Starburst|0 fnt
|faint|p1a: Starburst
|
|-heal|p2a: Keldeo-Resolute|283\/323|[from] item: Leftovers
|
|switch|p1a: Wabbit Season|Azumarill, M|360\/360
|turn|13
|
|move|p2a: Keldeo-Resolute|Scald|p1a: Wabbit Season
|-resisted|p1a: Wabbit Season
|-damage|p1a: Wabbit Season|274\/360
|-status|p1a: Wabbit Season|brn
|move|p1a: Wabbit Season|Play Rough|p2a: Keldeo-Resolute
|-supereffective|p2a: Keldeo-Resolute
|-end|p2a: Keldeo-Resolute|Substitute
|
|-heal|p2a: Keldeo-Resolute|303\/323|[from] item: Leftovers
|-damage|p1a: Wabbit Season|229\/360 brn|[from] brn
|turn|14
|
|move|p2a: Keldeo-Resolute|Scald|p1a: Wabbit Season
|-resisted|p1a: Wabbit Season
|-damage|p1a: Wabbit Season|136\/360 brn
|-enditem|p1a: Wabbit Season|Sitrus Berry|[eat]
|-heal|p1a: Wabbit Season|226\/360 brn|[from] item: Sitrus Berry
|move|p1a: Wabbit Season|Play Rough|p2a: Keldeo-Resolute
|-supereffective|p2a: Keldeo-Resolute
|-damage|p2a: Keldeo-Resolute|75\/323
|
|-heal|p2a: Keldeo-Resolute|95\/323|[from] item: Leftovers
|-damage|p1a: Wabbit Season|181\/360 brn|[from] brn
|turn|15
|
|switch|p2a: Mandibuzz|Mandibuzz, F|423\/423
|move|p1a: Wabbit Season|Knock Off|p2a: Mandibuzz
|-resisted|p2a: Mandibuzz
|-damage|p2a: Mandibuzz|397\/423
|-enditem|p2a: Mandibuzz|Leftovers|[from] move: Knock Off|[of] p1a: Wabbit Season
|
|-damage|p1a: Wabbit Season|136\/360 brn|[from] brn
|turn|16
|join|IamChow
|
|switch|p1a: Angel|Diancie-Mega, shiny|241\/241
|move|p2a: Mandibuzz|Roost|p2a: Mandibuzz
|-heal|p2a: Mandibuzz|423\/423
|
|turn|17
|
|move|p1a: Angel|Moonblast|p2a: Mandibuzz
|-supereffective|p2a: Mandibuzz
|-damage|p2a: Mandibuzz|55\/423
|-unboost|p2a: Mandibuzz|spa|1
|move|p2a: Mandibuzz|Foul Play|p1a: Angel
|-resisted|p1a: Angel
|-damage|p1a: Angel|160\/241
|
|turn|18
|leave|IamChow
|
|move|p1a: Angel|Moonblast|p2a: Mandibuzz
|-supereffective|p2a: Mandibuzz
|-damage|p2a: Mandibuzz|0 fnt
|faint|p2a: Mandibuzz
|
|
|switch|p2a: Landorus-Therian|Landorus-Therian, M|379\/379
|-ability|p2a: Landorus-Therian|Intimidate|[of] p1a: Angel
|-unboost|p1a: Angel|atk|1
|turn|19
|
|move|p1a: Angel|Protect|p1a: Angel
|-singleturn|p1a: Angel|Protect
|move|p2a: Landorus-Therian|U-turn|p1a: Angel
|-activate|p1a: Angel|Protect
|
|turn|20
|join|Bluwing
|
|move|p1a: Angel|Moonblast|p2a: Landorus-Therian
|-damage|p2a: Landorus-Therian|138\/379
|move|p2a: Landorus-Therian|Earthquake|p1a: Angel
|-supereffective|p1a: Angel
|-damage|p1a: Angel|0 fnt
|faint|p1a: Angel
|
|-heal|p2a: Landorus-Therian|161\/379|[from] item: Leftovers
|
|switch|p1a: Iluminatti|Hydreigon, M, shiny|172\/325
|turn|21
|
|move|p1a: Iluminatti|Draco Meteor|p2a: Landorus-Therian
|-damage|p2a: Landorus-Therian|0 fnt
|-unboost|p1a: Iluminatti|spa|2
|-damage|p1a: Iluminatti|140\/325|[from] item: Life Orb
|faint|p2a: Landorus-Therian
|
|
|switch|p2a: Talonflame|Talonflame, M|297\/297
|turn|22
|
|switch|p1a: Wabbit Season|Azumarill, M|136\/360 brn
|move|p2a: Talonflame|Swords Dance|p2a: Talonflame
|-boost|p2a: Talonflame|atk|2
|
|-damage|p1a: Wabbit Season|91\/360 brn|[from] brn
|turn|23
|
|move|p2a: Talonflame|Brave Bird|p1a: Wabbit Season
|-damage|p1a: Wabbit Season|0 fnt
|-damage|p2a: Talonflame|267\/297|[from] recoil|[of] p1a: Wabbit Season
|faint|p1a: Wabbit Season
|
|
|switch|p1a: Magneto|Magnezone|281\/281
|turn|24
|
|move|p2a: Talonflame|Flare Blitz|p1a: Magneto
|-supereffective|p1a: Magneto
|-damage|p1a: Magneto|0 fnt
|-damage|p2a: Talonflame|174\/297|[from] recoil|[of] p1a: Magneto
|faint|p1a: Magneto
|
|c|âMoB Barley|gg
|-message|MoB Barley forfeited.
|
|win|FlyingSunray
|c|âFlyingSunray|gg
|leave|MoB Barley
|player|p1
|leave|Bluwing