|join|FlyingSunray
|join|mushykushy
|player|p1|FlyingSunray|288
|player|p2|mushykushy|236
|gametype|singles
|gen|6
|tier|OU
|rated
|clearpoke
|poke|p1|Metagross
|poke|p1|Volcarona, M
|poke|p1|Garchomp, M
|poke|p1|Starmie
|poke|p1|Bisharp, M
|poke|p1|Talonflame, M
|poke|p2|Gliscor, F
|poke|p2|Gyarados, M
|poke|p2|Charizard, M
|poke|p2|Latias, F
|poke|p2|Raikou
|poke|p2|Keldeo-Resolute
|rule|Swagger Clause: Swagger is banned
|rule|Baton Pass Clause: Limit one PokÃ©mon knowing Baton Pass
|rule|Sleep Clause Mod: Limit one foe put to sleep
|rule|Species Clause: Limit one of each PokÃ©mon
|rule|OHKO Clause: OHKO moves are banned
|rule|Moody Clause: Moody is banned
|rule|Evasion Moves Clause: Evasion moves are banned
|rule|Endless Battle Clause: Forcing endless battles is banned
|rule|HP Percentage Mod: HP is shown in percentages
|teampreview
|join|jack41
|
|start
|switch|p1a: Metagross|Metagross|301\/301
|switch|p2a: Gyarados|Gyarados, M|331\/331
|-ability|p2a: Gyarados|Intimidate|[of] p1a: Metagross
|-fail|p1a: Metagross|unboost|[from] ability: Clear Body|[of] p1a: Metagross
|turn|1
|
|switch|p2a: Gliscor|Gliscor, F|352\/352
|detailschange|p1a: Metagross|Metagross-Mega
|-mega|p1a: Metagross|Metagross|Metagrossite
|move|p1a: Metagross|Zen Headbutt|p2a: Gliscor
|-damage|p2a: Gliscor|186\/352
|
|-status|p2a: Gliscor|tox|[from] item: Toxic Orb
|turn|2
|
|switch|p2a: Gyarados|Gyarados, M|331\/331
|-ability|p2a: Gyarados|Intimidate|[of] p1a: Metagross
|-unboost|p1a: Metagross|atk|1
|move|p1a: Metagross|Ice Punch|p2a: Gyarados
|-damage|p2a: Gyarados|223\/331
|-status|p2a: Gyarados|frz
|
|-heal|p2a: Gyarados|243\/331 frz|[from] item: Leftovers
|turn|3
|
|switch|p1a: Garchomp|Garchomp, M|357\/357
|switch|p2a: Gliscor|Gliscor, F|186\/352 tox
|
|-heal|p2a: Gliscor|230\/352 tox|[from] ability: Poison Heal
|turn|4
|
|move|p1a: Garchomp|Stealth Rock|p2a: Gliscor
|-sidestart|p2: mushykushy|move: Stealth Rock
|move|p2a: Gliscor|Earthquake|p1a: Garchomp
|-damage|p1a: Garchomp|234\/357
|
|-heal|p2a: Gliscor|274\/352 tox|[from] ability: Poison Heal
|turn|5
|
|move|p1a: Garchomp|Dragon Claw|p2a: Gliscor
|-damage|p2a: Gliscor|165\/352 tox
|move|p2a: Gliscor|Earthquake|p1a: Garchomp
|-damage|p1a: Garchomp|111\/357
|
|-heal|p2a: Gliscor|209\/352 tox|[from] ability: Poison Heal
|turn|6
|
|move|p1a: Garchomp|Dragon Claw|p2a: Gliscor
|-damage|p2a: Gliscor|94\/352 tox
|move|p2a: Gliscor|Roost|p2a: Gliscor
|-heal|p2a: Gliscor|270\/352 tox
|
|-heal|p2a: Gliscor|314\/352 tox|[from] ability: Poison Heal
|turn|7
|
|move|p1a: Garchomp|Dragon Claw|p2a: Gliscor
|-damage|p2a: Gliscor|205\/352 tox
|move|p2a: Gliscor|Earthquake|p1a: Garchomp
|-damage|p1a: Garchomp|0 fnt
|faint|p1a: Garchomp
|
|-heal|p2a: Gliscor|249\/352 tox|[from] ability: Poison Heal
|
|switch|p1a: Starmie|Starmie|261\/261
|turn|8
|
|switch|p2a: Raikou|Raikou|321\/321
|-damage|p2a: Raikou|281\/321|[from] Stealth Rock
|-ability|p2a: Raikou|Pressure
|move|p1a: Starmie|Ice Beam|p2a: Raikou
|-damage|p2a: Raikou|210\/321
|-damage|p1a: Starmie|235\/261|[from] item: Life Orb
|
|turn|9
|
|switch|p1a: Volcarona|Volcarona, M|329\/329
|move|p2a: Raikou|Volt Switch|p1a: Volcarona
|-damage|p1a: Volcarona|211\/329
|
|switch|p2a: Charizard|Charizard, M|333\/333
|-damage|p2a: Charizard|167\/333|[from] Stealth Rock
|
|turn|10
|
|move|p1a: Volcarona|Quiver Dance|p1a: Volcarona
|-boost|p1a: Volcarona|spa|1
|-boost|p1a: Volcarona|spd|1
|-boost|p1a: Volcarona|spe|1
|move|p2a: Charizard|Dragon Dance|p2a: Charizard
|-boost|p2a: Charizard|atk|1
|-boost|p2a: Charizard|spe|1
|
|turn|11
|
|move|p1a: Volcarona|Bug Buzz|p2a: Charizard
|-resisted|p2a: Charizard
|-damage|p2a: Charizard|77\/333
|-damage|p1a: Volcarona|179\/329|[from] item: Life Orb
|move|p2a: Charizard|Roost|p2a: Charizard
|-heal|p2a: Charizard|244\/333
|
|turn|12
|
|move|p1a: Volcarona|Fiery Dance|p2a: Charizard
|-resisted|p2a: Charizard
|-damage|p2a: Charizard|75\/333
|-damage|p1a: Volcarona|147\/329|[from] item: Life Orb
|move|p2a: Charizard|Roost|p2a: Charizard
|-heal|p2a: Charizard|242\/333
|
|turn|13
|
|detailschange|p2a: Charizard|Charizard-Mega-X, M
|-mega|p2a: Charizard|Charizard|Charizardite X
|move|p1a: Volcarona|Fiery Dance|p2a: Charizard
|-resisted|p2a: Charizard
|-damage|p2a: Charizard|168\/333
|-damage|p1a: Volcarona|115\/329|[from] item: Life Orb
|move|p2a: Charizard|Roost|p2a: Charizard
|-heal|p2a: Charizard|333\/333
|
|turn|14
|
|move|p1a: Volcarona|Bug Buzz|p2a: Charizard
|-resisted|p2a: Charizard
|-damage|p2a: Charizard|158\/333
|-damage|p1a: Volcarona|83\/329|[from] item: Life Orb
|move|p2a: Charizard|Dragon Claw|p1a: Volcarona
|-damage|p1a: Volcarona|0 fnt
|faint|p1a: Volcarona
|
|
|switch|p1a: Talonflame|Talonflame, M|297\/297
|turn|15
|
|move|p1a: Talonflame|Brave Bird|p2a: Charizard
|-damage|p2a: Charizard|0 fnt
|-damage|p1a: Talonflame|245\/297|[from] recoil|[of] p2a: Charizard
|faint|p2a: Charizard
|
|
|switch|p2a: Raikou|Raikou|210\/321
|-damage|p2a: Raikou|170\/321|[from] Stealth Rock
|-ability|p2a: Raikou|Pressure
|turn|16
|
|move|p1a: Talonflame|Flare Blitz|p2a: Raikou
|-damage|p2a: Raikou|0 fnt
|-damage|p1a: Talonflame|189\/297|[from] recoil|[of] p2a: Raikou
|faint|p2a: Raikou
|
|-message|mushykushy forfeited.
|leave|mushykushy
|
|win|FlyingSunray
|raw|Ladder updating...
|player|p2
|raw|FlyingSunray's rating: 1587 &rarr; <strong>1601<\/strong><br \/>(+14 for winning)
|raw|mushykushy's rating: 1482 &rarr; <strong>1467<\/strong><br \/>(-15 for losing)
|leave|FlyingSunray
|player|p1