|join|Jack41
|join|FlyingSunray
|player|p1|Jack41|17
|player|p2|FlyingSunray|288
|gametype|singles
|gen|6
|tier|OU
|clearpoke
|poke|p1|Charizard, M
|poke|p1|Excadrill, M
|poke|p1|Tyranitar, M
|poke|p1|Azumarill, M
|poke|p1|Thundurus, M
|poke|p1|Dragonite, F
|poke|p2|Altaria, F
|poke|p2|Chesnaught, F
|poke|p2|Keldeo-Resolute
|poke|p2|Heatran, F
|poke|p2|Wobbuffet, M
|poke|p2|Scizor, F
|rule|Swagger Clause: Swagger is banned
|rule|Baton Pass Clause: Limit one PokÃ©mon knowing Baton Pass
|rule|Sleep Clause Mod: Limit one foe put to sleep
|rule|Species Clause: Limit one of each PokÃ©mon
|rule|OHKO Clause: OHKO moves are banned
|rule|Moody Clause: Moody is banned
|rule|Evasion Moves Clause: Evasion moves are banned
|rule|Endless Battle Clause: Forcing endless battles is banned
|rule|HP Percentage Mod: HP is shown in percentages
|teampreview
|c|âJack41|aww i was excited
|c|âFlyingSunray|o
|
|start
|switch|p1a: Tyranitar|Tyranitar, M|403\/403
|switch|p2a: Keldeo-Resolute|Keldeo-Resolute|323\/323
|-weather|Sandstorm
|turn|1
|c|âFlyingSunray|i thought u wouldnt want that
|c|âFlyingSunray|we can battle afterwards
|c|âJack41|naw its okay
|c|âFlyingSunray|with it
|
|switch|p1a: Azumarill|Azumarill, M|398\/398
|move|p2a: Keldeo-Resolute|Secret Sword|p1a: Azumarill
|-resisted|p1a: Azumarill
|-damage|p1a: Azumarill|301\/398
|
|-weather|Sandstorm|[upkeep]
|-damage|p2a: Keldeo-Resolute|303\/323|[from] sandstorm
|-damage|p1a: Azumarill|277\/398|[from] sandstorm
|-heal|p2a: Keldeo-Resolute|323\/323|[from] item: Leftovers
|turn|2
|c|âJack41|lets continue here
|
|switch|p2a: Wobbuffet|Wobbuffet, M|584\/584
|switch|p1a: Charizard|Charizard, M|315\/315
|
|-weather|Sandstorm|[upkeep]
|-damage|p1a: Charizard|296\/315|[from] sandstorm
|-damage|p2a: Wobbuffet|548\/584|[from] sandstorm
|-heal|p2a: Wobbuffet|584\/584|[from] item: Leftovers
|turn|3
|c|âFlyingSunray|ok
|
|switch|p2a: Heatran|Heatran, F|386\/386
|move|p1a: Charizard|Dragon Dance|p1a: Charizard
|-boost|p1a: Charizard|atk|1
|-boost|p1a: Charizard|spe|1
|
|-weather|Sandstorm|[upkeep]
|-damage|p1a: Charizard|277\/315|[from] sandstorm
|turn|4
|c|âFlyingSunray|o.o
|c|âFlyingSunray|now im worried
|c|âFlyingSunray|lol
|
|detailschange|p1a: Charizard|Charizard-Mega-X, M
|-mega|p1a: Charizard|Charizard|Charizardite X
|move|p1a: Charizard|Earthquake|p2a: Heatran
|-supereffective|p2a: Heatran
|-damage|p2a: Heatran|0 fnt
|faint|p2a: Heatran
|
|-weather|Sandstorm|[upkeep]
|-damage|p1a: Charizard|258\/315|[from] sandstorm
|c|âFlyingSunray|:o
|
|switch|p2a: Altaria|Altaria, F|354\/354
|turn|5
|c|âFlyingSunray|i thought
|c|âFlyingSunray|char y still
|
|switch|p1a: Excadrill|Excadrill, M|361\/361
|detailschange|p2a: Altaria|Altaria-Mega, F
|-mega|p2a: Altaria|Altaria|Altarianite
|move|p2a: Altaria|Frustration|p1a: Excadrill
|-resisted|p1a: Excadrill
|-damage|p1a: Excadrill|235\/361
|
|-weather|Sandstorm|[upkeep]
|-damage|p2a: Altaria|332\/354|[from] sandstorm
|turn|6
|c|âFlyingSunray|dang
|c|âFlyingSunray|if i had new
|c|âFlyingSunray|knew
|c|âFlyingSunray|ive seen dd char ys
|
|switch|p1a: Tyranitar|Tyranitar, M|403\/403
|switch|p2a: Chesnaught|Chesnaught, F|380\/380
|
|-weather|Sandstorm|[upkeep]
|-damage|p2a: Chesnaught|357\/380|[from] sandstorm
|-heal|p2a: Chesnaught|380\/380|[from] item: Leftovers
|turn|7
|c|âJack41|me too
|
|switch|p2a: Keldeo-Resolute|Keldeo-Resolute|323\/323
|move|p1a: Tyranitar|Stealth Rock|p2a: Keldeo-Resolute
|-sidestart|p2: FlyingSunray|move: Stealth Rock
|
|-weather|Sandstorm|[upkeep]
|-damage|p2a: Keldeo-Resolute|303\/323|[from] sandstorm
|-heal|p2a: Keldeo-Resolute|323\/323|[from] item: Leftovers
|turn|8
|
|switch|p1a: Azumarill|Azumarill, M|277\/398
|move|p2a: Keldeo-Resolute|Secret Sword|p1a: Azumarill
|-resisted|p1a: Azumarill
|-damage|p1a: Azumarill|183\/398
|
|-weather|none
|turn|9
|
|switch|p2a: Wobbuffet|Wobbuffet, M|584\/584
|-damage|p2a: Wobbuffet|511\/584|[from] Stealth Rock
|move|p1a: Azumarill|Waterfall|p2a: Wobbuffet
|-damage|p2a: Wobbuffet|244\/584
|
|-heal|p2a: Wobbuffet|280\/584|[from] item: Leftovers
|turn|10
|
|move|p1a: Azumarill|Waterfall|p2a: Wobbuffet
|-damage|p2a: Wobbuffet|19\/584
|cant|p2a: Wobbuffet|flinch
|
|-heal|p2a: Wobbuffet|55\/584|[from] item: Leftovers
|turn|11
|
|move|p1a: Azumarill|Waterfall|p2a: Wobbuffet
|-damage|p2a: Wobbuffet|0 fnt
|faint|p2a: Wobbuffet
|
|c|âJack41|sorry about that
|
|switch|p2a: Altaria|Altaria-Mega, F|332\/354
|-damage|p2a: Altaria|288\/354|[from] Stealth Rock
|turn|12
|
|switch|p1a: Tyranitar|Tyranitar, M|403\/403
|-weather|Sandstorm
|move|p2a: Altaria|Frustration|p1a: Tyranitar
|-supereffective|p1a: Tyranitar
|-damage|p1a: Tyranitar|167\/403
|
|-weather|Sandstorm|[upkeep]
|-damage|p2a: Altaria|266\/354|[from] sandstorm
|turn|13
|
|switch|p1a: Azumarill|Azumarill, M|183\/398
|move|p2a: Altaria|Frustration|p1a: Azumarill
|-damage|p1a: Azumarill|0 fnt
|faint|p1a: Azumarill
|
|-weather|Sandstorm|[upkeep]
|-damage|p2a: Altaria|244\/354|[from] sandstorm
|c|âFlyingSunray|no worries
|
|switch|p1a: Excadrill|Excadrill, M|235\/361
|turn|14
|
|switch|p2a: Chesnaught|Chesnaught, F|380\/380
|-damage|p2a: Chesnaught|357\/380|[from] Stealth Rock
|move|p1a: Excadrill|Iron Head|p2a: Chesnaught
|-damage|p2a: Chesnaught|247\/380
|-damage|p1a: Excadrill|199\/361|[from] item: Life Orb
|
|-weather|Sandstorm|[upkeep]
|-damage|p2a: Chesnaught|224\/380|[from] sandstorm
|-heal|p2a: Chesnaught|247\/380|[from] item: Leftovers
|turn|15
|
|switch|p1a: Thundurus|Thundurus, M|299\/299
|move|p2a: Chesnaught|Leech Seed|p1a: Thundurus
|-start|p1a: Thundurus|move: Leech Seed
|
|-weather|Sandstorm|[upkeep]
|-damage|p1a: Thundurus|281\/299|[from] sandstorm
|-damage|p2a: Chesnaught|224\/380|[from] sandstorm
|-heal|p2a: Chesnaught|247\/380|[from] item: Leftovers
|-damage|p1a: Thundurus|244\/299|[from] Leech Seed|[of] p2a: Chesnaught
|-heal|p2a: Chesnaught|284\/380|[silent]
|turn|16
|
|switch|p1a: Charizard|Charizard-Mega-X, M|258\/315
|move|p2a: Chesnaught|Spikes|p1a: Charizard
|-sidestart|p1: Jack41|Spikes
|
|-weather|Sandstorm|[upkeep]
|-damage|p1a: Charizard|239\/315|[from] sandstorm
|-damage|p2a: Chesnaught|261\/380|[from] sandstorm
|-heal|p2a: Chesnaught|284\/380|[from] item: Leftovers
|turn|17
|
|switch|p2a: Altaria|Altaria-Mega, F|244\/354
|-damage|p2a: Altaria|200\/354|[from] Stealth Rock
|move|p1a: Charizard|Dragon Dance|p1a: Charizard
|-boost|p1a: Charizard|atk|1
|-boost|p1a: Charizard|spe|1
|
|-weather|Sandstorm|[upkeep]
|-damage|p1a: Charizard|220\/315|[from] sandstorm
|-damage|p2a: Altaria|178\/354|[from] sandstorm
|turn|18
|
|move|p1a: Charizard|Flare Blitz|p2a: Altaria
|-resisted|p2a: Altaria
|-damage|p2a: Altaria|41\/354
|-damage|p1a: Charizard|175\/315|[from] recoil|[of] p2a: Altaria
|move|p2a: Altaria|Roost|p2a: Altaria
|-heal|p2a: Altaria|218\/354
|
|-weather|Sandstorm|[upkeep]
|-damage|p1a: Charizard|156\/315|[from] sandstorm
|-damage|p2a: Altaria|196\/354|[from] sandstorm
|turn|19
|
|switch|p1a: Excadrill|Excadrill, M|199\/361
|-damage|p1a: Excadrill|154\/361|[from] Spikes
|move|p2a: Altaria|Frustration|p1a: Excadrill
|-resisted|p1a: Excadrill
|-damage|p1a: Excadrill|27\/361
|
|-weather|none
|turn|20
|
|switch|p2a: Chesnaught|Chesnaught, F|284\/380
|-damage|p2a: Chesnaught|261\/380|[from] Stealth Rock
|move|p1a: Excadrill|Iron Head|p2a: Chesnaught
|-damage|p2a: Chesnaught|151\/380
|-damage|p1a: Excadrill|0 fnt|[from] item: Life Orb
|faint|p1a: Excadrill
|
|-heal|p2a: Chesnaught|174\/380|[from] item: Leftovers
|
|switch|p1a: Charizard|Charizard-Mega-X, M|156\/315
|-damage|p1a: Charizard|117\/315|[from] Spikes
|turn|21
|
|move|p1a: Charizard|Flare Blitz|p2a: Chesnaught
|-supereffective|p2a: Chesnaught
|-damage|p2a: Chesnaught|0 fnt
|-damage|p1a: Charizard|60\/315|[from] recoil|[of] p2a: Chesnaught
|faint|p2a: Chesnaught
|
|
|switch|p2a: Altaria|Altaria-Mega, F|196\/354
|-damage|p2a: Altaria|152\/354|[from] Stealth Rock
|turn|22
|
|move|p1a: Charizard|Earthquake|p2a: Altaria
|-damage|p2a: Altaria|65\/354
|move|p2a: Altaria|Dragon Dance|p2a: Altaria
|-boost|p2a: Altaria|atk|1
|-boost|p2a: Altaria|spe|1
|
|turn|23
|
|move|p1a: Charizard|Dragon Dance|p1a: Charizard
|-boost|p1a: Charizard|atk|1
|-boost|p1a: Charizard|spe|1
|move|p2a: Altaria|Roost|p2a: Altaria
|-heal|p2a: Altaria|242\/354
|
|turn|24
|
|move|p1a: Charizard|Earthquake|p2a: Altaria
|-crit|p2a: Altaria
|-damage|p2a: Altaria|76\/354
|move|p2a: Altaria|Frustration|p1a: Charizard
|-damage|p1a: Charizard|0 fnt
|faint|p1a: Charizard
|
|
|switch|p1a: Dragonite|Dragonite, F|324\/324
|turn|25
|
|move|p1a: Dragonite|Extreme Speed|p2a: Altaria
|-damage|p2a: Altaria|9\/354
|move|p2a: Altaria|Roost|p2a: Altaria
|-heal|p2a: Altaria|186\/354
|
|turn|26
|c|âFlyingSunray|lol
|c|âFlyingSunray|isnt alt amazing
|c|âFlyingSunray|i keep trying to tell ppl it is truly the ebst mega
|
|switch|p1a: Tyranitar|Tyranitar, M|167\/403
|-damage|p1a: Tyranitar|117\/403|[from] Spikes
|-weather|Sandstorm
|move|p2a: Altaria|Dragon Dance|p2a: Altaria
|-boost|p2a: Altaria|atk|1
|-boost|p2a: Altaria|spe|1
|
|-weather|Sandstorm|[upkeep]
|-damage|p2a: Altaria|164\/354|[from] sandstorm
|turn|27
|c|âJack41|im just mad my zard was faster
|c|âFlyingSunray|lol
|
|move|p2a: Altaria|Frustration|p1a: Tyranitar
|-supereffective|p1a: Tyranitar
|-damage|p1a: Tyranitar|0 fnt
|faint|p1a: Tyranitar
|
|-weather|Sandstorm|[upkeep]
|-damage|p2a: Altaria|142\/354|[from] sandstorm
|
|switch|p1a: Thundurus|Thundurus, M|244\/299
|turn|28
|c|âJack41|after ur ddance
|
|move|p1a: Thundurus|Thunder Wave|p2a: Altaria
|-status|p2a: Altaria|par
|move|p2a: Altaria|Frustration|p1a: Thundurus
|-damage|p1a: Thundurus|0 fnt
|faint|p1a: Thundurus
|
|-weather|Sandstorm|[upkeep]
|-damage|p2a: Altaria|120\/354 par|[from] sandstorm
|c|âFlyingSunray|well
|c|âFlyingSunray|thats natural
|
|switch|p1a: Dragonite|Dragonite, F|324\/324
|turn|29
|
|move|p1a: Dragonite|Dragon Dance|p1a: Dragonite
|-boost|p1a: Dragonite|atk|1
|-boost|p1a: Dragonite|spe|1
|move|p2a: Altaria|Roost|p2a: Altaria
|-heal|p2a: Altaria|297\/354 par
|
|-weather|Sandstorm|[upkeep]
|-damage|p1a: Dragonite|304\/324|[from] sandstorm
|-damage|p2a: Altaria|275\/354 par|[from] sandstorm
|turn|30
|
|move|p1a: Dragonite|Earthquake|p2a: Altaria
|-damage|p2a: Altaria|148\/354 par
|move|p2a: Altaria|Frustration|p1a: Dragonite
|-supereffective|p1a: Dragonite
|-damage|p1a: Dragonite|0 fnt
|faint|p1a: Dragonite
|
|win|FlyingSunray