|join|FlyingSunray
|join|Take This Dickers
|join|ireallysuckPKMN22
|c|âTake This Dickers|time to get killed
|join|HighTest
|player|p1|FlyingSunray|288
|player|p2|Take This Dickers|76
|gametype|singles
|gen|6
|tier|OU
|clearpoke
|poke|p1|Venusaur, F
|poke|p1|Heatran, M
|poke|p1|Skarmory, M
|poke|p1|Gothitelle, F
|poke|p1|Manaphy
|poke|p1|Gengar, F
|poke|p2|Clefable, M
|poke|p2|Dugtrio, M
|poke|p2|Scizor, M
|poke|p2|Terrakion
|poke|p2|Latios, M
|poke|p2|Azumarill, F
|rule|Swagger Clause: Swagger is banned
|rule|Baton Pass Clause: Limit one PokÃ©mon knowing Baton Pass
|rule|Sleep Clause Mod: Limit one foe put to sleep
|rule|Species Clause: Limit one of each PokÃ©mon
|rule|OHKO Clause: OHKO moves are banned
|rule|Moody Clause: Moody is banned
|rule|Evasion Moves Clause: Evasion moves are banned
|rule|Endless Battle Clause: Forcing endless battles is banned
|rule|HP Percentage Mod: HP is shown in percentages
|teampreview
|c| ireallysuckPKMN22|lol
|join|deathbored
|c| ireallysuckPKMN22|no dickens
|join|Updated Kanto
|c|âTake This Dickers|gl hf
|c| ireallysuckPKMN22|youl win
|c| ireallysuckPKMN22|u2 ]
|join|ChameArt
|c|âFlyingSunray|Thanks you too
|leave|ChameArt
|join|Tolsof
|leave|HighTest
|c| ireallysuckPKMN22|ChameArt left :(
|join|HighTest
|join|FasterThanDeoxys-S
|c| Updated Kanto|dugtrio = volc won here
|join|Vaporeon for Ubers
|c| Updated Kanto|where is ur volc snicks
|c|âTake This Dickers|idk,...
|c| Updated Kanto|dugtrio + volc*
|c|âTake This Dickers|thats actually
|c|âTake This Dickers|a good idea
|c| ireallysuckPKMN22|watch this lead
|c|âTake This Dickers|lol
|c| ireallysuckPKMN22|lead qith azu
|join|808 & Heartbreak
|join|Breeloom
|
|start
|switch|p1a: Manaphy|Manaphy|404\/404
|switch|p2a: Dugtrio|Dugtrio, M|211\/211
|turn|1
|c| ireallysuckPKMN22|... told yoiu to lead  with azu]
|c|âTake This Dickers|do i have
|c|âTake This Dickers|anything for manaphy..
|c| Breeloom|no
|c| Breeloom|you lose
|c| ireallysuckPKMN22|watch this manaphy
|c|âTake This Dickers|well fuck
|
|move|p2a: Dugtrio|Earthquake|p1a: Manaphy
|-damage|p1a: Manaphy|286\/404
|move|p1a: Manaphy|Scald|p2a: Dugtrio
|-supereffective|p2a: Dugtrio
|-enditem|p2a: Dugtrio|Focus Sash
|-damage|p2a: Dugtrio|1\/211
|
|-heal|p1a: Manaphy|311\/404|[from] item: Leftovers
|turn|2
|c| ireallysuckPKMN22|it oh kohs errything
|c|âTake This Dickers|there goes using dugtiro for tran
|c| ireallysuckPKMN22|um tail glow
|c| ireallysuckPKMN22|watch this play
|c|âFlyingSunray|he has azumarill, its not wise to tail glow so early
|c| ireallysuckPKMN22|lads
|
|move|p2a: Dugtrio|Stealth Rock|p1a: Manaphy
|-sidestart|p1: FlyingSunray|move: Stealth Rock
|move|p1a: Manaphy|Scald|p2a: Dugtrio
|-supereffective|p2a: Dugtrio
|-damage|p2a: Dugtrio|0 fnt
|faint|p2a: Dugtrio
|
|-heal|p1a: Manaphy|336\/404|[from] item: Leftovers
|c| ireallysuckPKMN22|look
|
|switch|p2a: Azumarill|Azumarill, F|363\/363
|turn|3
|
|switch|p1a: Venusaur|Venusaur, F|363\/363
|-damage|p1a: Venusaur|318\/363|[from] Stealth Rock
|move|p2a: Azumarill|Waterfall|p1a: Venusaur
|-resisted|p1a: Venusaur
|-damage|p1a: Venusaur|210\/363
|
|turn|4
|c|âTake This Dickers|i miss
|c| ireallysuckPKMN22|Take This Dickersdidnt i dd with rados at start
|c|âTake This Dickers|ice punch on this lol
|c| ireallysuckPKMN22|take this superpower
|
|switch|p2a: Latios|Latios, M|302\/302
|detailschange|p1a: Venusaur|Venusaur-Mega, F
|-mega|p1a: Venusaur|Venusaur|Venusaurite
|move|p1a: Venusaur|Synthesis|p1a: Venusaur
|-heal|p1a: Venusaur|363\/363
|
|turn|5
|c| ireallysuckPKMN22|mega venesaur looks lame
|
|switch|p2a: Azumarill|Azumarill, F|363\/363
|switch|p1a: Gothitelle|Gothitelle, F|343\/343
|-damage|p1a: Gothitelle|301\/343|[from] Stealth Rock
|
|-heal|p1a: Gothitelle|322\/343|[from] item: Leftovers
|turn|6
|c|âTake This Dickers|u loook lame
|c|âTake This Dickers|*look
|c| ireallysuckPKMN22|ya mumlooks lame
|c|âTake This Dickers|!dt gothitelle
|c|~|\/data-pokemon Gothitelle
|raw|<font size="1"><font color=#585858>Dex#:<\/font> 576&nbsp;|&ThickSpace;<font color=#585858>Height:<\/font> 1.5 m&nbsp;|&ThickSpace;<font color=#585858>Weight:<\/font> 44 kg <em>(60 BP)<\/em>&nbsp;|&ThickSpace;<font color=#585858>Dex Colour:<\/font> Purple&nbsp;|&ThickSpace;<font color=#585858>Egg Group(s):<\/font> Human-Like&nbsp;|&ThickSpace;<font color=#585858><font color=#585858>Does Not Evolve<\/font><\/font><\/font>
|c|âTake This Dickers|ok
|c| ireallysuckPKMN22|in bed
|
|switch|p1a: Venusaur|Venusaur-Mega, F|363\/363
|-damage|p1a: Venusaur|318\/363|[from] Stealth Rock
|move|p2a: Azumarill|Waterfall|p1a: Venusaur
|-resisted|p1a: Venusaur
|-damage|p1a: Venusaur|242\/363
|
|turn|7
|
|move|p1a: Venusaur|Sludge Bomb|p2a: Azumarill
|-crit|p2a: Azumarill
|-supereffective|p2a: Azumarill
|-damage|p2a: Azumarill|0 fnt
|faint|p2a: Azumarill
|
|c| ireallysuckPKMN22|lets play the insult game
|c|âTake This Dickers|.,.
|c|âTake This Dickers|not my best play
|c| ireallysuckPKMN22|dickens you start
|
|switch|p2a: Scizor|Scizor, M|343\/343
|turn|8
|c| ireallysuckPKMN22|make an inssult!
|raw|<div class="broadcast-red"><b>Moderated chat was set to +!<\/b><br \/>Only users of rank + and higher can talk.<\/div>
|c|âTake This Dickers|ok screw you
Breeloom was promoted to Room Voice by Take This Dickers.
Vaporeon for Ubers was promoted to Room Voice by Take This Dickers.
|c|âTake This Dickers|is kanto no?
|c|âTake This Dickers|*on
|join|Updated Kanto
HighTest was promoted to Room Voice by Take This Dickers.
|
|detailschange|p2a: Scizor|Scizor-Mega, M
|-mega|p2a: Scizor|Scizor|Scizorite
|move|p1a: Venusaur|Hidden Power|p2a: Scizor
|-supereffective|p2a: Scizor
|-damage|p2a: Scizor|167\/343
|move|p2a: Scizor|Swords Dance|p2a: Scizor
|-boost|p2a: Scizor|atk|2
|
|turn|9
Updated Kanto was promoted to Room Voice by Take This Dickers.
|
|move|p2a: Scizor|Bullet Punch|p1a: Venusaur
|-damage|p1a: Venusaur|103\/363
|move|p1a: Venusaur|Hidden Power|p2a: Scizor
|-supereffective|p2a: Scizor
|-damage|p2a: Scizor|0 fnt
|faint|p2a: Scizor
|
|c|âTake This Dickers|ok
|c|âTake This Dickers|im a idiot
|
|switch|p2a: Latios|Latios, M|302\/302
|turn|10
|
|move|p2a: Latios|Psyshock|p1a: Venusaur
|-supereffective|p1a: Venusaur
|-damage|p1a: Venusaur|0 fnt
|-damage|p2a: Latios|272\/302|[from] item: Life Orb
|faint|p1a: Venusaur
|
|
|switch|p1a: Gothitelle|Gothitelle, F|322\/343
|-damage|p1a: Gothitelle|280\/343|[from] Stealth Rock
|turn|11
|
|move|p2a: Latios|Draco Meteor|p1a: Gothitelle
|-damage|p1a: Gothitelle|72\/343
|-unboost|p2a: Latios|spa|2
|-damage|p2a: Latios|242\/302|[from] item: Life Orb
|move|p1a: Gothitelle|Calm Mind|p1a: Gothitelle
|-boost|p1a: Gothitelle|spa|1
|-boost|p1a: Gothitelle|spd|1
|
|-heal|p1a: Gothitelle|93\/343|[from] item: Leftovers
|turn|12
|c|âTake This Dickers|inb4 miss..
|
|move|p2a: Latios|Draco Meteor|p1a: Gothitelle
|-damage|p1a: Gothitelle|22\/343
|-unboost|p2a: Latios|spa|2
|-damage|p2a: Latios|212\/302|[from] item: Life Orb
|move|p1a: Gothitelle|Rest|p1a: Gothitelle
|-status|p1a: Gothitelle|slp
|-heal|p1a: Gothitelle|343\/343 slp|[silent]
|-status|p1a: Gothitelle|slp|[from] move: Rest
|
|turn|13
|c|âTake This Dickers|shit
|
|move|p2a: Latios|Draco Meteor|p1a: Gothitelle|[miss]
|-miss|p2a: Latios|p1a: Gothitelle
|cant|p1a: Gothitelle|slp
|
|turn|14
|
|move|p2a: Latios|Draco Meteor|p1a: Gothitelle
|-damage|p1a: Gothitelle|299\/343 slp
|-unboost|p2a: Latios|spa|2
|-damage|p2a: Latios|182\/302|[from] item: Life Orb
|cant|p1a: Gothitelle|slp
|
|-heal|p1a: Gothitelle|320\/343 slp|[from] item: Leftovers
|turn|15
|
|move|p2a: Latios|Draco Meteor|p1a: Gothitelle
|-damage|p1a: Gothitelle|288\/343 slp
|-damage|p2a: Latios|152\/302|[from] item: Life Orb
|-curestatus|p1a: Gothitelle|slp
|move|p1a: Gothitelle|Psyshock|p2a: Latios
|-resisted|p2a: Latios
|-damage|p2a: Latios|59\/302
|
|-heal|p1a: Gothitelle|309\/343|[from] item: Leftovers
|turn|16
|leave|deathbored
|
|move|p2a: Latios|Roost|p2a: Latios
|-heal|p2a: Latios|210\/302
|move|p1a: Gothitelle|Psyshock|p2a: Latios
|-resisted|p2a: Latios
|-damage|p2a: Latios|121\/302
|
|-heal|p1a: Gothitelle|330\/343|[from] item: Leftovers
|turn|17
|join|Trashc0mpactor
|join|ebin tilt ost test
|join|Clefairy
|
|move|p2a: Latios|Draco Meteor|p1a: Gothitelle
|-damage|p1a: Gothitelle|298\/343
|-damage|p2a: Latios|91\/302|[from] item: Life Orb
|move|p1a: Gothitelle|Psyshock|p2a: Latios
|-resisted|p2a: Latios
|-damage|p2a: Latios|7\/302
|
|-heal|p1a: Gothitelle|319\/343|[from] item: Leftovers
|turn|18
|
|move|p2a: Latios|Roost|p2a: Latios
|-heal|p2a: Latios|158\/302
|move|p1a: Gothitelle|Psyshock|p2a: Latios
|-resisted|p2a: Latios
|-damage|p2a: Latios|66\/302
|
|-heal|p1a: Gothitelle|340\/343|[from] item: Leftovers
|turn|19
|join|I'm Rick Astley
|leave|I'm Rick Astley
|
|move|p2a: Latios|Draco Meteor|p1a: Gothitelle
|-damage|p1a: Gothitelle|308\/343
|-damage|p2a: Latios|36\/302|[from] item: Life Orb
|move|p1a: Gothitelle|Psyshock|p2a: Latios
|-resisted|p2a: Latios
|-damage|p2a: Latios|0 fnt
|faint|p2a: Latios
|
|-heal|p1a: Gothitelle|329\/343|[from] item: Leftovers
|leave|Tolsof
|
|switch|p2a: Clefable|Clefable, M|394\/394
|turn|20
|
|move|p1a: Gothitelle|Calm Mind|p1a: Gothitelle
|-boost|p1a: Gothitelle|spa|1
|-boost|p1a: Gothitelle|spd|1
|move|p2a: Clefable|Calm Mind|p2a: Clefable
|-boost|p2a: Clefable|spa|1
|-boost|p2a: Clefable|spd|1
|
|-heal|p1a: Gothitelle|343\/343|[from] item: Leftovers
|turn|21
|c|âTake This Dickers|qIR
|c|âTake This Dickers|*WAIT
|c|âTake This Dickers|ol u have psyshsock
|
|move|p1a: Gothitelle|Psyshock|p2a: Clefable
|-damage|p2a: Clefable|229\/394
|move|p2a: Clefable|Calm Mind|p2a: Clefable
|-boost|p2a: Clefable|spa|1
|-boost|p2a: Clefable|spd|1
|
|-heal|p2a: Clefable|253\/394|[from] item: Leftovers
|turn|22
|c|âTake This Dickers|gg
|c|âFlyingSunray|gg
|
|move|p1a: Gothitelle|Psyshock|p2a: Clefable
|-damage|p2a: Clefable|67\/394
|move|p2a: Clefable|Moonblast|p1a: Gothitelle
|-damage|p1a: Gothitelle|276\/343
|
|-heal|p1a: Gothitelle|297\/343|[from] item: Leftovers
|-heal|p2a: Clefable|91\/394|[from] item: Leftovers
|turn|23
|-message|Take This Dickers forfeited.
|leave|Take This Dickers
|
|win|FlyingSunray
|player|p2
|leave|ireallysuckPKMN22
|leave|FasterThanDeoxys-S
|leave|HighTest
|leave|ebin tilt ost test
|leave|Clefairy