|join|FlyingSunray
|join|RevMasta
|player|p1|FlyingSunray|288
|player|p2|RevMasta|109
|gametype|singles
|gen|6
|tier|OU
|clearpoke
|poke|p1|Politoed, F
|poke|p1|Swampert, F
|poke|p1|Kingdra, M
|poke|p1|Latios, M
|poke|p1|Klefki, F
|poke|p1|Tornadus-Therian, M
|poke|p2|Dragalge, F, shiny
|poke|p2|Serperior, M
|poke|p2|Magnezone
|poke|p2|Dugtrio, F
|poke|p2|Tornadus-Therian, M, shiny
|poke|p2|Skarmory, F, shiny
|rule|Swagger Clause: Swagger is banned
|rule|Baton Pass Clause: Limit one PokÃ©mon knowing Baton Pass
|rule|Sleep Clause Mod: Limit one foe put to sleep
|rule|Species Clause: Limit one of each PokÃ©mon
|rule|OHKO Clause: OHKO moves are banned
|rule|Moody Clause: Moody is banned
|rule|Evasion Moves Clause: Evasion moves are banned
|rule|Endless Battle Clause: Forcing endless battles is banned
|rule|HP Percentage Mod: HP is shown in percentages
|teampreview
|
|start
|switch|p1a: Klefki|Klefki, F|317\/317
|switch|p2a: Serperior|Serperior, M|291\/291
|turn|1
|
|move|p1a: Klefki|Thunder Wave|p2a: Serperior
|-status|p2a: Serperior|par
|move|p2a: Serperior|Leaf Storm|p1a: Klefki|[miss]
|-miss|p2a: Serperior|p1a: Klefki
|
|turn|2
|c|âRevMasta|was something wrecking u?
|
|switch|p1a: Tornadus-Therian|Tornadus-Therian, M|341\/341
|switch|p2a: Dugtrio|Dugtrio, F|211\/211
|
|turn|3
|c|âFlyingSunray|not really
|c|âFlyingSunray|but
|c|âFlyingSunray|it was hard for me to break walls
|c|âFlyingSunray|so
|c|âFlyingSunray|im trying something gimmicky
|
|switch|p2a: Dragalge|Dragalge, F, shiny|333\/333
|move|p1a: Tornadus-Therian|U-turn|p2a: Dragalge
|-resisted|p2a: Dragalge
|-damage|p2a: Dragalge|303\/333
|
|switch|p1a: Klefki|Klefki, F|317\/317
|
|turn|4
|c|âRevMasta|i already dug myself a hole
|
|switch|p2a: Dugtrio|Dugtrio, F|211\/211
|move|p1a: Klefki|Spikes|p2a: Dugtrio
|-sidestart|p2: RevMasta|Spikes
|
|turn|5
|
|move|p1a: Klefki|Reflect|p1a: Klefki
|-sidestart|p1: FlyingSunray|Reflect
|move|p2a: Dugtrio|Earthquake|p1a: Klefki
|-supereffective|p1a: Klefki
|-damage|p1a: Klefki|188\/317
|
|turn|6
|
|move|p1a: Klefki|Spikes|p2a: Dugtrio
|-sidestart|p2: RevMasta|Spikes
|move|p2a: Dugtrio|Earthquake|p1a: Klefki
|-supereffective|p1a: Klefki
|-damage|p1a: Klefki|65\/317
|
|turn|7
|
|move|p1a: Klefki|Rain Dance|p1a: Klefki
|-weather|RainDance
|move|p2a: Dugtrio|Earthquake|p1a: Klefki
|-supereffective|p1a: Klefki
|-damage|p1a: Klefki|0 fnt
|faint|p1a: Klefki
|
|-weather|RainDance|[upkeep]
|
|switch|p1a: Swampert|Swampert, F|360\/360
|turn|8
|
|detailschange|p1a: Swampert|Swampert-Mega, F
|-mega|p1a: Swampert|Swampert|Swampertite
|move|p2a: Dugtrio|Memento|p1a: Swampert
|-unboost|p1a: Swampert|atk|2
|-unboost|p1a: Swampert|spa|2
|faint|p2a: Dugtrio
|move|p1a: Swampert|Waterfall|p2: Dugtrio|[notarget]
|-notarget
|
|-weather|RainDance|[upkeep]
|
|switch|p2a: Serperior|Serperior, M|291\/291 par
|-damage|p2a: Serperior|243\/291 par|[from] Spikes
|turn|9
|
|switch|p1a: Tornadus-Therian|Tornadus-Therian, M|341\/341
|switch|p2a: Skarmory|Skarmory, F, shiny|333\/333
|
|-weather|RainDance|[upkeep]
|-sideend|p1: FlyingSunray|Reflect
|turn|10
|
|move|p1a: Tornadus-Therian|Hurricane|p2a: Skarmory
|-resisted|p2a: Skarmory
|-damage|p2a: Skarmory|240\/333
|-start|p2a: Skarmory|confusion
|-activate|p2a: Skarmory|confusion
|move|p2a: Skarmory|Defog|p1a: Tornadus-Therian
|-unboost|p1a: Tornadus-Therian|evasion|1
|-sideend|p2: RevMasta|Spikes|[from] move: Defog|[of] p2a: Skarmory
|
|-weather|RainDance|[upkeep]
|turn|11
|
|move|p1a: Tornadus-Therian|Knock Off|p2a: Skarmory
|-damage|p2a: Skarmory|192\/333
|-enditem|p2a: Skarmory|Shed Shell|[from] move: Knock Off|[of] p1a: Tornadus-Therian
|-activate|p2a: Skarmory|confusion
|-damage|p2a: Skarmory|177\/333|[from] confusion
|
|-weather|RainDance|[upkeep]
|turn|12
|
|move|p1a: Tornadus-Therian|U-turn|p2a: Skarmory
|-resisted|p2a: Skarmory
|-damage|p2a: Skarmory|169\/333
|
|switch|p1a: Kingdra|Kingdra, M|321\/321
|-activate|p2a: Skarmory|confusion
|-damage|p2a: Skarmory|153\/333|[from] confusion
|
|-weather|RainDance|[upkeep]
|turn|13
|c|âRevMasta|nice
|c|âRevMasta|should be game now
|c|âRevMasta|gg
|
|move|p1a: Kingdra|Focus Energy|p1a: Kingdra
|-start|p1a: Kingdra|move: Focus Energy
|-end|p2a: Skarmory|confusion
|move|p2a: Skarmory|Roost|p2a: Skarmory
|-heal|p2a: Skarmory|320\/333
|
|-weather|RainDance|[upkeep]
|turn|14
|c|âFlyingSunray|lol
|
|switch|p2a: Serperior|Serperior, M|243\/291 par
|move|p1a: Kingdra|Surf|p2a: Serperior
|-crit|p2a: Serperior
|-resisted|p2a: Serperior
|-damage|p2a: Serperior|35\/291 par
|-damage|p1a: Kingdra|289\/321|[from] item: Life Orb
|
|-weather|none
|turn|15
|
|move|p1a: Kingdra|Surf|p2a: Serperior
|-crit|p2a: Serperior
|-resisted|p2a: Serperior
|-damage|p2a: Serperior|0 fnt
|-damage|p1a: Kingdra|257\/321|[from] item: Life Orb
|faint|p2a: Serperior
|
|
|switch|p2a: Tornadus-Therian|Tornadus-Therian, M, shiny|299\/299
|turn|16
|
|switch|p1a: Swampert|Swampert-Mega, F|360\/360
|move|p2a: Tornadus-Therian|Knock Off|p1a: Swampert
|-damage|p1a: Swampert|287\/360
|-damage|p2a: Tornadus-Therian|270\/299|[from] item: Life Orb
|
|turn|17
|c|âFlyingSunray|you havent even seen the best part
|
|move|p2a: Tornadus-Therian|Air Slash|p1a: Swampert|[miss]
|-miss|p2a: Tornadus-Therian|p1a: Swampert
|move|p1a: Swampert|Waterfall|p2a: Tornadus-Therian
|-crit|p2a: Tornadus-Therian
|-damage|p2a: Tornadus-Therian|0 fnt
|faint|p2a: Tornadus-Therian
|
|c|âRevMasta|wow
|
|switch|p2a: Skarmory|Skarmory, F, shiny|320\/333
|turn|18
|
|switch|p1a: Politoed|Politoed, F|383\/383
|-weather|RainDance
|move|p2a: Skarmory|Drill Peck|p1a: Politoed
|-damage|p1a: Politoed|296\/383
|
|-weather|RainDance|[upkeep]
|turn|19
|
|switch|p2a: Dragalge|Dragalge, F, shiny|303\/333
|move|p1a: Politoed|Scald|p2a: Dragalge
|-resisted|p2a: Dragalge
|-damage|p2a: Dragalge|267\/333
|
|-weather|RainDance|[upkeep]
|turn|20
|
|move|p1a: Politoed|Ice Beam|p2a: Dragalge
|-supereffective|p2a: Dragalge
|-damage|p2a: Dragalge|199\/333
|move|p2a: Dragalge|Sludge Wave|p1a: Politoed
|-damage|p1a: Politoed|146\/383
|
|-weather|RainDance|[upkeep]
|turn|21
|c|âFlyingSunray|eats it up
|
|move|p1a: Politoed|Encore|p2a: Dragalge
|-start|p2a: Dragalge|Encore
|move|p2a: Dragalge|Sludge Wave|p1a: Politoed
|-damage|p1a: Politoed|0 fnt
|faint|p1a: Politoed
|
|-weather|RainDance|[upkeep]
|
|switch|p1a: Latios|Latios, M|363\/363
|turn|22
|c|âFlyingSunray|im too excited
|
|switch|p2a: Magnezone|Magnezone|343\/343
|move|p1a: Latios|Light Screen|p1a: Latios
|-sidestart|p1: FlyingSunray|move: Light Screen
|
|-weather|RainDance|[upkeep]
|turn|23
|
|move|p1a: Latios|Reflect|p1a: Latios
|-sidestart|p1: FlyingSunray|Reflect
|move|p2a: Magnezone|Flash Cannon|p1a: Latios
|-damage|p1a: Latios|289\/363
|
|-weather|RainDance|[upkeep]
|turn|24
|
|move|p1a: Latios|Rain Dance|p1a: Latios
|-fail|p1a: Latios
|move|p2a: Magnezone|Flash Cannon|p1a: Latios
|-damage|p1a: Latios|215\/363
|
|-weather|RainDance|[upkeep]
|turn|25
|
|move|p1a: Latios|Rain Dance|p1a: Latios
|-fail|p1a: Latios
|move|p2a: Magnezone|Flash Cannon|p1a: Latios
|-damage|p1a: Latios|149\/363
|
|-weather|none
|turn|26
|
|move|p1a: Latios|Rain Dance|p1a: Latios
|-weather|RainDance
|move|p2a: Magnezone|Volt Switch|p1a: Latios
|-resisted|p1a: Latios
|-damage|p1a: Latios|117\/363
|
|switch|p2a: Skarmory|Skarmory, F, shiny|320\/333
|
|-weather|RainDance|[upkeep]
|turn|27
|
|move|p1a: Latios|Memento|p2a: Skarmory
|-unboost|p2a: Skarmory|atk|2
|-unboost|p2a: Skarmory|spa|2
|faint|p1a: Latios
|move|p2a: Skarmory|Roost|p2a: Skarmory
|-heal|p2a: Skarmory|333\/333
|
|-weather|RainDance|[upkeep]
|
|switch|p1a: Kingdra|Kingdra, M|257\/321
|turn|28
|
|switch|p2a: Magnezone|Magnezone|343\/343
|move|p1a: Kingdra|Surf|p2a: Magnezone
|-damage|p2a: Magnezone|23\/343
|-damage|p1a: Kingdra|225\/321|[from] item: Life Orb
|
|-weather|RainDance|[upkeep]
|turn|29
|
|move|p1a: Kingdra|Surf|p2a: Magnezone
|-damage|p2a: Magnezone|0 fnt
|-damage|p1a: Kingdra|193\/321|[from] item: Life Orb
|faint|p2a: Magnezone
|
|-weather|RainDance|[upkeep]
|-sideend|p1: FlyingSunray|move: Light Screen
|
|switch|p2a: Dragalge|Dragalge, F, shiny|199\/333
|turn|30
|
|move|p1a: Kingdra|Ice Beam|p2a: Dragalge
|-supereffective|p2a: Dragalge
|-damage|p2a: Dragalge|56\/333
|-damage|p1a: Kingdra|161\/321|[from] item: Life Orb
|move|p2a: Dragalge|Draco Meteor|p1a: Kingdra
|-supereffective|p1a: Kingdra
|-damage|p1a: Kingdra|0 fnt
|-unboost|p2a: Dragalge|spa|2
|faint|p1a: Kingdra
|
|-weather|none
|-sideend|p1: FlyingSunray|Reflect
|
|switch|p1a: Swampert|Swampert-Mega, F|287\/360
|turn|31
|
|switch|p2a: Skarmory|Skarmory, F, shiny|333\/333
|move|p1a: Swampert|Waterfall|p2a: Skarmory
|-damage|p2a: Skarmory|239\/333
|
|turn|32
|c|âFlyingSunray|i have the wrong item
|
|move|p1a: Swampert|Waterfall|p2a: Skarmory
|-damage|p2a: Skarmory|130\/333
|move|p2a: Skarmory|Roost|p2a: Skarmory
|-heal|p2a: Skarmory|297\/333
|
|turn|33
|
|move|p1a: Swampert|Waterfall|p2a: Skarmory
|-damage|p2a: Skarmory|200\/333
|cant|p2a: Skarmory|flinch
|
|turn|34
|
|move|p1a: Swampert|Waterfall|p2a: Skarmory
|-damage|p2a: Skarmory|104\/333
|move|p2a: Skarmory|Roost|p2a: Skarmory
|-heal|p2a: Skarmory|271\/333
|
|turn|35
|
|move|p1a: Swampert|Waterfall|p2a: Skarmory
|-damage|p2a: Skarmory|178\/333
|move|p2a: Skarmory|Counter|p1a: Swampert
|-damage|p1a: Swampert|101\/360
|
|turn|36
|
|move|p1a: Swampert|Waterfall|p2a: Skarmory
|-damage|p2a: Skarmory|70\/333
|move|p2a: Skarmory|Roost|p2a: Skarmory
|-heal|p2a: Skarmory|237\/333
|
|turn|37
|
|switch|p1a: Tornadus-Therian|Tornadus-Therian, M|341\/341
|move|p2a: Skarmory|Counter|p1a: Tornadus-Therian
|-fail|p1a: Tornadus-Therian
|
|turn|38
|
|move|p1a: Tornadus-Therian|Hurricane|p2a: Skarmory
|-resisted|p2a: Skarmory
|-damage|p2a: Skarmory|144\/333
|-start|p2a: Skarmory|confusion
|-activate|p2a: Skarmory|confusion
|-damage|p2a: Skarmory|130\/333|[from] confusion
|
|turn|39
|c|âRevMasta|the amount of hax
|c|âRevMasta|my way is absurb
|c|âFlyingSunray|lol
|
|move|p1a: Tornadus-Therian|Hurricane|p2a: Skarmory
|-resisted|p2a: Skarmory
|-damage|p2a: Skarmory|43\/333
|-activate|p2a: Skarmory|confusion
|move|p2a: Skarmory|Roost|p2a: Skarmory
|-heal|p2a: Skarmory|210\/333
|
|turn|40
|
|move|p1a: Tornadus-Therian|Hurricane|p2a: Skarmory|[miss]
|-miss|p1a: Tornadus-Therian|p2a: Skarmory
|-activate|p2a: Skarmory|confusion
|move|p2a: Skarmory|Roost|p2a: Skarmory
|-heal|p2a: Skarmory|333\/333
|
|turn|41
|c|âFlyingSunray|gah
|-message|FlyingSunray forfeited.
|
|win|RevMasta
|c|âRevMasta|lol
|leave|FlyingSunray
|player|p1