|join|Yoda2798
|join|FlyingSunray
|join|LordWienerButt
|player|p1|Yoda2798|143
|player|p2|FlyingSunray|288
|gametype|singles
|gen|6
|tier|OU
|clearpoke
|poke|p1|Landorus-Therian, M
|poke|p1|Ferrothorn, F
|poke|p1|Altaria, F
|poke|p1|Mew
|poke|p1|Raikou
|poke|p1|Manaphy
|poke|p2|Venusaur, F
|poke|p2|Heatran, F
|poke|p2|Skarmory, F
|poke|p2|Gothitelle, F
|poke|p2|Manaphy
|poke|p2|Gengar, M
|rule|Swagger Clause: Swagger is banned
|rule|Baton Pass Clause: Limit one PokÃ©mon knowing Baton Pass
|rule|Sleep Clause Mod: Limit one foe put to sleep
|rule|Species Clause: Limit one of each PokÃ©mon
|rule|OHKO Clause: OHKO moves are banned
|rule|Moody Clause: Moody is banned
|rule|Evasion Moves Clause: Evasion moves are banned
|rule|Endless Battle Clause: Forcing endless battles is banned
|rule|HP Percentage Mod: HP is shown in percentages
|teampreview
|c|âYoda2798|gl hf
|join|Laschero
|join|Bortera
|c|âYoda2798|interesting
|c|âFlyingSunray|Thanks you too pokefren
|join|Yuuki the Trinity
|c|âYoda2798|2 manaphys
|c|âYoda2798|lol
|c|âFlyingSunray|haha
|c|âFlyingSunray|I think this match will be interesting
|c| Bortera|maniphy to Ubers confirmed
|join|anas.t
|
|start
|switch|p1a: Landorus-Therian|Landorus-Therian, M|352\/352
|switch|p2a: Venusaur|Venusaur, F|363\/363
|-ability|p1a: Landorus-Therian|Intimidate|[of] p2a: Venusaur
|-unboost|p2a: Venusaur|atk|1
|turn|1
|c|âYoda2798|you have no electric immunity for skarm
|c|âFlyingSunray|i can survive without a ground type
|
|detailschange|p2a: Venusaur|Venusaur-Mega, F
|-mega|p2a: Venusaur|Venusaur|Venusaurite
|move|p1a: Landorus-Therian|U-turn|p2a: Venusaur
|-damage|p2a: Venusaur|303\/363
|c|âYoda2798|only 1 resist tho
|c|âFlyingSunray|yeah
|
|switch|p1a: Ferrothorn|Ferrothorn, F|352\/352
|move|p2a: Venusaur|Hidden Power|p1a: Ferrothorn
|-supereffective|p1a: Ferrothorn
|-damage|p1a: Ferrothorn|184\/352
|
|-heal|p1a: Ferrothorn|206\/352|[from] item: Leftovers
|turn|2
|c|âFlyingSunray|i guess we'll see how we do
|join|iasnobeert
|
|switch|p2a: Heatran|Heatran, F|386\/386
|move|p1a: Ferrothorn|Thunder Wave|p2a: Heatran
|-status|p2a: Heatran|par
|
|-heal|p1a: Ferrothorn|228\/352|[from] item: Leftovers
|turn|3
|
|switch|p1a: Landorus-Therian|Landorus-Therian, M|352\/352
|-ability|p1a: Landorus-Therian|Intimidate|[of] p2a: Heatran
|-unboost|p2a: Heatran|atk|1
|move|p2a: Heatran|Stealth Rock|p1a: Landorus-Therian
|-sidestart|p1: Yoda2798|move: Stealth Rock
|
|turn|4
|
|switch|p2a: Skarmory|Skarmory, F|333\/333
|move|p1a: Landorus-Therian|Smack Down|p2a: Skarmory
|-damage|p2a: Skarmory|295\/333
|-start|p2a: Skarmory|Smack Down
|
|turn|5
|c|âFlyingSunray|nb
|join|ninjatears4u
|c|âFlyingSunray|does that mean u arent scarf
|c|âYoda2798|lol
|c|âYoda2798|of course
|
|switch|p2a: Gengar|Gengar, M|297\/297
|move|p1a: Landorus-Therian|Smack Down|p2a: Gengar
|-damage|p2a: Gengar|195\/297
|-start|p2a: Gengar|Smack Down
|
|-heal|p2a: Gengar|213\/297|[from] item: Black Sludge
|turn|6
|
|switch|p2a: Skarmory|Skarmory, F|295\/333
|move|p1a: Landorus-Therian|Earthquake|p2a: Skarmory
|-immune|p2a: Skarmory|[msg]
|
|turn|7
|c|âYoda2798|damn
|
|switch|p1a: Raikou|Raikou|321\/321
|-damage|p1a: Raikou|281\/321|[from] Stealth Rock
|-ability|p1a: Raikou|Pressure
|move|p2a: Skarmory|Whirlwind|p1a: Raikou
|drag|p1a: Altaria|Altaria, F|351\/351
|-damage|p1a: Altaria|264\/351|[from] Stealth Rock
|
|turn|8
|leave|iasnobeert
|
|switch|p2a: Venusaur|Venusaur-Mega, F|303\/363
|detailschange|p1a: Altaria|Altaria-Mega, F
|-mega|p1a: Altaria|Altaria|Altarianite
|move|p1a: Altaria|Frustration|p2a: Venusaur
|-resisted|p2a: Venusaur
|-damage|p2a: Venusaur|235\/363
|
|turn|9
|
|switch|p1a: Mew|Mew|400\/400
|-damage|p1a: Mew|350\/400|[from] Stealth Rock
|move|p2a: Venusaur|Synthesis|p2a: Venusaur
|-heal|p2a: Venusaur|363\/363
|
|-heal|p1a: Mew|375\/400|[from] item: Leftovers
|turn|10
|join|G00NY
|
|switch|p2a: Heatran|Heatran, F|386\/386 par
|move|p1a: Mew|Taunt|p2a: Heatran
|-start|p2a: Heatran|move: Taunt
|
|-heal|p1a: Mew|400\/400|[from] item: Leftovers
|turn|11
|
|move|p1a: Mew|Knock Off|p2a: Heatran
|-damage|p2a: Heatran|312\/386 par
|-enditem|p2a: Heatran|Leftovers|[from] move: Knock Off|[of] p1a: Mew
|cant|p2a: Heatran|par
|
|turn|12
|
|move|p1a: Mew|Knock Off|p2a: Heatran
|-damage|p2a: Heatran|267\/386 par
|cant|p2a: Heatran|par
|
|turn|13
|c|âYoda2798|sorry about parahax
|c|âFlyingSunray|it happens
|
|move|p1a: Mew|Knock Off|p2a: Heatran
|-damage|p2a: Heatran|217\/386 par
|move|p2a: Heatran|Lava Plume|p1a: Mew
|-damage|p1a: Mew|312\/400
|
|-heal|p1a: Mew|337\/400|[from] item: Leftovers
|-end|p2a: Heatran|move: Taunt
|turn|14
|c| anas.t|speed up !!!
|c|âFlyingSunray|besides id rather get haxed for this than something more major
|c|âYoda2798|suppose
|
|move|p1a: Mew|Knock Off|p2a: Heatran
|-damage|p2a: Heatran|170\/386 par
|move|p2a: Heatran|Toxic|p1a: Mew
|-status|p1a: Mew|tox
|
|-heal|p1a: Mew|362\/400 tox|[from] item: Leftovers
|-damage|p1a: Mew|337\/400 tox|[from] psn
|turn|15
|
|move|p1a: Mew|Knock Off|p2a: Heatran
|-damage|p2a: Heatran|123\/386 par
|move|p2a: Heatran|Taunt|p1a: Mew
|-start|p1a: Mew|move: Taunt
|
|-heal|p1a: Mew|362\/400 tox|[from] item: Leftovers
|-damage|p1a: Mew|312\/400 tox|[from] psn
|turn|16
|
|switch|p1a: Manaphy|Manaphy|365\/365
|-damage|p1a: Manaphy|320\/365|[from] Stealth Rock
|move|p2a: Heatran|Lava Plume|p1a: Manaphy
|-resisted|p1a: Manaphy
|-damage|p1a: Manaphy|272\/365
|
|-heal|p1a: Manaphy|294\/365|[from] item: Leftovers
|turn|17
|join|SYMicky Mike
|
|switch|p1a: Mew|Mew|312\/400 tox
|-damage|p1a: Mew|262\/400 tox|[from] Stealth Rock
|switch|p2a: Gothitelle|Gothitelle, F|343\/343
|
|-heal|p1a: Mew|287\/400 tox|[from] item: Leftovers
|-damage|p1a: Mew|262\/400 tox|[from] psn
|turn|18
|
|switch|p2a: Skarmory|Skarmory, F|295\/333
|move|p1a: Mew|Taunt|p2a: Skarmory
|-start|p2a: Skarmory|move: Taunt
|
|-heal|p1a: Mew|287\/400 tox|[from] item: Leftovers
|-damage|p1a: Mew|237\/400 tox|[from] psn
|turn|19
|
|switch|p2a: Heatran|Heatran, F|123\/386 par
|move|p1a: Mew|Will-O-Wisp|p2a: Heatran
|-start|p2a: Heatran|ability: Flash Fire
|
|-heal|p1a: Mew|262\/400 tox|[from] item: Leftovers
|-damage|p1a: Mew|187\/400 tox|[from] psn
|turn|20
|
|move|p1a: Mew|Soft-Boiled|p1a: Mew
|-heal|p1a: Mew|387\/400 tox
|cant|p2a: Heatran|par
|
|-heal|p1a: Mew|400\/400 tox|[from] item: Leftovers
|-damage|p1a: Mew|300\/400 tox|[from] psn
|turn|21
|
|switch|p1a: Altaria|Altaria-Mega, F|264\/351
|-damage|p1a: Altaria|221\/351|[from] Stealth Rock
|move|p2a: Heatran|Lava Plume|p1a: Altaria
|-resisted|p1a: Altaria
|-damage|p1a: Altaria|140\/351
|
|turn|22
|
|switch|p2a: Venusaur|Venusaur-Mega, F|363\/363
|move|p1a: Altaria|Substitute|p1a: Altaria
|-start|p1a: Altaria|Substitute
|-damage|p1a: Altaria|53\/351
|
|turn|23
|join|poneyLeschaises
|
|move|p1a: Altaria|Roost|p1a: Altaria
|-heal|p1a: Altaria|229\/351
|move|p2a: Venusaur|Sludge Bomb|p1a: Altaria
|-supereffective|p1a: Altaria
|-end|p1a: Altaria|Substitute
|
|turn|24
|
|switch|p1a: Ferrothorn|Ferrothorn, F|228\/352
|-damage|p1a: Ferrothorn|206\/352|[from] Stealth Rock
|move|p2a: Venusaur|Hidden Power|p1a: Ferrothorn
|-supereffective|p1a: Ferrothorn
|-damage|p1a: Ferrothorn|38\/352
|
|-heal|p1a: Ferrothorn|60\/352|[from] item: Leftovers
|turn|25
|leave|poneyLeschaises
|
|move|p2a: Venusaur|Hidden Power|p1a: Ferrothorn
|-supereffective|p1a: Ferrothorn
|-damage|p1a: Ferrothorn|0 fnt
|faint|p1a: Ferrothorn
|
|c| anas.t|go flyingsunray
|c|âFlyingSunray|:)
|c|âYoda2798|sorry about that wait
|c|âFlyingSunray|no problem at all
|
|switch|p1a: Mew|Mew|300\/400 tox
|-damage|p1a: Mew|250\/400 tox|[from] Stealth Rock
|turn|26
|join|HighTest
|
|move|p1a: Mew|Knock Off|p2a: Venusaur
|-damage|p2a: Venusaur|329\/363
|move|p2a: Venusaur|Sludge Bomb|p1a: Mew
|-damage|p1a: Mew|157\/400 tox
|
|-heal|p1a: Mew|182\/400 tox|[from] item: Leftovers
|-damage|p1a: Mew|157\/400 tox|[from] psn
|turn|27
|join|JDynasty
|leave|JDynasty
|join|JDynasty
|
|move|p1a: Mew|Soft-Boiled|p1a: Mew
|-heal|p1a: Mew|357\/400 tox
|move|p2a: Venusaur|Giga Drain|p1a: Mew
|-crit|p1a: Mew
|-damage|p1a: Mew|252\/400 tox
|-heal|p2a: Venusaur|363\/363|[from] drain|[of] p1a: Mew
|
|-heal|p1a: Mew|277\/400 tox|[from] item: Leftovers
|-damage|p1a: Mew|227\/400 tox|[from] psn
|turn|28
|
|switch|p1a: Altaria|Altaria-Mega, F|229\/351
|-damage|p1a: Altaria|186\/351|[from] Stealth Rock
|switch|p2a: Heatran|Heatran, F|123\/386 par
|
|turn|29
|c|âYoda2798|that toxic hurts :[
|
|switch|p2a: Venusaur|Venusaur-Mega, F|363\/363
|move|p1a: Altaria|Roost|p1a: Altaria
|-heal|p1a: Altaria|351\/351
|
|turn|30
|c|âYoda2798|but I was predicting gengar to come in on taunt that turn
|c|âFlyingSunray|i know
|c|âFlyingSunray|i wouldnt risk gengar
|c|âFlyingSunray|so easily
|
|switch|p1a: Landorus-Therian|Landorus-Therian, M|352\/352
|-damage|p1a: Landorus-Therian|308\/352|[from] Stealth Rock
|-ability|p1a: Landorus-Therian|Intimidate|[of] p2a: Venusaur
|-unboost|p2a: Venusaur|atk|1
|move|p2a: Venusaur|Sludge Bomb|p1a: Landorus-Therian
|-resisted|p1a: Landorus-Therian
|-damage|p1a: Landorus-Therian|233\/352
|-status|p1a: Landorus-Therian|psn
|
|-heal|p1a: Landorus-Therian|255\/352 psn|[from] item: Leftovers
|-damage|p1a: Landorus-Therian|211\/352 psn|[from] psn
|turn|31
|
|move|p1a: Landorus-Therian|Stealth Rock|p2a: Venusaur
|-sidestart|p2: FlyingSunray|move: Stealth Rock
|move|p2a: Venusaur|Giga Drain|p1a: Landorus-Therian
|-damage|p1a: Landorus-Therian|93\/352 psn
|
|-heal|p1a: Landorus-Therian|115\/352 psn|[from] item: Leftovers
|-damage|p1a: Landorus-Therian|71\/352 psn|[from] psn
|turn|32
|
|move|p1a: Landorus-Therian|Earthquake|p2a: Venusaur
|-damage|p2a: Venusaur|237\/363
|move|p2a: Venusaur|Giga Drain|p1a: Landorus-Therian
|-damage|p1a: Landorus-Therian|0 fnt
|-heal|p2a: Venusaur|273\/363|[from] drain|[of] p1a: Landorus-Therian
|faint|p1a: Landorus-Therian
|
|
|switch|p1a: Raikou|Raikou|281\/321
|-damage|p1a: Raikou|241\/321|[from] Stealth Rock
|-ability|p1a: Raikou|Pressure
|turn|33
|c|âYoda2798|looks like I need parahax to beat this
|
|move|p1a: Raikou|Thunderbolt|p2a: Venusaur
|-resisted|p2a: Venusaur
|-damage|p2a: Venusaur|208\/363
|move|p2a: Venusaur|Sludge Bomb|p1a: Raikou
|-damage|p1a: Raikou|115\/321
|
|-heal|p1a: Raikou|135\/321|[from] item: Leftovers
|turn|34
|c| G00NY|M-Venu just 6-0's the team tbh
|c|âYoda2798|yeah
|
|move|p1a: Raikou|Thunderbolt|p2a: Venusaur
|-resisted|p2a: Venusaur
|-damage|p2a: Venusaur|142\/363
|-status|p2a: Venusaur|par
|move|p2a: Venusaur|Synthesis|p2a: Venusaur
|-heal|p2a: Venusaur|323\/363 par
|
|-heal|p1a: Raikou|155\/321|[from] item: Leftovers
|turn|35
|c| G00NY|It's not really your fault if you lose
|
|move|p1a: Raikou|Shadow Ball|p2a: Venusaur
|-crit|p2a: Venusaur
|-damage|p2a: Venusaur|208\/363 par
|-unboost|p2a: Venusaur|spd|1
|cant|p2a: Venusaur|par
|
|-heal|p1a: Raikou|175\/321|[from] item: Leftovers
|turn|36
|c|âYoda2798|kinda is actually
|c|âYoda2798|clicked wrong team
|c| anas.t|you don t have extrassansory
|c|âYoda2798|other would done better IMO
|c| G00NY|Ah I see
|
|switch|p2a: Heatran|Heatran, F|123\/386 par
|-damage|p2a: Heatran|75\/386 par|[from] Stealth Rock
|move|p1a: Raikou|Shadow Ball|p2a: Heatran
|-damage|p2a: Heatran|15\/386 par
|
|-heal|p1a: Raikou|195\/321|[from] item: Leftovers
|turn|37
|
|move|p1a: Raikou|Shadow Ball|p2a: Heatran
|-damage|p2a: Heatran|0 fnt
|faint|p2a: Heatran
|
|-heal|p1a: Raikou|215\/321|[from] item: Leftovers
|
|switch|p2a: Venusaur|Venusaur-Mega, F|208\/363 par
|-damage|p2a: Venusaur|163\/363 par|[from] Stealth Rock
|turn|38
|
|move|p1a: Raikou|Shadow Ball|p2a: Venusaur
|-damage|p2a: Venusaur|89\/363 par
|move|p2a: Venusaur|Synthesis|p2a: Venusaur
|-heal|p2a: Venusaur|270\/363 par
|
|-heal|p1a: Raikou|235\/321|[from] item: Leftovers
|turn|39
|join|Rooo
|
|move|p1a: Raikou|Shadow Ball|p2a: Venusaur
|-damage|p2a: Venusaur|197\/363 par
|-unboost|p2a: Venusaur|spd|1
|move|p2a: Venusaur|Giga Drain|p1a: Raikou
|-damage|p1a: Raikou|129\/321
|-heal|p2a: Venusaur|250\/363 par|[from] drain|[of] p1a: Raikou
|
|-heal|p1a: Raikou|149\/321|[from] item: Leftovers
|turn|40
|leave|Bortera
|
|switch|p2a: Manaphy|Manaphy|404\/404
|-damage|p2a: Manaphy|354\/404|[from] Stealth Rock
|move|p1a: Raikou|Shadow Ball|p2a: Manaphy
|-damage|p2a: Manaphy|264\/404
|
|-heal|p1a: Raikou|169\/321|[from] item: Leftovers
|-heal|p2a: Manaphy|289\/404|[from] item: Leftovers
|turn|41
|
|move|p1a: Raikou|Thunderbolt|p2a: Manaphy
|-supereffective|p2a: Manaphy
|-damage|p2a: Manaphy|7\/404
|move|p2a: Manaphy|Heal Bell|p2a: Manaphy
|-cureteam|p2a: Manaphy|[from] move: HealBell
|
|-heal|p1a: Raikou|189\/321|[from] item: Leftovers
|-heal|p2a: Manaphy|32\/404|[from] item: Leftovers
|turn|42
|
|move|p1a: Raikou|Thunderbolt|p2a: Manaphy
|-supereffective|p2a: Manaphy
|-damage|p2a: Manaphy|0 fnt
|faint|p2a: Manaphy
|
|-heal|p1a: Raikou|209\/321|[from] item: Leftovers
|
|switch|p2a: Venusaur|Venusaur-Mega, F|250\/363
|-damage|p2a: Venusaur|205\/363|[from] Stealth Rock
|turn|43
|join|misc all day
|
|move|p1a: Raikou|Thunderbolt|p2a: Venusaur
|-resisted|p2a: Venusaur
|-damage|p2a: Venusaur|147\/363
|move|p2a: Venusaur|Giga Drain|p1a: Raikou
|-damage|p1a: Raikou|100\/321
|-heal|p2a: Venusaur|202\/363|[from] drain|[of] p1a: Raikou
|
|-heal|p1a: Raikou|120\/321|[from] item: Leftovers
|turn|44
|
|move|p1a: Raikou|Thunderbolt|p2a: Venusaur
|-resisted|p2a: Venusaur
|-damage|p2a: Venusaur|135\/363
|move|p2a: Venusaur|Synthesis|p2a: Venusaur
|-heal|p2a: Venusaur|316\/363
|
|-heal|p1a: Raikou|140\/321|[from] item: Leftovers
|turn|45
|leave|Laschero
|
|move|p1a: Raikou|Thunderbolt|p2a: Venusaur
|-resisted|p2a: Venusaur
|-damage|p2a: Venusaur|257\/363
|move|p2a: Venusaur|Sludge Bomb|p1a: Raikou
|-damage|p1a: Raikou|25\/321
|-status|p1a: Raikou|psn
|
|-heal|p1a: Raikou|45\/321 psn|[from] item: Leftovers
|-damage|p1a: Raikou|5\/321 psn|[from] psn
|turn|46
|
|move|p1a: Raikou|Thunderbolt|p2a: Venusaur
|-resisted|p2a: Venusaur
|-damage|p2a: Venusaur|196\/363
|move|p2a: Venusaur|Synthesis|p2a: Venusaur
|-heal|p2a: Venusaur|363\/363
|
|-heal|p1a: Raikou|25\/321 psn|[from] item: Leftovers
|-damage|p1a: Raikou|0 fnt|[from] psn
|faint|p1a: Raikou
|c|âYoda2798|gg
|c|âFlyingSunray|gg
|-message|Yoda2798 forfeited.
|
|win|FlyingSunray
|
|switch|p1a: Altaria|Altaria-Mega, F|351\/351
|leave|LordWienerButt