|join|Shurt
|join|FlyingSunray
|player|p1|Shurt|170
|player|p2|FlyingSunray|288
|gametype|singles
|gen|6
|tier|OU
|rated
|clearpoke
|poke|p1|Landorus-Therian, M
|poke|p1|Diancie
|poke|p1|Mew
|poke|p1|Kyurem-Black
|poke|p1|Talonflame, F
|poke|p1|Tornadus-Therian, M, shiny
|poke|p2|Metagross
|poke|p2|Volcarona, M
|poke|p2|Garchomp, M
|poke|p2|Starmie
|poke|p2|Bisharp, F
|poke|p2|Talonflame, F
|rule|Swagger Clause: Swagger is banned
|rule|Baton Pass Clause: Limit one PokÃ©mon knowing Baton Pass
|rule|Sleep Clause Mod: Limit one foe put to sleep
|rule|Species Clause: Limit one of each PokÃ©mon
|rule|OHKO Clause: OHKO moves are banned
|rule|Moody Clause: Moody is banned
|rule|Evasion Moves Clause: Evasion moves are banned
|rule|Endless Battle Clause: Forcing endless battles is banned
|rule|HP Percentage Mod: HP is shown in percentages
|teampreview
|join|jack41
|join|TCMK
|
|start
|switch|p1a: Mew|Mew|404\/404
|switch|p2a: Metagross|Metagross|301\/301
|turn|1
|join|69SwagScope
|
|switch|p2a: Talonflame|Talonflame, F|297\/297
|move|p1a: Mew|Will-O-Wisp|p2a: Talonflame
|-fail|p2a: Talonflame
|
|turn|2
|
|switch|p2a: Metagross|Metagross|301\/301
|move|p1a: Mew|Roost|p1a: Mew
|-fail|p1a: Mew
|
|turn|3
|
|switch|p2a: Talonflame|Talonflame, F|297\/297
|move|p1a: Mew|Will-O-Wisp|p2a: Talonflame
|-fail|p2a: Talonflame
|
|turn|4
|
|switch|p1a: Landorus-Therian|Landorus-Therian, M|381\/381
|-ability|p1a: Landorus-Therian|Intimidate|[of] p2a: Talonflame
|-unboost|p2a: Talonflame|atk|1
|move|p2a: Talonflame|Swords Dance|p2a: Talonflame
|-boost|p2a: Talonflame|atk|2
|
|turn|5
|
|move|p2a: Talonflame|Brave Bird|p1a: Landorus-Therian
|-damage|p1a: Landorus-Therian|143\/381
|-damage|p2a: Talonflame|218\/297|[from] recoil|[of] p1a: Landorus-Therian
|move|p1a: Landorus-Therian|Stealth Rock|p2a: Talonflame
|-sidestart|p2: FlyingSunray|move: Stealth Rock
|
|-heal|p1a: Landorus-Therian|166\/381|[from] item: Leftovers
|turn|6
|
|switch|p2a: Starmie|Starmie|261\/261
|-damage|p2a: Starmie|229\/261|[from] Stealth Rock
|move|p1a: Landorus-Therian|Stone Edge|p2a: Starmie
|-damage|p2a: Starmie|100\/261
|
|-heal|p1a: Landorus-Therian|189\/381|[from] item: Leftovers
|turn|7
|
|move|p2a: Starmie|Scald|p1a: Landorus-Therian
|-supereffective|p1a: Landorus-Therian
|-damage|p1a: Landorus-Therian|0 fnt
|-damage|p2a: Starmie|74\/261|[from] item: Life Orb
|faint|p1a: Landorus-Therian
|
|
|switch|p1a: Tornadus-Therian|Tornadus-Therian, M, shiny|333\/333
|turn|8
|
|switch|p2a: Garchomp|Garchomp, M|357\/357
|-damage|p2a: Garchomp|335\/357|[from] Stealth Rock
|move|p1a: Tornadus-Therian|Knock Off|p2a: Garchomp
|-damage|p2a: Garchomp|252\/357
|-damage|p1a: Tornadus-Therian|292\/333|[from] ability: Rough Skin|[of] p2a: Garchomp
|-enditem|p2a: Garchomp|Lum Berry|[from] move: Knock Off|[of] p1a: Tornadus-Therian
|
|turn|9
|
|move|p1a: Tornadus-Therian|Hurricane|p2a: Garchomp|[miss]
|-miss|p1a: Tornadus-Therian|p2a: Garchomp
|move|p2a: Garchomp|Stealth Rock|p1a: Tornadus-Therian
|-sidestart|p1: Shurt|move: Stealth Rock
|
|turn|10
|
|switch|p1a: Diancie|Diancie|241\/241
|-damage|p1a: Diancie|211\/241|[from] Stealth Rock
|move|p2a: Garchomp|Dragon Claw|p1a: Diancie
|-immune|p1a: Diancie|[msg]
|
|turn|11
|
|detailschange|p1a: Diancie|Diancie-Mega
|-mega|p1a: Diancie|Diancie|Diancite
|move|p1a: Diancie|Protect|p1a: Diancie
|-singleturn|p1a: Diancie|Protect
|move|p2a: Garchomp|Earthquake|p1a: Diancie
|-activate|p1a: Diancie|Protect
|
|turn|12
|
|move|p1a: Diancie|Moonblast|p2a: Garchomp
|-supereffective|p2a: Garchomp
|-damage|p2a: Garchomp|0 fnt
|faint|p2a: Garchomp
|
|
|switch|p2a: Metagross|Metagross|301\/301
|-damage|p2a: Metagross|283\/301|[from] Stealth Rock
|turn|13
|
|switch|p1a: Mew|Mew|404\/404
|-damage|p1a: Mew|354\/404|[from] Stealth Rock
|detailschange|p2a: Metagross|Metagross-Mega
|-mega|p2a: Metagross|Metagross|Metagrossite
|move|p2a: Metagross|Meteor Mash|p1a: Mew
|-damage|p1a: Mew|140\/404
|
|-heal|p1a: Mew|165\/404|[from] item: Leftovers
|turn|14
|
|move|p2a: Metagross|Meteor Mash|p1a: Mew|[miss]
|-miss|p2a: Metagross|p1a: Mew
|move|p1a: Mew|Defog|p2a: Metagross
|-unboost|p2a: Metagross|evasion|1
|-sideend|p2: FlyingSunray|Stealth Rock|[from] move: Defog|[of] p2a: Metagross
|-sideend|p1: Shurt|Stealth Rock|[from] move: Defog|[of] p1a: Mew
|
|-heal|p1a: Mew|190\/404|[from] item: Leftovers
|turn|15
|
|move|p2a: Metagross|Meteor Mash|p1a: Mew
|-damage|p1a: Mew|4\/404
|move|p1a: Mew|Taunt|p2a: Metagross
|-start|p2a: Metagross|move: Taunt
|
|-heal|p1a: Mew|29\/404|[from] item: Leftovers
|turn|16
|c| TCMK|what
|c| TCMK|lol
|c|âShurt|i predicted flame
|c|âShurt|lol
|c|âShurt|o well
|c|âShurt|makes up for the meteor mis
|
|move|p2a: Metagross|Meteor Mash|p1a: Mew
|-damage|p1a: Mew|0 fnt
|faint|p1a: Mew
|
|
|switch|p1a: Talonflame|Talonflame, F|297\/297
|turn|17
|
|move|p1a: Talonflame|U-turn|p2a: Metagross
|-damage|p2a: Metagross|218\/301
|c| TCMK|homie stop
|c| TCMK|overthinking
|
|switch|p1a: Tornadus-Therian|Tornadus-Therian, M, shiny|333\/333
|move|p2a: Metagross|Zen Headbutt|p1a: Tornadus-Therian
|-damage|p1a: Tornadus-Therian|45\/333
|
|turn|18
|c|âFlyingSunray|no he made a good play with u turn
|c| TCMK|no
|c| TCMK|it wasnt lol
|c|âFlyingSunray|it was
|c| TCMK|if you switched in starmie it died
|c| TCMK|if you switched out talon
|c|âShurt|na i should have flare blitz
|c| TCMK|he has diancie
|
|move|p1a: Tornadus-Therian|Heat Wave|p2a: Metagross
|-supereffective|p2a: Metagross
|-damage|p2a: Metagross|36\/301
|move|p2a: Metagross|Zen Headbutt|p1a: Tornadus-Therian
|-damage|p1a: Tornadus-Therian|0 fnt
|faint|p1a: Tornadus-Therian
|
|-end|p2a: Metagross|move: Taunt
|c| TCMK|u-turn was the worst play possible
|c| TCMK|lol
|c|âShurt|mhmm
|
|switch|p1a: Talonflame|Talonflame, F|297\/297
|turn|19
|join|the Infant meme
|
|move|p1a: Talonflame|U-turn|p2a: Metagross
|-damage|p2a: Metagross|0 fnt
|faint|p2a: Metagross
|
|switch|p1a: Diancie|Diancie-Mega|211\/241
|
|
|switch|p2a: Bisharp|Bisharp, F|271\/271
|turn|20
|c| TCMK|you win here lol
|leave|the Infant meme
|c| TCMK|even if he's sash
|
|move|p1a: Diancie|Earth Power|p2a: Bisharp
|-supereffective|p2a: Bisharp
|-enditem|p2a: Bisharp|Focus Sash
|-damage|p2a: Bisharp|1\/271
|move|p2a: Bisharp|Iron Head|p1a: Diancie
|-supereffective|p1a: Diancie
|-damage|p1a: Diancie|0 fnt
|faint|p1a: Diancie
|
|c| TCMK|letting his only brave bird resist
|c| TCMK|get low
|
|switch|p1a: Talonflame|Talonflame, F|297\/297
|turn|21
|
|move|p1a: Talonflame|Brave Bird|p2a: Bisharp
|-crit|p2a: Bisharp
|-resisted|p2a: Bisharp
|-damage|p2a: Bisharp|0 fnt
|-damage|p1a: Talonflame|296\/297|[from] recoil|[of] p2a: Bisharp
|faint|p2a: Bisharp
|
|c| 69SwagScope|it comes down to speed tie
|c|âShurt|it could be jolly flame
|c|âShurt|but he's not band
|c| TCMK|it doesnt even come down
|c| TCMK|to a speedtie
|c| TCMK|because shurt lives a bb regardless
|c| 69SwagScope|oh
|c| TCMK|it comes down to whether flyingsunray wins the speedtie and crits
|c| 69SwagScope|i wasnt paying attention
|c| TCMK|lol
|c|âShurt|shh
|c|âShurt|dont even mention that
|c|âShurt|jynx me
|c| TCMK|aite myb homie
|c|âShurt|why dont you lol
|
|switch|p2a: Volcarona|Volcarona, M|329\/329
|turn|22
|
|move|p1a: Talonflame|Brave Bird|p2a: Volcarona
|-supereffective|p2a: Volcarona
|-damage|p2a: Volcarona|0 fnt
|-damage|p1a: Talonflame|187\/297|[from] recoil|[of] p2a: Volcarona
|faint|p2a: Volcarona
|
|
|switch|p2a: Talonflame|Talonflame, F|218\/297
|turn|23
|
|move|p2a: Talonflame|Brave Bird|p1a: Talonflame
|-damage|p1a: Talonflame|0 fnt
|-damage|p2a: Talonflame|156\/297|[from] recoil|[of] p1a: Talonflame
|faint|p1a: Talonflame
|
|c| 69SwagScope|YES
|c| 69SwagScope|ITS OGRE?
|c| 69SwagScope|nah
|
|switch|p1a: Kyurem-Black|Kyurem-Black|391\/391
|-ability|p1a: Kyurem-Black|Teravolt
|turn|24
|c| 69SwagScope|nvm\
|c|âShurt|tcmk check pms
|
|move|p2a: Talonflame|Brave Bird|p1a: Kyurem-Black
|-damage|p1a: Kyurem-Black|198\/391
|-damage|p2a: Talonflame|92\/297|[from] recoil|[of] p1a: Kyurem-Black
|move|p1a: Kyurem-Black|Fusion Bolt|p2a: Talonflame
|-supereffective|p2a: Talonflame
|-damage|p2a: Talonflame|0 fnt
|-damage|p1a: Kyurem-Black|159\/391|[from] item: Life Orb
|faint|p2a: Talonflame
|
|c| 69SwagScope|yup
|c| 69SwagScope|but
|c| 69SwagScope|psyschock kills
|
|switch|p2a: Starmie|Starmie|74\/261
|turn|25
|c| 69SwagScope|or whatever he has
|c|âShurt|it comes down to a crit
|c|âShurt|im pretty sure
|c| TCMK|if he runs psyshock, have fun losing against anything else that isnt a 41% ky-b
|c|âFlyingSunray|what
|c| TCMK|lol
|c| 69SwagScope|he lives a psyschic\/psyshock
|c|âFlyingSunray|what evs
|c| 69SwagScope|psychic
|c|âFlyingSunray|gg
|c|âFlyingSunray|regardles
|c|âShurt|gg
|c|âFlyingSunray|of outcome
|
|move|p2a: Starmie|Psyshock|p1a: Kyurem-Black
|-damage|p1a: Kyurem-Black|0 fnt
|-damage|p2a: Starmie|48\/261|[from] item: Life Orb
|faint|p1a: Kyurem-Black
|
|win|FlyingSunray
|raw|Ladder updating...
|c| jack41|yes
|raw|Shurt's rating: 1711 &rarr; <strong>1685<\/strong><br \/>(-26 for losing)
|raw|FlyingSunray's rating: 1601 &rarr; <strong>1627<\/strong><br \/>(+26 for winning)