|join|Jack41
|join|FlyingSunray
|player|p1|Jack41|17
|player|p2|FlyingSunray|288
|gametype|singles
|gen|6
|tier|OU
|clearpoke
|poke|p1|Charizard, F
|poke|p1|Manaphy
|poke|p1|Latias, F
|poke|p1|Landorus-Therian, M
|poke|p1|Mamoswine, F
|poke|p1|Bisharp, M
|poke|p2|Excadrill, M
|poke|p2|Slowbro, M
|poke|p2|Amoonguss, M
|poke|p2|Tyranitar, F
|poke|p2|Talonflame, F
|poke|p2|Altaria, M
|rule|Swagger Clause: Swagger is banned
|rule|Baton Pass Clause: Limit one PokÃ©mon knowing Baton Pass
|rule|Sleep Clause Mod: Limit one foe put to sleep
|rule|Species Clause: Limit one of each PokÃ©mon
|rule|OHKO Clause: OHKO moves are banned
|rule|Moody Clause: Moody is banned
|rule|Evasion Moves Clause: Evasion moves are banned
|rule|Endless Battle Clause: Forcing endless battles is banned
|rule|HP Percentage Mod: HP is shown in percentages
|teampreview
|c|âFlyingSunray|sorry
|c|âFlyingSunray|let me finish the other battle
|c|âJack41|sure
|c|âFlyingSunray|by stating our plays in the other game
|c|âFlyingSunray|it helps me to understand his thinking more
|c|âJack41|oh okay
|c|âFlyingSunray|ok
|c|âFlyingSunray|lets begin
|
|start
|switch|p1a: Mamoswine|Mamoswine, F|361\/361
|switch|p2a: Slowbro|Slowbro, M|394\/394
|turn|1
|
|move|p1a: Mamoswine|Stealth Rock|p2a: Slowbro
|-sidestart|p2: FlyingSunray|move: Stealth Rock
|move|p2a: Slowbro|Scald|p1a: Mamoswine
|-supereffective|p1a: Mamoswine
|-damage|p1a: Mamoswine|61\/361
|-status|p1a: Mamoswine|brn
|
|-damage|p1a: Mamoswine|16\/361 brn|[from] brn
|turn|2
|
|move|p1a: Mamoswine|Earthquake|p2a: Slowbro
|-damage|p2a: Slowbro|330\/394
|move|p2a: Slowbro|Slack Off|p2a: Slowbro
|-heal|p2a: Slowbro|394\/394
|
|-damage|p1a: Mamoswine|0 fnt|[from] brn
|faint|p1a: Mamoswine
|
|switch|p1a: Manaphy|Manaphy|361\/361
|turn|3
|
|switch|p2a: Altaria|Altaria, M|307\/307
|-damage|p2a: Altaria|231\/307|[from] Stealth Rock
|move|p1a: Manaphy|Tail Glow|p1a: Manaphy
|-boost|p1a: Manaphy|spa|3
|
|turn|4
|c|âFlyingSunray|oo
|c|âFlyingSunray|this has eq
|c|âFlyingSunray|no heal bell
|c|âFlyingSunray|hmm
|
|detailschange|p2a: Altaria|Altaria-Mega, M
|-mega|p2a: Altaria|Altaria|Altarianite
|move|p1a: Manaphy|Psychic|p2a: Altaria
|-damage|p2a: Altaria|0 fnt
|faint|p2a: Altaria
|
|
|switch|p2a: Amoonguss|Amoonguss, M|432\/432
|-damage|p2a: Amoonguss|378\/432|[from] Stealth Rock
|turn|5
|
|move|p1a: Manaphy|Psychic|p2a: Amoonguss
|-supereffective|p2a: Amoonguss
|-damage|p2a: Amoonguss|0 fnt
|faint|p2a: Amoonguss
|
|c|âFlyingSunray|well
|
|switch|p2a: Slowbro|Slowbro, M|394\/394
|-damage|p2a: Slowbro|345\/394|[from] Stealth Rock
|turn|6
|
|move|p1a: Manaphy|Tail Glow|p1a: Manaphy
|-boost|p1a: Manaphy|spa|3
|move|p2a: Slowbro|Thunder Wave|p1a: Manaphy
|-status|p1a: Manaphy|par
|
|-heal|p2a: Slowbro|369\/394|[from] item: Leftovers
|turn|7
|
|move|p2a: Slowbro|Psyshock|p1a: Manaphy
|-damage|p1a: Manaphy|258\/361 par
|move|p1a: Manaphy|Rain Dance|p1a: Manaphy
|-weather|RainDance
|
|-weather|RainDance|[upkeep]
|-heal|p2a: Slowbro|393\/394|[from] item: Leftovers
|-curestatus|p1a: Manaphy|par
|-heal|p1a: Manaphy|280\/361|[from] item: Leftovers
|turn|8
|c|âFlyingSunray|so u do have rain dance
|
|move|p1a: Manaphy|Scald|p2a: Slowbro
|-resisted|p2a: Slowbro
|-damage|p2a: Slowbro|0 fnt
|faint|p2a: Slowbro
|
|-weather|RainDance|[upkeep]
|-heal|p1a: Manaphy|302\/361|[from] item: Leftovers
|
|switch|p2a: Tyranitar|Tyranitar, F|403\/403
|-damage|p2a: Tyranitar|353\/403|[from] Stealth Rock
|-weather|Sandstorm
|turn|9
|
|move|p1a: Manaphy|Scald|p2a: Tyranitar
|-supereffective|p2a: Tyranitar
|-damage|p2a: Tyranitar|0 fnt
|faint|p2a: Tyranitar
|
|-weather|Sandstorm|[upkeep]
|-damage|p1a: Manaphy|280\/361|[from] Sandstorm
|-heal|p1a: Manaphy|302\/361|[from] item: Leftovers
|
|switch|p2a: Talonflame|Talonflame, F|298\/298
|-damage|p2a: Talonflame|149\/298|[from] Stealth Rock
|turn|10
|
|move|p2a: Talonflame|Brave Bird|p1a: Manaphy
|-damage|p1a: Manaphy|116\/361
|-damage|p2a: Talonflame|88\/298|[from] recoil|[of] p1a: Manaphy
|move|p1a: Manaphy|Scald|p2a: Talonflame
|-supereffective|p2a: Talonflame
|-damage|p2a: Talonflame|0 fnt
|faint|p2a: Talonflame
|
|-weather|Sandstorm|[upkeep]
|-damage|p1a: Manaphy|94\/361|[from] Sandstorm
|-heal|p1a: Manaphy|116\/361|[from] item: Leftovers
|c|âJack41|this was counter productive my bad
|
|switch|p2a: Excadrill|Excadrill, M|361\/361
|-damage|p2a: Excadrill|350\/361|[from] Stealth Rock
|turn|11
|c|âFlyingSunray|well
|c|âFlyingSunray|it shows
|c|âFlyingSunray|we're mana tg mana weak
|c|âJack41|kinda went into auto pilot
|
|switch|p1a: Landorus-Therian|Landorus-Therian, M|320\/320
|-ability|p1a: Landorus-Therian|Intimidate|[of] p2a: Excadrill
|-unboost|p2a: Excadrill|atk|1
|move|p2a: Excadrill|Earthquake|p1a: Landorus-Therian
|-immune|p1a: Landorus-Therian|[msg]
|
|-weather|Sandstorm|[upkeep]
|turn|12
|c|âFlyingSunray|no good
|c|âFlyingSunray|that u did
|c|âFlyingSunray|we need
|c|âFlyingSunray|to find out the teams weaknesses
|
|move|p2a: Excadrill|Iron Head|p1a: Landorus-Therian
|-damage|p1a: Landorus-Therian|191\/320
|-damage|p2a: Excadrill|314\/361|[from] item: Life Orb
|cant|p1a: Landorus-Therian|flinch
|
|-weather|Sandstorm|[upkeep]
|turn|13
|
|move|p2a: Excadrill|Iron Head|p1a: Landorus-Therian
|-damage|p1a: Landorus-Therian|61\/320
|-damage|p2a: Excadrill|278\/361|[from] item: Life Orb
|move|p1a: Landorus-Therian|Earthquake|p2a: Excadrill
|-supereffective|p2a: Excadrill
|-damage|p2a: Excadrill|0 fnt
|faint|p2a: Excadrill
|
|win|Jack41
|c|âFlyingSunray|hmm