|join|Bulky Deoxys-A
|join|FlyingSunray
|player|p1|Bulky Deoxys-A|137
|player|p2|FlyingSunray|2
|gametype|singles
|gen|6
|tier|OU
|rated
|clearpoke
|poke|p1|Landorus, M
|poke|p1|Jirachi
|poke|p1|Slowbro, F
|poke|p1|Heracross, F
|poke|p1|Tyranitar, M
|poke|p1|Talonflame, F
|poke|p2|Clefable, F
|poke|p2|Metagross
|poke|p2|Mandibuzz, F
|poke|p2|Landorus-Therian, M
|poke|p2|Keldeo-Resolute
|poke|p2|Talonflame, M
|rule|Swagger Clause: Swagger is banned
|rule|Baton Pass Clause: Limit one PokÃ©mon knowing Baton Pass
|rule|Sleep Clause Mod: Limit one foe put to sleep
|rule|Species Clause: Limit one of each PokÃ©mon
|rule|OHKO Clause: OHKO moves are banned
|rule|Moody Clause: Moody is banned
|rule|Evasion Moves Clause: Evasion moves are banned
|rule|Endless Battle Clause: Forcing endless battles is banned
|rule|HP Percentage Mod: HP is shown in percentages
|teampreview
|
|start
|switch|p1a: Tyranitar|Tyranitar, M|341\/341
|switch|p2a: Landorus-Therian|Landorus-Therian, M|379\/379
|-weather|Sandstorm
|-ability|p2a: Landorus-Therian|Intimidate|[of] p1a: Tyranitar
|-unboost|p1a: Tyranitar|atk|1
|turn|1
|join|Jack41
|
|move|p1a: Tyranitar|Stealth Rock|p2a: Landorus-Therian
|-sidestart|p2: FlyingSunray|move: Stealth Rock
|move|p2a: Landorus-Therian|Stealth Rock|p1a: Tyranitar
|-sidestart|p1: Bulky Deoxys-A|move: Stealth Rock
|
|-weather|Sandstorm|[upkeep]
|turn|2
|
|switch|p2a: Keldeo-Resolute|Keldeo-Resolute|323\/323
|-damage|p2a: Keldeo-Resolute|303\/323|[from] Stealth Rock
|move|p1a: Tyranitar|Ice Beam|p2a: Keldeo-Resolute
|-resisted|p2a: Keldeo-Resolute
|-damage|p2a: Keldeo-Resolute|259\/323
|
|-weather|Sandstorm|[upkeep]
|-damage|p2a: Keldeo-Resolute|239\/323|[from] sandstorm
|-heal|p2a: Keldeo-Resolute|259\/323|[from] item: Leftovers
|turn|3
|
|move|p2a: Keldeo-Resolute|Secret Sword|p1a: Tyranitar
|-supereffective|p1a: Tyranitar
|-enditem|p1a: Tyranitar|Focus Sash
|-damage|p1a: Tyranitar|1\/341
|move|p1a: Tyranitar|Earthquake|p2a: Keldeo-Resolute
|-damage|p2a: Keldeo-Resolute|180\/323
|
|-weather|Sandstorm|[upkeep]
|-damage|p2a: Keldeo-Resolute|160\/323|[from] sandstorm
|-heal|p2a: Keldeo-Resolute|180\/323|[from] item: Leftovers
|turn|4
|
|move|p2a: Keldeo-Resolute|Scald|p1a: Tyranitar
|-supereffective|p1a: Tyranitar
|-damage|p1a: Tyranitar|0 fnt
|faint|p1a: Tyranitar
|
|-weather|Sandstorm|[upkeep]
|-damage|p2a: Keldeo-Resolute|160\/323|[from] sandstorm
|-heal|p2a: Keldeo-Resolute|180\/323|[from] item: Leftovers
|
|switch|p1a: Slowbro|Slowbro, F|394\/394
|-damage|p1a: Slowbro|345\/394|[from] Stealth Rock
|turn|5
|
|switch|p2a: Mandibuzz|Mandibuzz, F|423\/423
|-damage|p2a: Mandibuzz|318\/423|[from] Stealth Rock
|switch|p1a: Jirachi|Jirachi|404\/404
|-damage|p1a: Jirachi|379\/404|[from] Stealth Rock
|
|-weather|none
|-heal|p1a: Jirachi|404\/404|[from] item: Leftovers
|-heal|p2a: Mandibuzz|344\/423|[from] item: Leftovers
|turn|6
|
|move|p1a: Jirachi|U-turn|p2a: Mandibuzz
|-damage|p2a: Mandibuzz|304\/423
|
|switch|p1a: Heracross|Heracross, F|301\/301
|-damage|p1a: Heracross|264\/301|[from] Stealth Rock
|move|p2a: Mandibuzz|Foul Play|p1a: Heracross
|-resisted|p1a: Heracross
|-damage|p1a: Heracross|156\/301
|
|-heal|p2a: Mandibuzz|330\/423|[from] item: Leftovers
|turn|7
|
|switch|p2a: Landorus-Therian|Landorus-Therian, M|379\/379
|-damage|p2a: Landorus-Therian|332\/379|[from] Stealth Rock
|-ability|p2a: Landorus-Therian|Intimidate|[of] p1a: Heracross
|-unboost|p1a: Heracross|atk|1
|detailschange|p1a: Heracross|Heracross-Mega, F
|-mega|p1a: Heracross|Heracross|Heracronite
|move|p1a: Heracross|Rock Blast|p2a: Landorus-Therian
|-damage|p2a: Landorus-Therian|308\/379
|-damage|p2a: Landorus-Therian|286\/379
|-damage|p2a: Landorus-Therian|265\/379
|-damage|p2a: Landorus-Therian|241\/379
|-damage|p2a: Landorus-Therian|217\/379
|-hitcount|p2a: Landorus-Therian|5
|
|-heal|p2a: Landorus-Therian|240\/379|[from] item: Leftovers
|turn|8
|
|move|p1a: Heracross|Substitute|p1a: Heracross
|-start|p1a: Heracross|Substitute
|-damage|p1a: Heracross|81\/301
|move|p2a: Landorus-Therian|U-turn|p1a: Heracross
|-resisted|p1a: Heracross
|-activate|p1a: Heracross|Substitute|[damage]
|
|switch|p2a: Clefable|Clefable, F|394\/394
|
|turn|9
|
|move|p1a: Heracross|Rock Blast|p2a: Clefable
|-crit|p2a: Clefable
|-damage|p2a: Clefable|320\/394
|-damage|p2a: Clefable|289\/394
|-damage|p2a: Clefable|257\/394
|-damage|p2a: Clefable|226\/394
|-damage|p2a: Clefable|194\/394
|-hitcount|p2a: Clefable|5
|move|p2a: Clefable|Moonblast|p1a: Heracross
|-supereffective|p1a: Heracross
|-end|p1a: Heracross|Substitute
|
|-heal|p2a: Clefable|218\/394|[from] item: Leftovers
|turn|10
|
|switch|p1a: Jirachi|Jirachi|404\/404
|-damage|p1a: Jirachi|379\/404|[from] Stealth Rock
|move|p2a: Clefable|Soft-Boiled|p2a: Clefable
|-heal|p2a: Clefable|394\/394
|
|-heal|p1a: Jirachi|404\/404|[from] item: Leftovers
|turn|11
|
|switch|p2a: Mandibuzz|Mandibuzz, F|330\/423
|-damage|p2a: Mandibuzz|225\/423|[from] Stealth Rock
|move|p1a: Jirachi|Body Slam|p2a: Mandibuzz
|-damage|p2a: Mandibuzz|173\/423
|
|-heal|p2a: Mandibuzz|199\/423|[from] item: Leftovers
|turn|12
|
|move|p1a: Jirachi|Body Slam|p2a: Mandibuzz
|-damage|p2a: Mandibuzz|146\/423
|move|p2a: Mandibuzz|Roost|p2a: Mandibuzz
|-heal|p2a: Mandibuzz|358\/423
|
|-heal|p2a: Mandibuzz|384\/423|[from] item: Leftovers
|turn|13
|
|move|p1a: Jirachi|Body Slam|p2a: Mandibuzz
|-damage|p2a: Mandibuzz|331\/423
|-status|p2a: Mandibuzz|par
|move|p2a: Mandibuzz|Foul Play|p1a: Jirachi
|-supereffective|p1a: Jirachi
|-damage|p1a: Jirachi|170\/404
|
|-heal|p1a: Jirachi|195\/404|[from] item: Leftovers
|-heal|p2a: Mandibuzz|357\/423 par|[from] item: Leftovers
|turn|14
|
|move|p1a: Jirachi|U-turn|p2a: Mandibuzz
|-damage|p2a: Mandibuzz|312\/423 par
|
|switch|p1a: Slowbro|Slowbro, F|394\/394
|-damage|p1a: Slowbro|345\/394|[from] Stealth Rock
|move|p2a: Mandibuzz|Foul Play|p1a: Slowbro
|-supereffective|p1a: Slowbro
|-damage|p1a: Slowbro|249\/394
|
|-heal|p1a: Slowbro|273\/394|[from] item: Leftovers
|-heal|p2a: Mandibuzz|338\/423 par|[from] item: Leftovers
|turn|15
|
|move|p1a: Slowbro|Scald|p2a: Mandibuzz
|-damage|p2a: Mandibuzz|251\/423 par
|move|p2a: Mandibuzz|Toxic|p1a: Slowbro|[miss]
|-miss|p2a: Mandibuzz|p1a: Slowbro
|
|-heal|p1a: Slowbro|297\/394|[from] item: Leftovers
|-heal|p2a: Mandibuzz|277\/423 par|[from] item: Leftovers
|turn|16
|
|switch|p1a: Heracross|Heracross-Mega, F|81\/301
|-damage|p1a: Heracross|44\/301|[from] Stealth Rock
|move|p2a: Mandibuzz|Foul Play|p1a: Heracross
|-resisted|p1a: Heracross
|-damage|p1a: Heracross|0 fnt
|faint|p1a: Heracross
|
|-heal|p2a: Mandibuzz|303\/423 par|[from] item: Leftovers
|c| Jack41|wp
|
|switch|p1a: Talonflame|Talonflame, F|297\/297
|-damage|p1a: Talonflame|149\/297|[from] Stealth Rock
|turn|17
|
|move|p1a: Talonflame|Brave Bird|p2a: Mandibuzz
|-crit|p2a: Mandibuzz
|-damage|p2a: Mandibuzz|20\/423 par
|-damage|p1a: Talonflame|56\/297|[from] recoil|[of] p2a: Mandibuzz
|move|p2a: Mandibuzz|Foul Play|p1a: Talonflame
|-damage|p1a: Talonflame|0 fnt
|faint|p1a: Talonflame
|
|-heal|p2a: Mandibuzz|46\/423 par|[from] item: Leftovers
|
|switch|p1a: Jirachi|Jirachi|195\/404
|-damage|p1a: Jirachi|170\/404|[from] Stealth Rock
|turn|18
|
|move|p1a: Jirachi|Body Slam|p2a: Mandibuzz
|-damage|p2a: Mandibuzz|0 fnt
|faint|p2a: Mandibuzz
|
|-heal|p1a: Jirachi|195\/404|[from] item: Leftovers
|
|switch|p2a: Keldeo-Resolute|Keldeo-Resolute|180\/323
|-damage|p2a: Keldeo-Resolute|160\/323|[from] Stealth Rock
|turn|19
|
|move|p2a: Keldeo-Resolute|Scald|p1a: Jirachi
|-damage|p1a: Jirachi|87\/404
|move|p1a: Jirachi|Body Slam|p2a: Keldeo-Resolute
|-damage|p2a: Keldeo-Resolute|84\/323
|
|-heal|p2a: Keldeo-Resolute|104\/323|[from] item: Leftovers
|-heal|p1a: Jirachi|112\/404|[from] item: Leftovers
|turn|20
|
|switch|p1a: Slowbro|Slowbro, F|394\/394
|-damage|p1a: Slowbro|345\/394|[from] Stealth Rock
|move|p2a: Keldeo-Resolute|Scald|p1a: Slowbro
|-resisted|p1a: Slowbro
|-damage|p1a: Slowbro|268\/394
|-status|p1a: Slowbro|brn
|
|-heal|p2a: Keldeo-Resolute|124\/323|[from] item: Leftovers
|-heal|p1a: Slowbro|292\/394 brn|[from] item: Leftovers
|-damage|p1a: Slowbro|243\/394 brn|[from] brn
|turn|21
|
|switch|p2a: Clefable|Clefable, F|394\/394
|move|p1a: Slowbro|Thunder Wave|p2a: Clefable
|-status|p2a: Clefable|par
|
|-heal|p1a: Slowbro|267\/394 brn|[from] item: Leftovers
|-damage|p1a: Slowbro|218\/394 brn|[from] brn
|turn|22
|
|switch|p1a: Jirachi|Jirachi|112\/404
|-damage|p1a: Jirachi|87\/404|[from] Stealth Rock
|cant|p2a: Clefable|par
|
|-heal|p1a: Jirachi|112\/404|[from] item: Leftovers
|turn|23
|
|switch|p2a: Landorus-Therian|Landorus-Therian, M|240\/379
|-damage|p2a: Landorus-Therian|193\/379|[from] Stealth Rock
|-ability|p2a: Landorus-Therian|Intimidate|[of] p1a: Jirachi
|-unboost|p1a: Jirachi|atk|1
|move|p1a: Jirachi|Iron Head|p2a: Landorus-Therian
|-damage|p2a: Landorus-Therian|142\/379
|
|-heal|p1a: Jirachi|137\/404|[from] item: Leftovers
|-heal|p2a: Landorus-Therian|165\/379|[from] item: Leftovers
|turn|24
|
|move|p1a: Jirachi|U-turn|p2a: Landorus-Therian
|-resisted|p2a: Landorus-Therian
|-damage|p2a: Landorus-Therian|152\/379
|
|switch|p1a: Slowbro|Slowbro, F|349\/394 brn
|-damage|p1a: Slowbro|300\/394 brn|[from] Stealth Rock
|move|p2a: Landorus-Therian|U-turn|p1a: Slowbro
|-supereffective|p1a: Slowbro
|-damage|p1a: Slowbro|190\/394 brn
|
|switch|p2a: Clefable|Clefable, F|394\/394 par
|
|-heal|p1a: Slowbro|214\/394 brn|[from] item: Leftovers
|-damage|p1a: Slowbro|165\/394 brn|[from] brn
|turn|25
|
|move|p1a: Slowbro|Slack Off|p1a: Slowbro
|-heal|p1a: Slowbro|362\/394 brn
|move|p2a: Clefable|Flamethrower|p1a: Slowbro
|-resisted|p1a: Slowbro
|-damage|p1a: Slowbro|320\/394 brn
|
|-heal|p1a: Slowbro|344\/394 brn|[from] item: Leftovers
|-damage|p1a: Slowbro|295\/394 brn|[from] brn
|turn|26
|
|move|p1a: Slowbro|Psyshock|p2a: Clefable
|-damage|p2a: Clefable|298\/394 par
|move|p2a: Clefable|Moonblast|p1a: Slowbro
|-damage|p1a: Slowbro|180\/394 brn
|-unboost|p1a: Slowbro|spa|1
|
|-heal|p1a: Slowbro|204\/394 brn|[from] item: Leftovers
|-heal|p2a: Clefable|322\/394 par|[from] item: Leftovers
|-damage|p1a: Slowbro|155\/394 brn|[from] brn
|turn|27
|
|move|p1a: Slowbro|Slack Off|p1a: Slowbro
|-heal|p1a: Slowbro|352\/394 brn
|move|p2a: Clefable|Flamethrower|p1a: Slowbro
|-resisted|p1a: Slowbro
|-damage|p1a: Slowbro|309\/394 brn
|
|-heal|p1a: Slowbro|333\/394 brn|[from] item: Leftovers
|-heal|p2a: Clefable|346\/394 par|[from] item: Leftovers
|-damage|p1a: Slowbro|284\/394 brn|[from] brn
|turn|28
|
|switch|p1a: Jirachi|Jirachi|137\/404
|-damage|p1a: Jirachi|112\/404|[from] Stealth Rock
|move|p2a: Clefable|Moonblast|p1a: Jirachi
|-resisted|p1a: Jirachi
|-damage|p1a: Jirachi|73\/404
|
|-heal|p1a: Jirachi|98\/404|[from] item: Leftovers
|-heal|p2a: Clefable|370\/394 par|[from] item: Leftovers
|turn|29
|
|switch|p2a: Landorus-Therian|Landorus-Therian, M|152\/379
|-damage|p2a: Landorus-Therian|105\/379|[from] Stealth Rock
|-ability|p2a: Landorus-Therian|Intimidate|[of] p1a: Jirachi
|-unboost|p1a: Jirachi|atk|1
|move|p1a: Jirachi|Iron Head|p2a: Landorus-Therian
|-damage|p2a: Landorus-Therian|60\/379
|
|-heal|p1a: Jirachi|123\/404|[from] item: Leftovers
|-heal|p2a: Landorus-Therian|83\/379|[from] item: Leftovers
|turn|30
|
|move|p1a: Jirachi|U-turn|p2a: Landorus-Therian
|-resisted|p2a: Landorus-Therian
|-damage|p2a: Landorus-Therian|68\/379
|
|switch|p1a: Landorus|Landorus, M|319\/319
|-damage|p1a: Landorus|280\/319|[from] Stealth Rock
|move|p2a: Landorus-Therian|U-turn|p1a: Landorus
|-resisted|p1a: Landorus
|-damage|p1a: Landorus|242\/319
|
|switch|p2a: Keldeo-Resolute|Keldeo-Resolute|124\/323
|-damage|p2a: Keldeo-Resolute|104\/323|[from] Stealth Rock
|
|-heal|p2a: Keldeo-Resolute|124\/323|[from] item: Leftovers
|turn|31
|
|switch|p1a: Slowbro|Slowbro, F|394\/394 brn
|-damage|p1a: Slowbro|345\/394 brn|[from] Stealth Rock
|move|p2a: Keldeo-Resolute|Scald|p1a: Slowbro
|-resisted|p1a: Slowbro
|-damage|p1a: Slowbro|255\/394 brn
|
|-heal|p2a: Keldeo-Resolute|144\/323|[from] item: Leftovers
|-heal|p1a: Slowbro|279\/394 brn|[from] item: Leftovers
|-damage|p1a: Slowbro|230\/394 brn|[from] brn
|turn|32
|
|move|p2a: Keldeo-Resolute|Substitute|p2a: Keldeo-Resolute
|-start|p2a: Keldeo-Resolute|Substitute
|-damage|p2a: Keldeo-Resolute|64\/323
|move|p1a: Slowbro|Psyshock|p2a: Keldeo-Resolute
|-supereffective|p2a: Keldeo-Resolute
|-end|p2a: Keldeo-Resolute|Substitute
|
|-heal|p2a: Keldeo-Resolute|84\/323|[from] item: Leftovers
|-heal|p1a: Slowbro|254\/394 brn|[from] item: Leftovers
|-damage|p1a: Slowbro|205\/394 brn|[from] brn
|turn|33
|
|switch|p2a: Clefable|Clefable, F|370\/394 par
|switch|p1a: Jirachi|Jirachi|123\/404
|-damage|p1a: Jirachi|98\/404|[from] Stealth Rock
|
|-heal|p1a: Jirachi|123\/404|[from] item: Leftovers
|-heal|p2a: Clefable|394\/394 par|[from] item: Leftovers
|turn|34
|
|move|p1a: Jirachi|Body Slam|p2a: Clefable
|-damage|p2a: Clefable|328\/394 par
|move|p2a: Clefable|Flamethrower|p1a: Jirachi
|-supereffective|p1a: Jirachi
|-damage|p1a: Jirachi|21\/404
|
|-heal|p1a: Jirachi|46\/404|[from] item: Leftovers
|-heal|p2a: Clefable|352\/394 par|[from] item: Leftovers
|turn|35
|
|switch|p2a: Landorus-Therian|Landorus-Therian, M|68\/379
|-damage|p2a: Landorus-Therian|21\/379|[from] Stealth Rock
|-ability|p2a: Landorus-Therian|Intimidate|[of] p1a: Jirachi
|-unboost|p1a: Jirachi|atk|1
|move|p1a: Jirachi|Body Slam|p2a: Landorus-Therian
|-damage|p2a: Landorus-Therian|0 fnt
|faint|p2a: Landorus-Therian
|
|-heal|p1a: Jirachi|71\/404|[from] item: Leftovers
|
|switch|p2a: Talonflame|Talonflame, M|297\/297
|-damage|p2a: Talonflame|149\/297|[from] Stealth Rock
|turn|36
|
|move|p2a: Talonflame|Swords Dance|p2a: Talonflame
|-boost|p2a: Talonflame|atk|2
|move|p1a: Jirachi|Body Slam|p2a: Talonflame
|-damage|p2a: Talonflame|90\/297
|-status|p2a: Talonflame|par
|
|-heal|p1a: Jirachi|96\/404|[from] item: Leftovers
|turn|37
|
|move|p2a: Talonflame|Roost|p2a: Talonflame
|-heal|p2a: Talonflame|239\/297 par
|move|p1a: Jirachi|Body Slam|p2a: Talonflame
|-damage|p2a: Talonflame|182\/297 par
|
|-heal|p1a: Jirachi|121\/404|[from] item: Leftovers
|turn|38
|
|move|p1a: Jirachi|U-turn|p2a: Talonflame
|-resisted|p2a: Talonflame
|-damage|p2a: Talonflame|169\/297 par
|
|switch|p1a: Slowbro|Slowbro, F|336\/394 brn
|-damage|p1a: Slowbro|287\/394 brn|[from] Stealth Rock
|move|p2a: Talonflame|Flare Blitz|p1a: Slowbro
|-resisted|p1a: Slowbro
|-damage|p1a: Slowbro|190\/394 brn
|-damage|p2a: Talonflame|137\/297 par|[from] recoil|[of] p1a: Slowbro
|
|-heal|p1a: Slowbro|214\/394 brn|[from] item: Leftovers
|-damage|p1a: Slowbro|165\/394 brn|[from] brn
|turn|39
|
|switch|p1a: Jirachi|Jirachi|121\/404
|-damage|p1a: Jirachi|96\/404|[from] Stealth Rock
|cant|p2a: Talonflame|par
|
|-heal|p1a: Jirachi|121\/404|[from] item: Leftovers
|turn|40
|
|move|p2a: Talonflame|Roost|p2a: Talonflame
|-heal|p2a: Talonflame|286\/297 par
|move|p1a: Jirachi|U-turn|p2a: Talonflame
|-resisted|p2a: Talonflame
|-damage|p2a: Talonflame|248\/297 par
|
|switch|p1a: Slowbro|Slowbro, F|296\/394 brn
|-damage|p1a: Slowbro|247\/394 brn|[from] Stealth Rock
|
|-heal|p1a: Slowbro|271\/394 brn|[from] item: Leftovers
|-damage|p1a: Slowbro|222\/394 brn|[from] brn
|turn|41
|
|move|p2a: Talonflame|Brave Bird|p1a: Slowbro
|-damage|p1a: Slowbro|0 fnt
|-damage|p2a: Talonflame|175\/297 par|[from] recoil|[of] p1a: Slowbro
|faint|p1a: Slowbro
|
|
|switch|p1a: Landorus|Landorus, M|242\/319
|-damage|p1a: Landorus|203\/319|[from] Stealth Rock
|turn|42
|
|move|p2a: Talonflame|Brave Bird|p1a: Landorus
|-damage|p1a: Landorus|0 fnt
|-damage|p2a: Talonflame|108\/297 par|[from] recoil|[of] p1a: Landorus
|faint|p1a: Landorus
|
|
|switch|p1a: Jirachi|Jirachi|121\/404
|-damage|p1a: Jirachi|96\/404|[from] Stealth Rock
|turn|43
|c|âBulky Deoxys-A|first loss
|c|âFlyingSunray|nb to this team then
|
|move|p1a: Jirachi|Body Slam|p2a: Talonflame
|-damage|p2a: Talonflame|14\/297 par
|move|p2a: Talonflame|Flare Blitz|p1a: Jirachi
|-supereffective|p1a: Jirachi
|-damage|p1a: Jirachi|0 fnt
|-damage|p2a: Talonflame|0 fnt|[from] recoil|[of] p1a: Jirachi
|faint|p1a: Jirachi
|faint|p2a: Talonflame
|
|win|FlyingSunray
|raw|Ladder updating...
|raw|Bulky Deoxys-A's rating: 1444 &rarr; <strong>1422<\/strong><br \/>(-22 for losing)
|raw|FlyingSunray's rating: 1395 &rarr; <strong>1418<\/strong><br \/>(+23 for winning)
|c|âFlyingSunray|first time user it
|c|âBulky Deoxys-A|gg
|c|âFlyingSunray|gg