|join|FlyingSunray
|join|TerTheBear
|join|Reskk
|player|p1|FlyingSunray|288
|player|p2|TerTheBear|293
|gametype|singles
|gen|6
|tier|OU (suspect test)
|clearpoke
|poke|p1|Slowbro, M
|poke|p1|Chesnaught, F
|poke|p1|Heatran, F
|poke|p1|Landorus-Therian, M
|poke|p1|Latios, M
|poke|p1|Tornadus-Therian, M
|poke|p2|Landorus-Therian, M
|poke|p2|Bisharp, M
|poke|p2|Gallade, M
|poke|p2|Sylveon, F
|poke|p2|Rotom-Wash
|poke|p2|Heatran, M
|rule|Swagger Clause: Swagger is banned
|rule|Baton Pass Clause: Limit one PokÃ©mon knowing Baton Pass
|rule|Sleep Clause Mod: Limit one foe put to sleep
|rule|Species Clause: Limit one of each PokÃ©mon
|rule|OHKO Clause: OHKO moves are banned
|rule|Moody Clause: Moody is banned
|rule|Evasion Moves Clause: Evasion moves are banned
|rule|Endless Battle Clause: Forcing endless battles is banned
|rule|HP Percentage Mod: HP is shown in percentages
|teampreview
|join|vielIeis
|join|no NO NOOOOOOOO
|join|SoldierbugScizor
|join|Galactic Princess
|c|âFlyingSunray|hey man
|join|HTAG
|join|Bad Players
|c|âFlyingSunray|I waited awhile for this battle
|
|start
|switch|p1a: Chesnaught|Chesnaught, F|380\/380
|switch|p2a: Landorus-Therian|Landorus-Therian, M|382\/382
|-ability|p2a: Landorus-Therian|Intimidate|[of] p1a: Chesnaught
|-unboost|p1a: Chesnaught|atk|1
|turn|1
|c| Galactic Princess|both teams look scary
|join|Rooo
|c| Reskk|Watch out he uses special mega gallade
|c| Rooo|I use it too
|c|âTerTheBear|yeah sorry, i was battling this asshole
|c|âTerTheBear|but gl
|c| Rooo|it's a beast
|c|âFlyingSunray|damn sorry
|c|âFlyingSunray|gl :)
|
|move|p2a: Landorus-Therian|Stealth Rock|p1a: Chesnaught
|-sidestart|p1: FlyingSunray|move: Stealth Rock
|move|p1a: Chesnaught|Spikes|p2a: Landorus-Therian
|-sidestart|p2: TerTheBear|Spikes
|
|turn|2
|join|JTKip
|
|move|p2a: Landorus-Therian|U-turn|p1a: Chesnaught
|-damage|p1a: Chesnaught|328\/380
|leave|SoldierbugScizor
|
|switch|p2a: Sylveon|Sylveon, F|393\/393
|-damage|p2a: Sylveon|344\/393|[from] Spikes
|move|p1a: Chesnaught|Spikes|p2a: Sylveon
|-sidestart|p2: TerTheBear|Spikes
|
|-heal|p1a: Chesnaught|351\/380|[from] item: Leftovers
|turn|3
|
|switch|p1a: Heatran|Heatran, F|386\/386
|-damage|p1a: Heatran|338\/386|[from] Stealth Rock
|move|p2a: Sylveon|Hyper Voice|p1a: Heatran
|-resisted|p1a: Heatran
|-damage|p1a: Heatran|286\/386
|
|-heal|p1a: Heatran|310\/386|[from] item: Leftovers
|turn|4
|
|switch|p2a: Rotom-Wash|Rotom-Wash|303\/303
|move|p1a: Heatran|Stealth Rock|p2a: Rotom-Wash
|-sidestart|p2: TerTheBear|move: Stealth Rock
|
|-heal|p1a: Heatran|334\/386|[from] item: Leftovers
|turn|5
|
|move|p2a: Rotom-Wash|Volt Switch|p1a: Heatran
|-damage|p1a: Heatran|279\/386
|
|switch|p2a: Landorus-Therian|Landorus-Therian, M|382\/382
|-damage|p2a: Landorus-Therian|335\/382|[from] Stealth Rock
|-ability|p2a: Landorus-Therian|Intimidate|[of] p1a: Heatran
|-unboost|p1a: Heatran|atk|1
|move|p1a: Heatran|Toxic|p2a: Landorus-Therian
|-status|p2a: Landorus-Therian|tox
|
|-heal|p2a: Landorus-Therian|358\/382 tox|[from] item: Leftovers
|-heal|p1a: Heatran|303\/386|[from] item: Leftovers
|-damage|p2a: Landorus-Therian|335\/382 tox|[from] psn
|turn|6
|leave|JTKip
|c|âTerTheBear|your hazards are gonna be the death of me lol
|c|âFlyingSunray|haha
|
|switch|p1a: Chesnaught|Chesnaught, F|351\/380
|-damage|p1a: Chesnaught|328\/380|[from] Stealth Rock
|move|p2a: Landorus-Therian|Knock Off|p1a: Chesnaught
|-resisted|p1a: Chesnaught
|-damage|p1a: Chesnaught|295\/380
|-enditem|p1a: Chesnaught|Leftovers|[from] move: Knock Off|[of] p2a: Landorus-Therian
|
|-heal|p2a: Landorus-Therian|358\/382 tox|[from] item: Leftovers
|-damage|p2a: Landorus-Therian|312\/382 tox|[from] psn
|turn|7
|c|âFlyingSunray|i feel bad that u had to fight an ahole
|join|Assaltwaffle
|leave|Assaltwaffle
|c|âTerTheBear|nah but it's all good bc i won anyway
|c|âFlyingSunray|true
|
|move|p2a: Landorus-Therian|U-turn|p1a: Chesnaught
|-damage|p1a: Chesnaught|246\/380
|c|âTerTheBear|he was posting a swastika in my chat and he kept blaming his loss on crits :P
|c|âTerTheBear|loser
|
|switch|p2a: Sylveon|Sylveon, F|344\/393
|-damage|p2a: Sylveon|279\/393|[from] Spikes
|-damage|p2a: Sylveon|230\/393|[from] Stealth Rock
|move|p1a: Chesnaught|Spikes|p2a: Sylveon
|-sidestart|p2: TerTheBear|Spikes
|
|turn|8
|c|âFlyingSunray|well, some people are just immature
|
|switch|p1a: Tornadus-Therian|Tornadus-Therian, M|351\/351
|-damage|p1a: Tornadus-Therian|264\/351|[from] Stealth Rock
|move|p2a: Sylveon|Psyshock|p1a: Tornadus-Therian
|-damage|p1a: Tornadus-Therian|110\/351
|
|turn|9
|
|move|p1a: Tornadus-Therian|U-turn|p2a: Sylveon
|-resisted|p2a: Sylveon
|-damage|p2a: Sylveon|197\/393
|
|switch|p1a: Heatran|Heatran, F|303\/386
|-damage|p1a: Heatran|255\/386|[from] Stealth Rock
|move|p2a: Sylveon|Psyshock|p1a: Heatran
|-resisted|p1a: Heatran
|-damage|p1a: Heatran|183\/386
|
|-heal|p1a: Heatran|207\/386|[from] item: Leftovers
|turn|10
|
|switch|p2a: Landorus-Therian|Landorus-Therian, M|312\/382 tox
|-damage|p2a: Landorus-Therian|265\/382 tox|[from] Stealth Rock
|-ability|p2a: Landorus-Therian|Intimidate|[of] p1a: Heatran
|-unboost|p1a: Heatran|atk|1
|move|p1a: Heatran|Taunt|p2a: Landorus-Therian
|-start|p2a: Landorus-Therian|move: Taunt
|
|-heal|p2a: Landorus-Therian|288\/382 tox|[from] item: Leftovers
|-heal|p1a: Heatran|231\/386|[from] item: Leftovers
|-damage|p2a: Landorus-Therian|265\/382 tox|[from] psn
|turn|11
|
|switch|p1a: Landorus-Therian|Landorus-Therian, M|354\/354
|-damage|p1a: Landorus-Therian|310\/354|[from] Stealth Rock
|-ability|p1a: Landorus-Therian|Intimidate|[of] p2a: Landorus-Therian
|-unboost|p2a: Landorus-Therian|atk|1
|move|p2a: Landorus-Therian|Earthquake|p1a: Landorus-Therian
|-immune|p1a: Landorus-Therian|[msg]
|
|-heal|p2a: Landorus-Therian|288\/382 tox|[from] item: Leftovers
|-damage|p2a: Landorus-Therian|242\/382 tox|[from] psn
|turn|12
|
|switch|p2a: Rotom-Wash|Rotom-Wash|303\/303
|-damage|p2a: Rotom-Wash|266\/303|[from] Stealth Rock
|move|p1a: Landorus-Therian|U-turn|p2a: Rotom-Wash
|-damage|p2a: Rotom-Wash|197\/303
|
|switch|p1a: Latios|Latios, M|301\/301
|-damage|p1a: Latios|264\/301|[from] Stealth Rock
|
|-heal|p2a: Rotom-Wash|215\/303|[from] item: Leftovers
|turn|13
|c|âTerTheBear|agh the chip damage is too strong
|
|switch|p1a: Heatran|Heatran, F|231\/386
|-damage|p1a: Heatran|183\/386|[from] Stealth Rock
|move|p2a: Rotom-Wash|Volt Switch|p1a: Heatran
|-damage|p1a: Heatran|122\/386
|c|âFlyingSunray|i cant tell if u predicted that or not lol
|c| HTAG|dis aint a fite game, there is no chip damage :\/
|
|switch|p2a: Gallade|Gallade, M|277\/277
|-damage|p2a: Gallade|260\/277|[from] Stealth Rock
|-damage|p2a: Gallade|191\/277|[from] Spikes
|
|-heal|p1a: Heatran|146\/386|[from] item: Leftovers
|turn|14
|join|Randrews547
|c|âTerTheBear|residual i meant
|
|detailschange|p2a: Gallade|Gallade-Mega, M
|-mega|p2a: Gallade|Gallade|Galladite
|move|p2a: Gallade|Substitute|p2a: Gallade
|-start|p2a: Gallade|Substitute
|-damage|p2a: Gallade|122\/277
|move|p1a: Heatran|Lava Plume|p2a: Gallade
|-end|p2a: Gallade|Substitute
|
|-heal|p1a: Heatran|170\/386|[from] item: Leftovers
|turn|15
|c| HTAG|its cool, just weird getting the terms mixed up in muh head
|c|âFlyingSunray|sub gallade :o
|c|âFlyingSunray|focus puncher?
|
|switch|p1a: Slowbro|Slowbro, M|393\/393
|-damage|p1a: Slowbro|344\/393|[from] Stealth Rock
|move|p2a: Gallade|Swords Dance|p2a: Gallade
|-boost|p2a: Gallade|atk|2
|
|turn|16
|c|âTerTheBear|maybe :P
|
|detailschange|p1a: Slowbro|Slowbro-Mega, M
|-mega|p1a: Slowbro|Slowbro|Slowbronite
|move|p2a: Gallade|Substitute|p2a: Gallade
|-start|p2a: Gallade|Substitute
|-damage|p2a: Gallade|53\/277
|move|p1a: Slowbro|Scald|p2a: Gallade
|-end|p2a: Gallade|Substitute
|
|turn|17
|
|move|p2a: Gallade|Knock Off|p1a: Slowbro
|-supereffective|p1a: Slowbro
|-damage|p1a: Slowbro|138\/393
|move|p1a: Slowbro|Scald|p2a: Gallade
|-damage|p2a: Gallade|0 fnt
|faint|p2a: Gallade
|
|leave|Randrews547
|
|switch|p2a: Landorus-Therian|Landorus-Therian, M|242\/382 tox
|-damage|p2a: Landorus-Therian|195\/382 tox|[from] Stealth Rock
|-ability|p2a: Landorus-Therian|Intimidate|[of] p1a: Slowbro
|-unboost|p1a: Slowbro|atk|1
|turn|18
|
|move|p2a: Landorus-Therian|U-turn|p1a: Slowbro
|-supereffective|p1a: Slowbro
|-damage|p1a: Slowbro|62\/393
|
|switch|p2a: Rotom-Wash|Rotom-Wash|215\/303
|-damage|p2a: Rotom-Wash|178\/303|[from] Stealth Rock
|move|p1a: Slowbro|Slack Off|p1a: Slowbro
|-heal|p1a: Slowbro|259\/393
|
|-heal|p2a: Rotom-Wash|196\/303|[from] item: Leftovers
|turn|19
|
|switch|p1a: Latios|Latios, M|264\/301
|-damage|p1a: Latios|227\/301|[from] Stealth Rock
|move|p2a: Rotom-Wash|Will-O-Wisp|p1a: Latios
|-status|p1a: Latios|brn
|
|-heal|p2a: Rotom-Wash|214\/303|[from] item: Leftovers
|-damage|p1a: Latios|190\/301 brn|[from] brn
|turn|20
|c|âTerTheBear|what round is this? 3rd?
|join|BAN TRAPPERS
|c|âFlyingSunray|i think
|c|âTerTheBear|damn
|
|move|p1a: Latios|Psyshock|p2a: Rotom-Wash
|-damage|p2a: Rotom-Wash|88\/303
|-damage|p1a: Latios|160\/301 brn|[from] item: Life Orb
|move|p2a: Rotom-Wash|Volt Switch|p1a: Latios
|-resisted|p1a: Latios
|-damage|p1a: Latios|118\/301 brn
|leave|Rooo
|
|switch|p2a: Heatran|Heatran, M|385\/385
|-damage|p2a: Heatran|337\/385|[from] Stealth Rock
|-damage|p2a: Heatran|241\/385|[from] Spikes
|
|-heal|p2a: Heatran|265\/385|[from] item: Leftovers
|-damage|p1a: Latios|81\/301 brn|[from] brn
|turn|21
|c|âTerTheBear|oh my lord that hazard damage is scary
|c|âFlyingSunray|yeah ikr
|
|move|p1a: Latios|Surf|p2a: Heatran
|-supereffective|p2a: Heatran
|-damage|p2a: Heatran|73\/385
|-damage|p1a: Latios|51\/301 brn|[from] item: Life Orb
|move|p2a: Heatran|Toxic|p1a: Latios
|-fail|p1a: Latios
|
|-heal|p2a: Heatran|97\/385|[from] item: Leftovers
|-damage|p1a: Latios|14\/301 brn|[from] brn
|turn|22
|
|switch|p2a: Rotom-Wash|Rotom-Wash|88\/303
|-damage|p2a: Rotom-Wash|51\/303|[from] Stealth Rock
|move|p1a: Latios|Draco Meteor|p2a: Rotom-Wash
|-damage|p2a: Rotom-Wash|0 fnt
|-unboost|p1a: Latios|spa|2
|-damage|p1a: Latios|0 fnt|[from] item: Life Orb
|faint|p2a: Rotom-Wash
|faint|p1a: Latios
|
|
|switch|p2a: Landorus-Therian|Landorus-Therian, M|195\/382 tox
|switch|p1a: Chesnaught|Chesnaught, F|246\/380
|-damage|p2a: Landorus-Therian|148\/382 tox|[from] Stealth Rock
|-ability|p2a: Landorus-Therian|Intimidate|[of] p1a: Chesnaught
|-unboost|p1a: Chesnaught|atk|1
|-damage|p1a: Chesnaught|223\/380|[from] Stealth Rock
|turn|23
|join|yrs
|
|move|p2a: Landorus-Therian|Knock Off|p1a: Chesnaught
|-resisted|p1a: Chesnaught
|-damage|p1a: Chesnaught|199\/380
|move|p1a: Chesnaught|Synthesis|p1a: Chesnaught
|-heal|p1a: Chesnaught|380\/380
|
|-heal|p2a: Landorus-Therian|171\/382 tox|[from] item: Leftovers
|-damage|p2a: Landorus-Therian|148\/382 tox|[from] psn
|turn|24
|c|âTerTheBear|oops
|
|move|p2a: Landorus-Therian|U-turn|p1a: Chesnaught
|-damage|p1a: Chesnaught|333\/380
|
|switch|p2a: Heatran|Heatran, M|97\/385
|-damage|p2a: Heatran|1\/385|[from] Spikes
|-damage|p2a: Heatran|0 fnt|[from] Stealth Rock
|faint|p2a: Heatran
|move|p1a: Chesnaught|Leech Seed|p2: Heatran|[notarget]
|-notarget
|
|c|âTerTheBear|oh lord
|c|âTerTheBear|welp
|c|âTerTheBear|gg
|c|âFlyingSunray|stay till the end
|
|switch|p2a: Sylveon|Sylveon, F|197\/393
|-damage|p2a: Sylveon|99\/393|[from] Spikes
|-damage|p2a: Sylveon|50\/393|[from] Stealth Rock
|turn|25
|c|âTerTheBear|yeah obv
|c|âFlyingSunray|good good
|
|switch|p1a: Heatran|Heatran, F|170\/386
|-damage|p1a: Heatran|122\/386|[from] Stealth Rock
|move|p2a: Sylveon|Hyper Voice|p1a: Heatran
|-resisted|p1a: Heatran
|-damage|p1a: Heatran|66\/386
|
|-heal|p1a: Heatran|90\/386|[from] item: Leftovers
|turn|26
|
|move|p1a: Heatran|Lava Plume|p2a: Sylveon
|-damage|p2a: Sylveon|0 fnt
|faint|p2a: Sylveon
|
|-heal|p1a: Heatran|114\/386|[from] item: Leftovers
|
|switch|p2a: Landorus-Therian|Landorus-Therian, M|148\/382 tox
|-damage|p2a: Landorus-Therian|101\/382 tox|[from] Stealth Rock
|-ability|p2a: Landorus-Therian|Intimidate|[of] p1a: Heatran
|-unboost|p1a: Heatran|atk|1
|turn|27
|
|move|p2a: Landorus-Therian|Earthquake|p1a: Heatran
|-supereffective|p1a: Heatran
|-damage|p1a: Heatran|0 fnt
|faint|p1a: Heatran
|
|-heal|p2a: Landorus-Therian|124\/382 tox|[from] item: Leftovers
|-damage|p2a: Landorus-Therian|101\/382 tox|[from] psn
|
|switch|p1a: Chesnaught|Chesnaught, F|333\/380
|-damage|p1a: Chesnaught|310\/380|[from] Stealth Rock
|turn|28
|leave|yrs
|join|RNGzus
|
|move|p2a: Landorus-Therian|Earthquake|p1a: Chesnaught
|-resisted|p1a: Chesnaught
|-damage|p1a: Chesnaught|264\/380
|move|p1a: Chesnaught|Leech Seed|p2a: Landorus-Therian
|-start|p2a: Landorus-Therian|move: Leech Seed
|
|-heal|p2a: Landorus-Therian|124\/382 tox|[from] item: Leftovers
|-damage|p2a: Landorus-Therian|77\/382 tox|[from] Leech Seed|[of] p1a: Chesnaught
|-heal|p1a: Chesnaught|311\/380|[silent]
|-damage|p2a: Landorus-Therian|31\/382 tox|[from] psn
|turn|29
|
|move|p2a: Landorus-Therian|Earthquake|p1a: Chesnaught
|-resisted|p1a: Chesnaught
|-damage|p1a: Chesnaught|263\/380
|move|p1a: Chesnaught|Leech Seed|p2a: Landorus-Therian
|-fail|p2a: Landorus-Therian
|
|-heal|p2a: Landorus-Therian|54\/382 tox|[from] item: Leftovers
|-damage|p2a: Landorus-Therian|7\/382 tox|[from] Leech Seed|[of] p1a: Chesnaught
|-heal|p1a: Chesnaught|310\/380|[silent]
|-damage|p2a: Landorus-Therian|0 fnt|[from] psn
|faint|p2a: Landorus-Therian
|
|switch|p2a: Bisharp|Bisharp, M|271\/271
|-damage|p2a: Bisharp|204\/271|[from] Spikes
|-damage|p2a: Bisharp|188\/271|[from] Stealth Rock
|turn|30
|c|âFlyingSunray|i asked you to stay till the end because you would be continuing not me. Hope your next fight is in your favor
|-message|FlyingSunray forfeited.
|
|win|TerTheBear
|leave|no NO NOOOOOOOO
|leave|BAN TRAPPERS
|leave|TerTheBear
|player|p2
|leave|Galactic Princess
|leave|RNGzus
|leave|Bad Players
|leave|HTAG