|join|TFL
|join|FlyingSunray
|player|p1|TFL|263
|player|p2|FlyingSunray|288
|gametype|singles
|gen|6
|tier|OU (suspect test)
|clearpoke
|poke|p1|Jirachi
|poke|p1|Latios, M
|poke|p1|Heatran, F
|poke|p1|Glalie, M
|poke|p1|Azumarill, M
|poke|p1|Landorus-Therian, M
|poke|p2|Glalie, F
|poke|p2|Chesnaught, F
|poke|p2|Heatran, F
|poke|p2|Landorus-Therian, M
|poke|p2|Latios, M
|poke|p2|Tornadus-Therian, M
|rule|Swagger Clause: Swagger is banned
|rule|Baton Pass Clause: Limit one PokÃ©mon knowing Baton Pass
|rule|Sleep Clause Mod: Limit one foe put to sleep
|rule|Species Clause: Limit one of each PokÃ©mon
|rule|OHKO Clause: OHKO moves are banned
|rule|Moody Clause: Moody is banned
|rule|Evasion Moves Clause: Evasion moves are banned
|rule|Endless Battle Clause: Forcing endless battles is banned
|rule|HP Percentage Mod: HP is shown in percentages
|teampreview
|join|XxScrinoidxX
|join|LostOldAlt
|join|Ailurophilia
|join|willwolf
|join|gyarad0site
|join|LMay
|join|mach punch koes
|c| gyarad0site|o:
|join|The Forever Grunt
|c| Ailurophilia|glalie *~*
|join|Bunnelfy
|leave|LMay
|join|RNGzus
|join|Mr. Bendover Man
|join|SoldierbugScizor
|join|Galactic Princess
|
|start
|switch|p1a: Azumarill|Azumarill, M|364\/364
|switch|p2a: Tornadus-Therian|Tornadus-Therian, M|351\/351
|turn|1
|join|orei
|
|move|p2a: Tornadus-Therian|Knock Off|p1a: Azumarill
|-resisted|p1a: Azumarill
|-damage|p1a: Azumarill|320\/364
|-enditem|p1a: Azumarill|Choice Band|[from] move: Knock Off|[of] p2a: Tornadus-Therian
|move|p1a: Azumarill|Play Rough|p2a: Tornadus-Therian
|-damage|p2a: Tornadus-Therian|117\/351
|
|turn|2
|
|move|p2a: Tornadus-Therian|U-turn|p1a: Azumarill
|-resisted|p1a: Azumarill
|-damage|p1a: Azumarill|290\/364
|
|switch|p2a: Landorus-Therian|Landorus-Therian, M|354\/354
|-ability|p2a: Landorus-Therian|Intimidate|[of] p1a: Azumarill
|-unboost|p1a: Azumarill|atk|1
|move|p1a: Azumarill|Play Rough|p2a: Landorus-Therian
|-damage|p2a: Landorus-Therian|215\/354
|
|turn|3
|
|move|p2a: Landorus-Therian|U-turn|p1a: Azumarill
|-resisted|p1a: Azumarill
|-damage|p1a: Azumarill|229\/364
|
|switch|p2a: Chesnaught|Chesnaught, F|380\/380
|move|p1a: Azumarill|Waterfall|p2a: Chesnaught
|-resisted|p2a: Chesnaught
|-damage|p2a: Chesnaught|345\/380
|
|-heal|p2a: Chesnaught|368\/380|[from] item: Leftovers
|turn|4
|
|switch|p1a: Jirachi|Jirachi|389\/389
|move|p2a: Chesnaught|Leech Seed|p1a: Jirachi|[miss]
|-miss|p2a: Chesnaught|p1a: Jirachi
|
|-heal|p2a: Chesnaught|380\/380|[from] item: Leftovers
|turn|5
|join|Flan76
|
|switch|p2a: Heatran|Heatran, F|386\/386
|move|p1a: Jirachi|Stealth Rock|p2a: Heatran
|-sidestart|p2: FlyingSunray|move: Stealth Rock
|
|turn|6
|leave|Flan76
|join|yrs
|
|move|p1a: Jirachi|Body Slam|p2a: Heatran
|-crit|p2a: Heatran
|-resisted|p2a: Heatran
|-damage|p2a: Heatran|326\/386
|-status|p2a: Heatran|par
|move|p2a: Heatran|Stealth Rock|p1a: Jirachi
|-sidestart|p1: TFL|move: Stealth Rock
|
|-heal|p2a: Heatran|350\/386 par|[from] item: Leftovers
|turn|7
|c| yrs|tiffle
|c| yrs|now hax
|c| yrs|this man
|c| yrs|to death
|
|switch|p1a: Heatran|Heatran, F|323\/323
|-damage|p1a: Heatran|283\/323|[from] Stealth Rock
|cant|p2a: Heatran|par
|
|-heal|p2a: Heatran|374\/386 par|[from] item: Leftovers
|turn|8
|c| LostOldAlt|he aint that real lol
|
|switch|p2a: Tornadus-Therian|Tornadus-Therian, M|234\/351
|-damage|p2a: Tornadus-Therian|147\/351|[from] Stealth Rock
|move|p1a: Heatran|Magma Storm|p2a: Tornadus-Therian
|-damage|p2a: Tornadus-Therian|20\/351
|-activate|p2a: Tornadus-Therian|move: Magma Storm|[of] p1a: Heatran
|
|-damage|p2a: Tornadus-Therian|0 fnt|[from] move: Magma Storm|[partiallytrapped]
|faint|p2a: Tornadus-Therian
|join|k8 slept l8 m8
|
|switch|p2a: Glalie|Glalie, F|301\/301
|-damage|p2a: Glalie|226\/301|[from] Stealth Rock
|turn|9
|
|switch|p1a: Latios|Latios, M|299\/299
|-damage|p1a: Latios|262\/299|[from] Stealth Rock
|detailschange|p2a: Glalie|Glalie-Mega, F
|-mega|p2a: Glalie|Glalie|Glalitite
|move|p2a: Glalie|Frustration|p1a: Latios
|-supereffective|p1a: Latios
|-damage|p1a: Latios|0 fnt
|faint|p1a: Latios
|
|
|switch|p1a: Jirachi|Jirachi|389\/389
|-damage|p1a: Jirachi|365\/389|[from] Stealth Rock
|turn|10
|join|LadderSoTall
|
|switch|p2a: Heatran|Heatran, F|374\/386 par
|-damage|p2a: Heatran|326\/386 par|[from] Stealth Rock
|move|p1a: Jirachi|Iron Head|p2a: Heatran
|-resisted|p2a: Heatran
|-damage|p2a: Heatran|301\/386 par
|
|-heal|p1a: Jirachi|389\/389|[from] item: Leftovers
|-heal|p2a: Heatran|325\/386 par|[from] item: Leftovers
|turn|11
|join|SquishyBlob
|join|pokenerd jacob
|
|switch|p1a: Azumarill|Azumarill, M|229\/364
|-damage|p1a: Azumarill|184\/364|[from] Stealth Rock
|switch|p2a: Landorus-Therian|Landorus-Therian, M|215\/354
|-damage|p2a: Landorus-Therian|171\/354|[from] Stealth Rock
|-ability|p2a: Landorus-Therian|Intimidate|[of] p1a: Azumarill
|-unboost|p1a: Azumarill|atk|1
|
|turn|12
|join|Maiora
|
|switch|p2a: Chesnaught|Chesnaught, F|380\/380
|-damage|p2a: Chesnaught|357\/380|[from] Stealth Rock
|switch|p1a: Landorus-Therian|Landorus-Therian, M|319\/319
|-damage|p1a: Landorus-Therian|280\/319|[from] Stealth Rock
|-ability|p1a: Landorus-Therian|Intimidate|[of] p2a: Chesnaught
|-unboost|p2a: Chesnaught|atk|1
|
|-heal|p2a: Chesnaught|380\/380|[from] item: Leftovers
|turn|13
|
|switch|p1a: Glalie|Glalie, M|301\/301
|-damage|p1a: Glalie|226\/301|[from] Stealth Rock
|move|p2a: Chesnaught|Drain Punch|p1a: Glalie
|-supereffective|p1a: Glalie
|-damage|p1a: Glalie|70\/301
|
|turn|14
|c| pokenerd jacob|2 pu mega, what?
|
|detailschange|p1a: Glalie|Glalie-Mega, M
|-mega|p1a: Glalie|Glalie|Glalitite
|move|p1a: Glalie|Double-Edge|p2a: Chesnaught
|-supereffective|p2a: Chesnaught
|-damage|p2a: Chesnaught|32\/380
|-damage|p1a: Glalie|0 fnt|[from] recoil|[of] p2a: Chesnaught
|faint|p1a: Glalie
|move|p2a: Chesnaught|Drain Punch|p1: Glalie|[notarget]
|-notarget
|
|-heal|p2a: Chesnaught|55\/380|[from] item: Leftovers
|join|AssaultBreast
|leave|yrs
|leave|pokenerd jacob
|
|switch|p1a: Heatran|Heatran, F|283\/323
|-damage|p1a: Heatran|243\/323|[from] Stealth Rock
|turn|15
|
|move|p1a: Heatran|Earth Power|p2a: Chesnaught
|-resisted|p2a: Chesnaught
|-damage|p2a: Chesnaught|0 fnt
|faint|p2a: Chesnaught
|
|
|switch|p2a: Landorus-Therian|Landorus-Therian, M|171\/354
|-damage|p2a: Landorus-Therian|127\/354|[from] Stealth Rock
|-ability|p2a: Landorus-Therian|Intimidate|[of] p1a: Heatran
|-unboost|p1a: Heatran|atk|1
|turn|16
|
|switch|p1a: Landorus-Therian|Landorus-Therian, M|280\/319
|-damage|p1a: Landorus-Therian|241\/319|[from] Stealth Rock
|-ability|p1a: Landorus-Therian|Intimidate|[of] p2a: Landorus-Therian
|-unboost|p2a: Landorus-Therian|atk|1
|move|p2a: Landorus-Therian|U-turn|p1a: Landorus-Therian
|-resisted|p1a: Landorus-Therian
|-damage|p1a: Landorus-Therian|207\/319
|
|switch|p2a: Glalie|Glalie-Mega, F|226\/301
|-damage|p2a: Glalie|151\/301|[from] Stealth Rock
|
|turn|17
|
|move|p2a: Glalie|Ice Shard|p1a: Landorus-Therian
|-crit|p1a: Landorus-Therian
|-supereffective|p1a: Landorus-Therian
|-damage|p1a: Landorus-Therian|0 fnt
|faint|p1a: Landorus-Therian
|
|
|switch|p1a: Jirachi|Jirachi|389\/389
|-damage|p1a: Jirachi|365\/389|[from] Stealth Rock
|turn|18
|c| AssaultBreast|x
|
|switch|p1a: Azumarill|Azumarill, M|184\/364
|-damage|p1a: Azumarill|139\/364|[from] Stealth Rock
|move|p2a: Glalie|Explosion|p1a: Azumarill
|-resisted|p1a: Azumarill
|-damage|p1a: Azumarill|0 fnt
|faint|p2a: Glalie
|faint|p1a: Azumarill
|
|-message|TFL forfeited.
|c| AssaultBreast|plooooooodee
|
|win|FlyingSunray
|c| Mr. Bendover Man|nice
|c|âTFL|jeejee
|leave|LadderSoTall
|leave|AssaultBreast
|leave|TFL
|player|p1
|leave|SquishyBlob
|leave|SoldierbugScizor
|leave|orei
|leave|LostOldAlt