|join|FlyingSunray
|join|Mr. Bendover Man
|player|p1|FlyingSunray|288
|player|p2|Mr. Bendover Man|165
|gametype|singles
|gen|6
|tier|OU (suspect test)
|clearpoke
|poke|p1|Glalie, F
|poke|p1|Chesnaught, M
|poke|p1|Heatran, F
|poke|p1|Landorus-Therian, M
|poke|p1|Latios, M
|poke|p1|Tornadus-Therian, M
|poke|p2|Gallade, M
|poke|p2|Bisharp, F
|poke|p2|Rotom-Wash
|poke|p2|Gengar, F
|poke|p2|Latios, M
|poke|p2|Landorus-Therian, M
|rule|Swagger Clause: Swagger is banned
|rule|Baton Pass Clause: Limit one PokÃ©mon knowing Baton Pass
|rule|Sleep Clause Mod: Limit one foe put to sleep
|rule|Species Clause: Limit one of each PokÃ©mon
|rule|OHKO Clause: OHKO moves are banned
|rule|Moody Clause: Moody is banned
|rule|Evasion Moves Clause: Evasion moves are banned
|rule|Endless Battle Clause: Forcing endless battles is banned
|rule|HP Percentage Mod: HP is shown in percentages
|teampreview
|join|LMay
|join|Osren
|c|âMr. Bendover Man|Hi there. :)
|leave|LMay
|c|âFlyingSunray|Heya!
|c| Osren|hey
|c|âMr. Bendover Man|Glhf :)
|c| Osren|i will
|c|âFlyingSunray|Thanks
|c| Osren|welcome
|c|âFlyingSunray|You too fellow trainer :)
|
|start
|switch|p1a: Glalie|Glalie, F|301\/301
|switch|p2a: Landorus-Therian|Landorus-Therian, M|382\/382
|-ability|p2a: Landorus-Therian|Intimidate|[of] p1a: Glalie
|-unboost|p1a: Glalie|atk|1
|turn|1
|join|DragonOwl678
|join|Reskk
|
|detailschange|p1a: Glalie|Glalie-Mega, F
|-mega|p1a: Glalie|Glalie|Glalitite
|move|p1a: Glalie|Frustration|p2a: Landorus-Therian
|-supereffective|p2a: Landorus-Therian
|-damage|p2a: Landorus-Therian|0 fnt
|faint|p2a: Landorus-Therian
|
|c|âMr. Bendover Man|Sheet
|c| Reskk|explosion incoming
|join|mikey2k9
|
|switch|p2a: Rotom-Wash|Rotom-Wash|303\/303
|turn|2
|c|âMr. Bendover Man|Predicted spikes.
|
|switch|p1a: Chesnaught|Chesnaught, M|380\/380
|move|p2a: Rotom-Wash|Will-O-Wisp|p1a: Chesnaught|[miss]
|-miss|p2a: Rotom-Wash|p1a: Chesnaught
|
|turn|3
|join|szasfwa
|
|move|p2a: Rotom-Wash|Will-O-Wisp|p1a: Chesnaught
|-status|p1a: Chesnaught|brn
|move|p1a: Chesnaught|Leech Seed|p2a: Rotom-Wash
|-start|p2a: Rotom-Wash|move: Leech Seed
|
|-damage|p2a: Rotom-Wash|266\/303|[from] Leech Seed|[of] p1a: Chesnaught
|-damage|p1a: Chesnaught|333\/380 brn|[from] brn
|turn|4
|
|move|p2a: Rotom-Wash|Volt Switch|p1a: Chesnaught
|-resisted|p1a: Chesnaught
|-damage|p1a: Chesnaught|279\/380 brn
|
|switch|p2a: Gallade|Gallade, M|277\/277
|move|p1a: Chesnaught|Leech Seed|p2a: Gallade|[miss]
|-miss|p1a: Chesnaught|p2a: Gallade
|
|-heal|p1a: Chesnaught|302\/380 brn|[from] item: Leftovers
|-damage|p1a: Chesnaught|255\/380 brn|[from] brn
|turn|5
|join|altei
|
|switch|p1a: Latios|Latios, M|301\/301
|detailschange|p2a: Gallade|Gallade-Mega, M
|-mega|p2a: Gallade|Gallade|Galladite
|move|p2a: Gallade|Knock Off|p1a: Latios
|-supereffective|p1a: Latios
|-damage|p1a: Latios|0 fnt
|-enditem|p1a: Latios|Life Orb|[from] move: Knock Off|[of] p2a: Gallade
|faint|p1a: Latios
|
|
|switch|p1a: Landorus-Therian|Landorus-Therian, M|354\/354
|-ability|p1a: Landorus-Therian|Intimidate|[of] p2a: Gallade
|-unboost|p2a: Gallade|atk|1
|turn|6
|join|GrandBlack
|
|switch|p2a: Rotom-Wash|Rotom-Wash|266\/303
|move|p1a: Landorus-Therian|Knock Off|p2a: Rotom-Wash
|-damage|p2a: Rotom-Wash|174\/303
|-enditem|p2a: Rotom-Wash|Leftovers|[from] move: Knock Off|[of] p1a: Landorus-Therian
|
|turn|7
|c|âFlyingSunray|glalie needs to be more threatening
|c|âFlyingSunray|hes good fodder this game
|leave|mikey2k9
|
|switch|p1a: Chesnaught|Chesnaught, M|255\/380 brn
|move|p2a: Rotom-Wash|Volt Switch|p1a: Chesnaught
|-resisted|p1a: Chesnaught
|-damage|p1a: Chesnaught|205\/380 brn
|
|switch|p2a: Gengar|Gengar, F|261\/261
|
|-heal|p1a: Chesnaught|228\/380 brn|[from] item: Leftovers
|-damage|p1a: Chesnaught|181\/380 brn|[from] brn
|turn|8
|
|switch|p1a: Tornadus-Therian|Tornadus-Therian, M|351\/351
|move|p2a: Gengar|Focus Blast|p1a: Tornadus-Therian
|-resisted|p1a: Tornadus-Therian
|-damage|p1a: Tornadus-Therian|287\/351
|-damage|p2a: Gengar|235\/261|[from] item: Life Orb
|
|turn|9
|c| Osren|loooooooooool
|
|switch|p2a: Bisharp|Bisharp, F|271\/271
|move|p1a: Tornadus-Therian|Knock Off|p2a: Bisharp
|-resisted|p2a: Bisharp
|-damage|p2a: Bisharp|238\/271
|-enditem|p2a: Bisharp|Black Glasses|[from] move: Knock Off|[of] p1a: Tornadus-Therian
|
|turn|10
|
|switch|p2a: Gengar|Gengar, F|235\/261
|move|p1a: Tornadus-Therian|Superpower|p2a: Gengar
|-immune|p2a: Gengar|[msg]
|
|turn|11
|c|âMr. Bendover Man|That was a dumb play for me.
|c|âMr. Bendover Man|:)
|join|solarman64
|
|switch|p2a: Bisharp|Bisharp, F|238\/271
|move|p1a: Tornadus-Therian|U-turn|p2a: Bisharp
|-damage|p2a: Bisharp|191\/271
|
|switch|p1a: Chesnaught|Chesnaught, M|181\/380 brn
|
|-heal|p1a: Chesnaught|204\/380 brn|[from] item: Leftovers
|-damage|p1a: Chesnaught|157\/380 brn|[from] brn
|turn|12
|leave|solarman64
|
|move|p2a: Bisharp|Iron Head|p1a: Chesnaught
|-damage|p1a: Chesnaught|67\/380 brn
|cant|p1a: Chesnaught|flinch
|
|-heal|p1a: Chesnaught|90\/380 brn|[from] item: Leftovers
|-damage|p1a: Chesnaught|43\/380 brn|[from] brn
|turn|13
|join|Drunken Midget
|
|move|p2a: Bisharp|Iron Head|p1a: Chesnaught
|-damage|p1a: Chesnaught|0 fnt
|faint|p1a: Chesnaught
|
|
|switch|p1a: Heatran|Heatran, F|386\/386
|turn|14
|
|switch|p2a: Gengar|Gengar, F|235\/261
|move|p1a: Heatran|Lava Plume|p2a: Gengar
|-damage|p2a: Gengar|78\/261
|
|turn|15
|
|switch|p1a: Tornadus-Therian|Tornadus-Therian, M|351\/351
|move|p2a: Gengar|Shadow Ball|p1a: Tornadus-Therian
|-damage|p1a: Tornadus-Therian|222\/351
|-damage|p2a: Gengar|52\/261|[from] item: Life Orb
|
|turn|16
|leave|Drunken Midget
|
|move|p1a: Tornadus-Therian|Knock Off|p2a: Gengar
|-supereffective|p2a: Gengar
|-damage|p2a: Gengar|0 fnt
|-enditem|p2a: Gengar|Life Orb|[from] move: Knock Off|[of] p1a: Tornadus-Therian
|faint|p2a: Gengar
|
|join|Drunken Midget
|join|Venancio12
|
|switch|p2a: Latios|Latios, M|301\/301
|turn|17
|
|move|p2a: Latios|Tailwind|p2a: Latios
|-sidestart|p2: Mr. Bendover Man|move: Tailwind
|move|p1a: Tornadus-Therian|U-turn|p2a: Latios
|-supereffective|p2a: Latios
|-damage|p2a: Latios|187\/301
|
|switch|p1a: Heatran|Heatran, F|386\/386
|
|turn|18
|
|switch|p2a: Rotom-Wash|Rotom-Wash|174\/303
|move|p1a: Heatran|Stealth Rock|p2a: Rotom-Wash
|-sidestart|p2: Mr. Bendover Man|move: Stealth Rock
|
|turn|19
|
|move|p2a: Rotom-Wash|Pain Split|p1a: Heatran
|-sethp|p1a: Heatran|280\/386|p2a: Rotom-Wash|280\/303|[from] move: Pain Split
|move|p1a: Heatran|Toxic|p2a: Rotom-Wash
|-status|p2a: Rotom-Wash|tox
|
|-heal|p1a: Heatran|304\/386|[from] item: Leftovers
|-damage|p2a: Rotom-Wash|262\/303 tox|[from] psn
|turn|20
|
|switch|p1a: Tornadus-Therian|Tornadus-Therian, M|339\/351
|move|p2a: Rotom-Wash|Hydro Pump|p1a: Tornadus-Therian
|-damage|p1a: Tornadus-Therian|246\/351
|
|-damage|p2a: Rotom-Wash|226\/303 tox|[from] psn
|-sideend|p2: Mr. Bendover Man|move: Tailwind
|turn|21
|
|move|p1a: Tornadus-Therian|U-turn|p2a: Rotom-Wash
|-damage|p2a: Rotom-Wash|192\/303 tox
|
|switch|p1a: Heatran|Heatran, F|304\/386
|move|p2a: Rotom-Wash|Volt Switch|p1a: Heatran
|-damage|p1a: Heatran|249\/386
|
|switch|p2a: Gallade|Gallade-Mega, M|277\/277
|-damage|p2a: Gallade|260\/277|[from] Stealth Rock
|
|-heal|p1a: Heatran|273\/386|[from] item: Leftovers
|turn|22
|
|switch|p1a: Glalie|Glalie-Mega, F|301\/301
|move|p2a: Gallade|Knock Off|p1a: Glalie
|-damage|p1a: Glalie|197\/301
|
|turn|23
|leave|szasfwa
|
|move|p1a: Glalie|Ice Shard|p2a: Gallade
|-damage|p2a: Gallade|181\/277
|move|p2a: Gallade|Zen Headbutt|p1a: Glalie
|-damage|p1a: Glalie|0 fnt
|faint|p1a: Glalie
|
|join|Galactic Princess
|
|switch|p1a: Landorus-Therian|Landorus-Therian, M|354\/354
|-ability|p1a: Landorus-Therian|Intimidate|[of] p2a: Gallade
|-unboost|p2a: Gallade|atk|1
|turn|24
|leave|GrandBlack
|
|switch|p2a: Rotom-Wash|Rotom-Wash|192\/303 tox
|-damage|p2a: Rotom-Wash|155\/303 tox|[from] Stealth Rock
|move|p1a: Landorus-Therian|U-turn|p2a: Rotom-Wash
|-damage|p2a: Rotom-Wash|93\/303 tox
|
|switch|p1a: Tornadus-Therian|Tornadus-Therian, M|351\/351
|
|-damage|p2a: Rotom-Wash|75\/303 tox|[from] psn
|turn|25
|
|move|p1a: Tornadus-Therian|U-turn|p2a: Rotom-Wash
|-damage|p2a: Rotom-Wash|39\/303 tox
|
|switch|p1a: Heatran|Heatran, F|273\/386
|move|p2a: Rotom-Wash|Hydro Pump|p1a: Heatran
|-supereffective|p1a: Heatran
|-damage|p1a: Heatran|91\/386
|
|-heal|p1a: Heatran|115\/386|[from] item: Leftovers
|-damage|p2a: Rotom-Wash|3\/303 tox|[from] psn
|turn|26
|
|move|p2a: Rotom-Wash|Hydro Pump|p1a: Heatran|[miss]
|-miss|p2a: Rotom-Wash|p1a: Heatran
|move|p1a: Heatran|Lava Plume|p2a: Rotom-Wash
|-resisted|p2a: Rotom-Wash
|-damage|p2a: Rotom-Wash|0 fnt
|faint|p2a: Rotom-Wash
|
|-heal|p1a: Heatran|139\/386|[from] item: Leftovers
|
|switch|p2a: Bisharp|Bisharp, F|191\/271
|-damage|p2a: Bisharp|175\/271|[from] Stealth Rock
|turn|27
|
|move|p2a: Bisharp|Knock Off|p1a: Heatran
|-damage|p1a: Heatran|0 fnt
|-enditem|p1a: Heatran|Leftovers|[from] move: Knock Off|[of] p2a: Bisharp
|faint|p1a: Heatran
|
|
|switch|p1a: Tornadus-Therian|Tornadus-Therian, M|351\/351
|turn|28
|
|move|p1a: Tornadus-Therian|Superpower|p2a: Bisharp
|-supereffective|p2a: Bisharp
|-damage|p2a: Bisharp|0 fnt
|-unboost|p1a: Tornadus-Therian|atk|1
|-unboost|p1a: Tornadus-Therian|def|1
|faint|p2a: Bisharp
|
|leave|altei
|c|âMr. Bendover Man|Well
|c|âMr. Bendover Man|This was very close.
|c|âFlyingSunray|still is
|
|switch|p2a: Latios|Latios, M|187\/301
|-damage|p2a: Latios|150\/301|[from] Stealth Rock
|turn|29
|c|âMr. Bendover Man|Hm....
|join|Insane Pigmask
|c|âFlyingSunray|did u have pursuit on latios
|c|âFlyingSunray|and are u thinking
|c|âFlyingSunray|pursuit on sharp*
|c|âMr. Bendover Man|Yeah
|c|âMr. Bendover Man|Doing a damage calc
|c|âFlyingSunray|no sucker punch?
|c|âMr. Bendover Man|And thinking
|c|âMr. Bendover Man|I hoped you would u turn
|c|âMr. Bendover Man|But that would be dumb
|c|âFlyingSunray|yeah i was gonna
|c|âMr. Bendover Man|lol
|c|âFlyingSunray|but i realized that too
|c|âFlyingSunray|that it was a bad idea
|c|âMr. Bendover Man|That tornadus has an assaut vest
|c|âMr. Bendover Man|Hm.
|join|gyarad0site
|join|Bunnelfy
|c|âMr. Bendover Man|Ok I think I know.
|
|move|p2a: Latios|Psyshock|p1a: Tornadus-Therian
|-damage|p1a: Tornadus-Therian|77\/351
|move|p1a: Tornadus-Therian|Knock Off|p2a: Latios
|-supereffective|p2a: Latios
|-damage|p2a: Latios|48\/301
|-enditem|p2a: Latios|Choice Scarf|[from] move: Knock Off|[of] p1a: Tornadus-Therian
|
|turn|30
|c|âMr. Bendover Man|Sheet
|
|move|p1a: Tornadus-Therian|U-turn|p2a: Latios
|-supereffective|p2a: Latios
|-damage|p2a: Latios|0 fnt
|faint|p2a: Latios
|
|switch|p1a: Landorus-Therian|Landorus-Therian, M|354\/354
|
|c|âMr. Bendover Man|I shoulda gone for tailwind :(
|
|switch|p2a: Gallade|Gallade-Mega, M|181\/277
|-damage|p2a: Gallade|164\/277|[from] Stealth Rock
|turn|31
|c|âMr. Bendover Man|Dumy me.
|c|âFlyingSunray|tailwind would've been good
|c|âFlyingSunray|do u have ice punch on that thing
|c|âMr. Bendover Man|:(
|
|switch|p1a: Tornadus-Therian|Tornadus-Therian, M|194\/351
|move|p2a: Gallade|Zen Headbutt|p1a: Tornadus-Therian
|-crit|p1a: Tornadus-Therian
|-damage|p1a: Tornadus-Therian|0 fnt
|faint|p1a: Tornadus-Therian
|
|c|âFlyingSunray|im not taking chances
|
|switch|p1a: Landorus-Therian|Landorus-Therian, M|354\/354
|-ability|p1a: Landorus-Therian|Intimidate|[of] p2a: Gallade
|-unboost|p2a: Gallade|atk|1
|turn|32
|c|âMr. Bendover Man|Nups.
|c|âMr. Bendover Man|No icey
|
|move|p1a: Landorus-Therian|Earthquake|p2a: Gallade
|-damage|p2a: Gallade|0 fnt
|faint|p2a: Gallade
|
|win|FlyingSunray
|c|âMr. Bendover Man|gg :)
|c|âFlyingSunray|gg
|leave|Bunnelfy
|leave|gyarad0site