|join|FlyingSunray
|join|Qubae
|join|noahde99
|join|Logic
|player|p1|FlyingSunray|288
|player|p2|Qubae|37
|gametype|singles
|gen|6
|tier|OU (suspect test)
|clearpoke
|poke|p1|Slowbro, M
|poke|p1|Chesnaught, M
|poke|p1|Heatran, M
|poke|p1|Landorus-Therian, M
|poke|p1|Latios, M
|poke|p1|Tornadus-Therian, M
|poke|p2|Houndoom, M, shiny
|poke|p2|Keldeo
|poke|p2|Landorus-Therian, M
|poke|p2|Thundurus, M
|poke|p2|Azelf, shiny
|poke|p2|Bisharp, F, shiny
|rule|Swagger Clause: Swagger is banned
|rule|Baton Pass Clause: Limit one PokÃ©mon knowing Baton Pass
|rule|Sleep Clause Mod: Limit one foe put to sleep
|rule|Species Clause: Limit one of each PokÃ©mon
|rule|OHKO Clause: OHKO moves are banned
|rule|Moody Clause: Moody is banned
|rule|Evasion Moves Clause: Evasion moves are banned
|rule|Endless Battle Clause: Forcing endless battles is banned
|rule|HP Percentage Mod: HP is shown in percentages
|teampreview
|leave|noahde99
|c|âQubae|logic
|c|âQubae|im about to make
|c|âQubae|mega doom
|c|âQubae|the best poke
|join|Demon King Piccolo
|join|hjjhghjgjghgg
|c|âQubae|to ever grace pokemans
|c|+Logic|orly
|c|âQubae|y
|
|start
|switch|p1a: Tornadus-Therian|Tornadus-Therian, M|351\/351
|switch|p2a: Azelf|Azelf, shiny|291\/291
|turn|1
|
|move|p1a: Tornadus-Therian|U-turn|p2a: Azelf
|-crit|p2a: Azelf
|-supereffective|p2a: Azelf
|-damage|p2a: Azelf|85\/291
|join|RS Meth
|c| RS Meth|ey qubae
|
|switch|p1a: Landorus-Therian|Landorus-Therian, M|354\/354
|-ability|p1a: Landorus-Therian|Intimidate|[of] p2a: Azelf
|-unboost|p2a: Azelf|atk|1
|move|p2a: Azelf|Stealth Rock|p1a: Landorus-Therian
|-sidestart|p1: FlyingSunray|move: Stealth Rock
|
|turn|2
|c|âQubae|?
|join|God Beerus
|
|move|p1a: Landorus-Therian|U-turn|p2a: Azelf
|-supereffective|p2a: Azelf
|-damage|p2a: Azelf|0 fnt
|faint|p2a: Azelf
|
|switch|p1a: Tornadus-Therian|Tornadus-Therian, M|351\/351
|-damage|p1a: Tornadus-Therian|264\/351|[from] Stealth Rock
|
|
|switch|p2a: Thundurus|Thundurus, M|299\/299
|turn|3
|
|switch|p1a: Heatran|Heatran, M|386\/386
|-damage|p1a: Heatran|338\/386|[from] Stealth Rock
|move|p2a: Thundurus|Hidden Power|p1a: Heatran
|-resisted|p1a: Heatran
|-damage|p1a: Heatran|324\/386
|-damage|p2a: Thundurus|270\/299|[from] item: Life Orb
|
|-heal|p1a: Heatran|348\/386|[from] item: Leftovers
|turn|4
|
|switch|p2a: Houndoom|Houndoom, M, shiny|291\/291
|move|p1a: Heatran|Stealth Rock|p2a: Houndoom
|-sidestart|p2: Qubae|move: Stealth Rock
|
|-heal|p1a: Heatran|372\/386|[from] item: Leftovers
|turn|5
|
|detailschange|p2a: Houndoom|Houndoom-Mega, M, shiny
|-mega|p2a: Houndoom|Houndoom|Houndoominite
|move|p2a: Houndoom|Fire Blast|p1a: Heatran
|-start|p1a: Heatran|ability: Flash Fire
|move|p1a: Heatran|Toxic|p2a: Houndoom
|-status|p2a: Houndoom|tox
|
|-heal|p1a: Heatran|386\/386|[from] item: Leftovers
|-damage|p2a: Houndoom|273\/291 tox|[from] psn
|turn|6
|c|âQubae|sigh
|c| Demon King Piccolo|eq imo
|c|âQubae|!learn houndoom, earthquake
|raw|<div class="infobox">Houndoom <span class="message-learn-cannotlearn">can't<\/span> learn Earthquake<\/div>
|
|move|p2a: Houndoom|Dark Pulse|p1a: Heatran
|-damage|p1a: Heatran|283\/386
|move|p1a: Heatran|Lava Plume|p2a: Houndoom
|-resisted|p2a: Houndoom
|-damage|p2a: Houndoom|168\/291 tox
|
|-heal|p1a: Heatran|307\/386|[from] item: Leftovers
|-damage|p2a: Houndoom|132\/291 tox|[from] psn
|turn|7
|c|+Logic|âQubae: im about to make
|c|+Logic|âQubae: mega doom
|c|+Logic|âQubae: the best poke
|c|âQubae|WHY WOULD HE
|
|switch|p2a: Keldeo|Keldeo|323\/323
|-damage|p2a: Keldeo|303\/323|[from] Stealth Rock
|move|p1a: Heatran|Lava Plume|p2a: Keldeo
|-resisted|p2a: Keldeo
|-damage|p2a: Keldeo|212\/323
|
|-heal|p1a: Heatran|331\/386|[from] item: Leftovers
|turn|8
|c|âQubae|STAY IN
|join|Tintorera
|c|âFlyingSunray|cause i have zero switch ins lol
|c|+Logic|wheres the dugtrio m8
|c| Demon King Piccolo|WHY WOULD HE SWITCH OUT?
|c|âQubae|IF I WAS REG HOUNDOOM
|c|âQubae|I HAVE FLASHFIRE
|c|âQubae|?____________?
|c|âFlyingSunray|alot of heatrans carry epower
|c|âQubae|why would i fear you
|c|âQubae|you obviously dont have it
|c|âQubae|not "alot"
|c|âFlyingSunray|because im tran i tran fears nobody
|c|âQubae|most are spd
|c|âQubae|with lava roar pro sr
|c|âFlyingSunray|plz i dont run roar or protect
|
|switch|p1a: Latios|Latios, M|301\/301
|-damage|p1a: Latios|264\/301|[from] Stealth Rock
|move|p2a: Keldeo|Secret Sword|p1a: Latios
|-resisted|p1a: Latios
|-damage|p1a: Latios|180\/301
|
|turn|9
|
|switch|p2a: Bisharp|Bisharp, F, shiny|293\/293
|-damage|p2a: Bisharp|275\/293|[from] Stealth Rock
|switch|p1a: Tornadus-Therian|Tornadus-Therian, M|351\/351
|-damage|p1a: Tornadus-Therian|264\/351|[from] Stealth Rock
|
|turn|10
|c|âQubae|watch me eat this up
|
|move|p1a: Tornadus-Therian|Superpower|p2a: Bisharp
|-supereffective|p2a: Bisharp
|-damage|p2a: Bisharp|0 fnt
|-unboost|p1a: Tornadus-Therian|atk|1
|-unboost|p1a: Tornadus-Therian|def|1
|faint|p2a: Bisharp
|
|c|âQubae|WHAT
|c|âQubae|SPOWER
|c|âQubae|OMLLLL
|c|âQubae|\/me rubs face
|c|âQubae|fuck u logic
|c|âQubae|worst ghost
|
|switch|p2a: Thundurus|Thundurus, M|270\/299
|-damage|p2a: Thundurus|196\/299|[from] Stealth Rock
|turn|11
|
|move|p1a: Tornadus-Therian|Knock Off|p2a: Thundurus
|-damage|p2a: Thundurus|130\/299
|-enditem|p2a: Thundurus|Life Orb|[from] move: Knock Off|[of] p1a: Tornadus-Therian
|move|p2a: Thundurus|Thunderbolt|p1a: Tornadus-Therian
|-supereffective|p1a: Tornadus-Therian
|-damage|p1a: Tornadus-Therian|52\/351
|
|turn|12
|join|Azazel Cross
|
|move|p2a: Thundurus|Thunder Wave|p1a: Tornadus-Therian
|-status|p1a: Tornadus-Therian|par
|cant|p1a: Tornadus-Therian|par
|
|turn|13
|
|move|p2a: Thundurus|Hidden Power|p1a: Tornadus-Therian
|-supereffective|p1a: Tornadus-Therian
|-damage|p1a: Tornadus-Therian|0 fnt
|faint|p1a: Tornadus-Therian
|
|
|switch|p1a: Heatran|Heatran, M|331\/386
|-damage|p1a: Heatran|283\/386|[from] Stealth Rock
|turn|14
|
|move|p2a: Thundurus|Focus Blast|p1a: Heatran|[miss]
|-miss|p2a: Thundurus|p1a: Heatran
|move|p1a: Heatran|Lava Plume|p2a: Thundurus
|-damage|p2a: Thundurus|0 fnt
|faint|p2a: Thundurus
|
|-heal|p1a: Heatran|307\/386|[from] item: Leftovers
|leave|Tintorera
|
|switch|p2a: Keldeo|Keldeo|212\/323
|-damage|p2a: Keldeo|192\/323|[from] Stealth Rock
|turn|15
|join|Croven
|c| Croven|ooh nice
|c| Croven|m-houndoom
|c| Azazel Cross|Eww it's Croven
|
|switch|p1a: Slowbro|Slowbro, M|393\/393
|-damage|p1a: Slowbro|344\/393|[from] Stealth Rock
|move|p2a: Keldeo|Scald|p1a: Slowbro
|-resisted|p1a: Slowbro
|-damage|p1a: Slowbro|280\/393
|
|turn|16
|c| Croven|!
|c| Azazel Cross|fucking indian looks like mega alakazam
|join|thood
|c| Azazel Cross|jk jk don't be mad
|c| Croven|._.
|c| Azazel Cross|IM JOKING LOL
|leave|RS Meth
|c|âQubae|BURN
|c| Croven|;-;
|
|switch|p2a: Houndoom|Houndoom-Mega, M, shiny|132\/291 tox
|-damage|p2a: Houndoom|60\/291 tox|[from] Stealth Rock
|detailschange|p1a: Slowbro|Slowbro-Mega, M
|-mega|p1a: Slowbro|Slowbro|Slowbronite
|move|p1a: Slowbro|Calm Mind|p1a: Slowbro
|-boost|p1a: Slowbro|spa|1
|-boost|p1a: Slowbro|spd|1
|
|-damage|p2a: Houndoom|42\/291 tox|[from] psn
|turn|17
|c| Croven|gen 5 m-doom looks cool
|
|move|p2a: Houndoom|Dark Pulse|p1a: Slowbro
|-supereffective|p1a: Slowbro
|-damage|p1a: Slowbro|100\/393
|move|p1a: Slowbro|Slack Off|p1a: Slowbro
|-heal|p1a: Slowbro|297\/393
|
|-damage|p2a: Houndoom|6\/291 tox|[from] psn
|turn|18
|
|move|p2a: Houndoom|Dark Pulse|p1a: Slowbro
|-supereffective|p1a: Slowbro
|-damage|p1a: Slowbro|115\/393
|move|p1a: Slowbro|Slack Off|p1a: Slowbro
|-heal|p1a: Slowbro|312\/393
|
|-damage|p2a: Houndoom|0 fnt|[from] psn
|faint|p2a: Houndoom
|c| thood|jeez logic
|c| thood|I didn't come to watch shit
|c|âQubae|logic
|c|âQubae|you're so shit
|c| Croven|lol
|c|âQubae|given me
|c| thood|start kicking his ass already
|c|âQubae|shit ghosting tactics
|
|switch|p2a: Landorus-Therian|Landorus-Therian, M|319\/319
|-damage|p2a: Landorus-Therian|280\/319|[from] Stealth Rock
|-ability|p2a: Landorus-Therian|Intimidate|[of] p1a: Slowbro
|-unboost|p1a: Slowbro|atk|1
|turn|19
|
|move|p2a: Landorus-Therian|U-turn|p1a: Slowbro
|-supereffective|p1a: Slowbro
|-damage|p1a: Slowbro|162\/393
|c| thood|just flip Slowbro upside down, that'll stop it
|c| Croven|qube help me test the aids team i made when u left me
|
|switch|p2a: Keldeo|Keldeo|192\/323
|-damage|p2a: Keldeo|172\/323|[from] Stealth Rock
|move|p1a: Slowbro|Slack Off|p1a: Slowbro
|-heal|p1a: Slowbro|359\/393
|
|turn|20
|c| Croven|LOL
|c|+Logic|what thood
|
|move|p2a: Keldeo|Hidden Power|p1a: Slowbro
|-supereffective|p1a: Slowbro
|-damage|p1a: Slowbro|269\/393
|move|p1a: Slowbro|Psyshock|p2a: Keldeo
|-supereffective|p2a: Keldeo
|-damage|p2a: Keldeo|0 fnt
|faint|p2a: Keldeo
|
|c|âQubae|+Logic: go into lando-t
|
|switch|p2a: Landorus-Therian|Landorus-Therian, M|280\/319
|-damage|p2a: Landorus-Therian|241\/319|[from] Stealth Rock
|-ability|p2a: Landorus-Therian|Intimidate|[of] p1a: Slowbro
|-unboost|p1a: Slowbro|atk|1
|turn|21
|c|âQubae|THANKS
|c| thood|..........
|c| Croven|qube
|c| Croven|what could u do
|c|+Logic|o.o
|c| Croven|at this point
|
|move|p2a: Landorus-Therian|Explosion|p1a: Slowbro
|-damage|p1a: Slowbro|0 fnt
|faint|p2a: Landorus-Therian
|faint|p1a: Slowbro
|
|win|FlyingSunray
|c| thood|LOL
|c| Croven|LOL IT KILLED
|c|+Logic|NICE FAKE LOG
|c|+Logic|IM NOT TAKING THIS ABUSE
|leave|Qubae