|join|FlyingSunray
|join|Master Gemerald
|player|p1|FlyingSunray|288
|player|p2|Master Gemerald|92
|gametype|singles
|gen|6
|tier|OU (suspect test)
|rated
|clearpoke
|poke|p1|Chesnaught, M
|poke|p1|Manectric, M
|poke|p1|Clefable, M
|poke|p1|Latias, F
|poke|p1|Heatran, F
|poke|p1|Landorus-Therian, M
|poke|p2|Sableye, F
|poke|p2|Chansey, F
|poke|p2|Heatran, M
|poke|p2|Skarmory, F
|poke|p2|Slowbro, M
|poke|p2|Rotom-Wash
|rule|Swagger Clause: Swagger is banned
|rule|Baton Pass Clause: Limit one PokÃ©mon knowing Baton Pass
|rule|Sleep Clause Mod: Limit one foe put to sleep
|rule|Species Clause: Limit one of each PokÃ©mon
|rule|OHKO Clause: OHKO moves are banned
|rule|Moody Clause: Moody is banned
|rule|Evasion Moves Clause: Evasion moves are banned
|rule|Endless Battle Clause: Forcing endless battles is banned
|rule|HP Percentage Mod: HP is shown in percentages
|teampreview
|
|start
|switch|p1a: Tag you're it|Manectric, M|281\/281
|switch|p2a: Sableye|Sableye, F|303\/303
|turn|1
|
|detailschange|p1a: Tag you're it|Manectric-Mega, M
|-mega|p1a: Tag you're it|Manectric|Manectite
|-ability|p1a: Tag you're it|Intimidate|[of] p2a: Sableye
|-unboost|p2a: Sableye|atk|1
|detailschange|p2a: Sableye|Sableye-Mega, F
|-mega|p2a: Sableye|Sableye|Sablenite
|move|p1a: Tag you're it|Volt Switch|p2a: Sableye
|-damage|p2a: Sableye|219\/303
|
|switch|p1a: Smack talk|Heatran, F|386\/386
|move|p2a: Sableye|Knock Off|p1a: Smack talk
|-damage|p1a: Smack talk|326\/386
|-enditem|p1a: Smack talk|Leftovers|[from] move: Knock Off|[of] p2a: Sableye
|
|turn|2
|
|move|p1a: Smack talk|Taunt|p2a: Sableye
|move|p2a: Sableye|Taunt|p1a: Smack talk|[from]Magic Bounce
|-start|p1a: Smack talk|move: Taunt
|move|p2a: Sableye|Confuse Ray|p1a: Smack talk
|-start|p1a: Smack talk|confusion
|
|turn|3
|
|switch|p1a: Tag you're it|Manectric-Mega, M|281\/281
|-ability|p1a: Tag you're it|Intimidate|[of] p2a: Sableye
|-unboost|p2a: Sableye|atk|1
|switch|p2a: Rotom-Wash|Rotom-Wash|303\/303
|
|turn|4
|
|move|p1a: Tag you're it|Volt Switch|p2a: Rotom-Wash
|-damage|p2a: Rotom-Wash|159\/303
|
|switch|p1a: Concentrate|Clefable, M|394\/394
|move|p2a: Rotom-Wash|Will-O-Wisp|p1a: Concentrate
|-status|p1a: Concentrate|brn
|
|-heal|p2a: Rotom-Wash|177\/303|[from] item: Leftovers
|turn|5
|
|move|p2a: Rotom-Wash|Volt Switch|p1a: Concentrate
|-damage|p1a: Concentrate|322\/394 brn
|
|switch|p2a: Sableye|Sableye-Mega, F|219\/303
|move|p1a: Concentrate|Calm Mind|p1a: Concentrate
|-boost|p1a: Concentrate|spa|1
|-boost|p1a: Concentrate|spd|1
|
|-heal|p1a: Concentrate|346\/394 brn|[from] item: Leftovers
|turn|6
|
|switch|p2a: Heatran|Heatran, M|385\/385
|move|p1a: Concentrate|Moonblast|p2a: Heatran
|-resisted|p2a: Heatran
|-damage|p2a: Heatran|358\/385
|
|-heal|p2a: Heatran|382\/385|[from] item: Leftovers
|-heal|p1a: Concentrate|370\/394 brn|[from] item: Leftovers
|turn|7
|
|move|p2a: Heatran|Stealth Rock|p1a: Concentrate
|-sidestart|p1: FlyingSunray|move: Stealth Rock
|move|p1a: Concentrate|Focus Blast|p2a: Heatran|[miss]
|-miss|p1a: Concentrate|p2a: Heatran
|
|-heal|p2a: Heatran|385\/385|[from] item: Leftovers
|-heal|p1a: Concentrate|394\/394 brn|[from] item: Leftovers
|turn|8
|
|move|p2a: Heatran|Flash Cannon|p1a: Concentrate
|-supereffective|p1a: Concentrate
|-damage|p1a: Concentrate|260\/394 brn
|move|p1a: Concentrate|Calm Mind|p1a: Concentrate
|-boost|p1a: Concentrate|spa|1
|-boost|p1a: Concentrate|spd|1
|
|-heal|p1a: Concentrate|284\/394 brn|[from] item: Leftovers
|turn|9
|
|move|p1a: Concentrate|Calm Mind|p1a: Concentrate
|-boost|p1a: Concentrate|spa|1
|-boost|p1a: Concentrate|spd|1
|move|p2a: Heatran|Roar|p1a: Concentrate
|drag|p1a: Tag you're it|Manectric-Mega, M|281\/281
|-damage|p1a: Tag you're it|246\/281|[from] Stealth Rock
|-ability|p1a: Tag you're it|Intimidate|[of] p2a: Heatran
|-unboost|p2a: Heatran|atk|1
|
|turn|10
|
|move|p1a: Tag you're it|Volt Switch|p2a: Heatran
|-damage|p2a: Heatran|280\/385
|
|switch|p1a: Smack talk|Heatran, F|326\/386
|-damage|p1a: Smack talk|278\/386|[from] Stealth Rock
|move|p2a: Heatran|Roar|p1a: Smack talk
|drag|p1a: Tag you're it|Landorus-Therian, M|354\/354
|-damage|p1a: Tag you're it|310\/354|[from] Stealth Rock
|-ability|p1a: Tag you're it|Intimidate|[of] p2a: Heatran
|-unboost|p2a: Heatran|atk|1
|
|-heal|p2a: Heatran|304\/385|[from] item: Leftovers
|turn|11
|
|switch|p2a: Skarmory|Skarmory, F|333\/333
|move|p1a: Tag you're it|Knock Off|p2a: Skarmory
|-damage|p2a: Skarmory|265\/333
|-damage|p1a: Tag you're it|251\/354|[from] item: Rocky Helmet|[of] p2a: Skarmory
|-enditem|p2a: Skarmory|Rocky Helmet|[from] move: Knock Off|[of] p1a: Tag you're it
|
|turn|12
|
|switch|p1a: Lamb|Latias, F|319\/319
|-damage|p1a: Lamb|280\/319|[from] Stealth Rock
|move|p2a: Skarmory|Spikes|p1a: Lamb
|-sidestart|p1: FlyingSunray|Spikes
|
|turn|13
|
|switch|p2a: Heatran|Heatran, M|304\/385
|move|p1a: Lamb|Defog|p2a: Heatran
|-unboost|p2a: Heatran|evasion|1
|-sideend|p1: FlyingSunray|Spikes|[from] move: Defog|[of] p1a: Lamb
|-sideend|p1: FlyingSunray|Stealth Rock|[from] move: Defog|[of] p1a: Lamb
|
|-heal|p2a: Heatran|328\/385|[from] item: Leftovers
|turn|14
|
|switch|p1a: Tag you're it|Manectric-Mega, M|246\/281
|-ability|p1a: Tag you're it|Intimidate|[of] p2a: Heatran
|-unboost|p2a: Heatran|atk|1
|move|p2a: Heatran|Flash Cannon|p1a: Tag you're it
|-resisted|p1a: Tag you're it
|-damage|p1a: Tag you're it|180\/281
|
|-heal|p2a: Heatran|352\/385|[from] item: Leftovers
|turn|15
|
|move|p1a: Tag you're it|Thunderbolt|p2a: Heatran
|-damage|p2a: Heatran|234\/385
|move|p2a: Heatran|Stealth Rock|p1a: Tag you're it
|-sidestart|p1: FlyingSunray|move: Stealth Rock
|
|-heal|p2a: Heatran|258\/385|[from] item: Leftovers
|turn|16
|
|move|p1a: Tag you're it|Volt Switch|p2a: Heatran
|-damage|p2a: Heatran|165\/385
|
|switch|p1a: Lamb|Latias, F|280\/319
|-damage|p1a: Lamb|241\/319|[from] Stealth Rock
|move|p2a: Heatran|Roar|p1a: Lamb
|drag|p1a: Tag you're it|Manectric-Mega, M|180\/281
|-damage|p1a: Tag you're it|145\/281|[from] Stealth Rock
|-ability|p1a: Tag you're it|Intimidate|[of] p2a: Heatran
|-unboost|p2a: Heatran|atk|1
|
|-heal|p2a: Heatran|189\/385|[from] item: Leftovers
|turn|17
|
|switch|p2a: Chansey|Chansey, F|642\/642
|move|p1a: Tag you're it|Volt Switch|p2a: Chansey
|-damage|p2a: Chansey|575\/642
|
|switch|p1a: Lamb|Latias, F|241\/319
|-damage|p1a: Lamb|202\/319|[from] Stealth Rock
|
|turn|18
|
|move|p1a: Lamb|Defog|p2a: Chansey
|-unboost|p2a: Chansey|evasion|1
|-sideend|p1: FlyingSunray|Stealth Rock|[from] move: Defog|[of] p1a: Lamb
|move|p2a: Chansey|Toxic|p1a: Lamb
|-status|p1a: Lamb|tox
|
|-damage|p1a: Lamb|183\/319 tox|[from] psn
|turn|19
|
|switch|p1a: Tag you're it|Landorus-Therian, M|251\/354
|-ability|p1a: Tag you're it|Intimidate|[of] p2a: Chansey
|-unboost|p2a: Chansey|atk|1
|move|p2a: Chansey|Soft-Boiled|p2a: Chansey
|-heal|p2a: Chansey|642\/642
|
|turn|20
|
|switch|p2a: Skarmory|Skarmory, F|265\/333
|move|p1a: Tag you're it|Knock Off|p2a: Skarmory
|-damage|p2a: Skarmory|219\/333
|
|turn|21
|
|switch|p1a: Concentrate|Clefable, M|284\/394 brn
|move|p2a: Skarmory|Roost|p2a: Skarmory
|-heal|p2a: Skarmory|333\/333
|
|-heal|p1a: Concentrate|308\/394 brn|[from] item: Leftovers
|turn|22
|
|switch|p2a: Heatran|Heatran, M|189\/385
|move|p1a: Concentrate|Calm Mind|p1a: Concentrate
|-boost|p1a: Concentrate|spa|1
|-boost|p1a: Concentrate|spd|1
|
|-heal|p2a: Heatran|213\/385|[from] item: Leftovers
|-heal|p1a: Concentrate|332\/394 brn|[from] item: Leftovers
|turn|23
|
|move|p2a: Heatran|Stealth Rock|p1a: Concentrate
|-sidestart|p1: FlyingSunray|move: Stealth Rock
|move|p1a: Concentrate|Focus Blast|p2a: Heatran
|-supereffective|p2a: Heatran
|-damage|p2a: Heatran|19\/385
|
|-heal|p2a: Heatran|43\/385|[from] item: Leftovers
|-heal|p1a: Concentrate|356\/394 brn|[from] item: Leftovers
|turn|24
|
|move|p2a: Heatran|Flash Cannon|p1a: Concentrate
|-supereffective|p1a: Concentrate
|-damage|p1a: Concentrate|216\/394 brn
|move|p1a: Concentrate|Moonblast|p2a: Heatran
|-resisted|p2a: Heatran
|-damage|p2a: Heatran|14\/385
|
|-heal|p2a: Heatran|38\/385|[from] item: Leftovers
|-heal|p1a: Concentrate|240\/394 brn|[from] item: Leftovers
|turn|25
|
|move|p1a: Concentrate|Soft-Boiled|p1a: Concentrate
|-heal|p1a: Concentrate|394\/394 brn
|move|p2a: Heatran|Roar|p1a: Concentrate
|drag|p1a: Lamb|Latias, F|183\/319 tox
|-damage|p1a: Lamb|144\/319 tox|[from] Stealth Rock
|
|-heal|p2a: Heatran|62\/385|[from] item: Leftovers
|-damage|p1a: Lamb|125\/319 tox|[from] psn
|turn|26
|
|switch|p2a: Skarmory|Skarmory, F|333\/333
|move|p1a: Lamb|Defog|p2a: Skarmory
|-unboost|p2a: Skarmory|evasion|1
|-sideend|p1: FlyingSunray|Stealth Rock|[from] move: Defog|[of] p1a: Lamb
|
|-damage|p1a: Lamb|87\/319 tox|[from] psn
|turn|27
|
|switch|p1a: Concentrate|Clefable, M|394\/394 brn
|move|p2a: Skarmory|Brave Bird|p1a: Concentrate
|-damage|p1a: Concentrate|268\/394 brn
|-damage|p2a: Skarmory|291\/333|[from] recoil|[of] p1a: Concentrate
|
|-heal|p1a: Concentrate|292\/394 brn|[from] item: Leftovers
|turn|28
|
|move|p1a: Concentrate|Calm Mind|p1a: Concentrate
|-boost|p1a: Concentrate|spa|1
|-boost|p1a: Concentrate|spd|1
|move|p2a: Skarmory|Whirlwind|p1a: Concentrate
|drag|p1a: Tag you're it|Landorus-Therian, M|251\/354
|-ability|p1a: Tag you're it|Intimidate|[of] p2a: Skarmory
|-unboost|p2a: Skarmory|atk|1
|
|turn|29
|
|move|p1a: Tag you're it|U-turn|p2a: Skarmory
|-resisted|p2a: Skarmory
|-damage|p2a: Skarmory|277\/333
|
|switch|p1a: Tag you're it|Manectric-Mega, M|145\/281
|-ability|p1a: Tag you're it|Intimidate|[of] p2a: Skarmory
|-unboost|p2a: Skarmory|atk|1
|move|p2a: Skarmory|Spikes|p1a: Tag you're it
|-sidestart|p1: FlyingSunray|Spikes
|
|turn|30
|
|switch|p2a: Chansey|Chansey, F|642\/642
|move|p1a: Tag you're it|Volt Switch|p2a: Chansey
|-damage|p2a: Chansey|572\/642
|
|switch|p1a: Concentrate|Clefable, M|292\/394 brn
|
|-heal|p1a: Concentrate|316\/394 brn|[from] item: Leftovers
|turn|31
|
|move|p1a: Concentrate|Calm Mind|p1a: Concentrate
|-boost|p1a: Concentrate|spa|1
|-boost|p1a: Concentrate|spd|1
|move|p2a: Chansey|Stealth Rock|p1a: Concentrate
|-sidestart|p1: FlyingSunray|move: Stealth Rock
|
|-heal|p1a: Concentrate|340\/394 brn|[from] item: Leftovers
|turn|32
|
|switch|p2a: Skarmory|Skarmory, F|277\/333
|move|p1a: Concentrate|Calm Mind|p1a: Concentrate
|-boost|p1a: Concentrate|spa|1
|-boost|p1a: Concentrate|spd|1
|
|-heal|p1a: Concentrate|364\/394 brn|[from] item: Leftovers
|turn|33
|
|move|p1a: Concentrate|Focus Blast|p2a: Skarmory
|-damage|p2a: Skarmory|38\/333
|-unboost|p2a: Skarmory|spd|1
|move|p2a: Skarmory|Whirlwind|p1a: Concentrate
|drag|p1a: Smack talk|Heatran, F|278\/386
|-damage|p1a: Smack talk|230\/386|[from] Spikes
|-damage|p1a: Smack talk|182\/386|[from] Stealth Rock
|
|turn|34
|
|switch|p2a: Sableye|Sableye-Mega, F|219\/303
|move|p1a: Smack talk|Stealth Rock|p2a: Sableye
|move|p2a: Sableye|Stealth Rock|p1a: Smack talk|[from]Magic Bounce
|-fail|p1a: Smack talk
|
|turn|35
|
|move|p1a: Smack talk|Taunt|p2a: Sableye
|move|p2a: Sableye|Taunt|p1a: Smack talk|[from]Magic Bounce
|-start|p1a: Smack talk|move: Taunt
|move|p2a: Sableye|Confuse Ray|p1a: Smack talk
|-start|p1a: Smack talk|confusion
|
|turn|36
|
|-activate|p1a: Smack talk|confusion
|-damage|p1a: Smack talk|160\/386|[from] confusion
|move|p2a: Sableye|Knock Off|p1a: Smack talk
|-damage|p1a: Smack talk|99\/386
|
|turn|37
|
|switch|p2a: Rotom-Wash|Rotom-Wash|177\/303
|-activate|p1a: Smack talk|confusion
|move|p1a: Smack talk|Lava Plume|p2a: Rotom-Wash
|-crit|p2a: Rotom-Wash
|-resisted|p2a: Rotom-Wash
|-damage|p2a: Rotom-Wash|92\/303
|
|-heal|p2a: Rotom-Wash|110\/303|[from] item: Leftovers
|turn|38
|
|switch|p1a: Concentrate|Clefable, M|364\/394 brn
|move|p2a: Rotom-Wash|Hydro Pump|p1a: Concentrate
|-damage|p1a: Concentrate|252\/394 brn
|
|-heal|p2a: Rotom-Wash|128\/303|[from] item: Leftovers
|-heal|p1a: Concentrate|276\/394 brn|[from] item: Leftovers
|turn|39
|
|move|p2a: Rotom-Wash|Volt Switch|p1a: Concentrate
|-damage|p1a: Concentrate|195\/394 brn
|
|switch|p2a: Slowbro|Slowbro, M|393\/393
|move|p1a: Concentrate|Calm Mind|p1a: Concentrate
|-boost|p1a: Concentrate|spa|1
|-boost|p1a: Concentrate|spd|1
|
|-heal|p1a: Concentrate|219\/394 brn|[from] item: Leftovers
|turn|40
|
|move|p1a: Concentrate|Soft-Boiled|p1a: Concentrate
|-heal|p1a: Concentrate|394\/394 brn
|move|p2a: Slowbro|Calm Mind|p2a: Slowbro
|-boost|p2a: Slowbro|spa|1
|-boost|p2a: Slowbro|spd|1
|
|turn|41
|
|move|p1a: Concentrate|Calm Mind|p1a: Concentrate
|-boost|p1a: Concentrate|spa|1
|-boost|p1a: Concentrate|spd|1
|move|p2a: Slowbro|Scald|p1a: Concentrate
|-damage|p1a: Concentrate|324\/394 brn
|
|-heal|p1a: Concentrate|348\/394 brn|[from] item: Leftovers
|turn|42
|
|move|p1a: Concentrate|Calm Mind|p1a: Concentrate
|-boost|p1a: Concentrate|spa|1
|-boost|p1a: Concentrate|spd|1
|move|p2a: Slowbro|Calm Mind|p2a: Slowbro
|-boost|p2a: Slowbro|spa|1
|-boost|p2a: Slowbro|spd|1
|
|-heal|p1a: Concentrate|372\/394 brn|[from] item: Leftovers
|turn|43
|
|move|p1a: Concentrate|Calm Mind|p1a: Concentrate
|-boost|p1a: Concentrate|spa|1
|-boost|p1a: Concentrate|spd|1
|move|p2a: Slowbro|Calm Mind|p2a: Slowbro
|-boost|p2a: Slowbro|spa|1
|-boost|p2a: Slowbro|spd|1
|
|-heal|p1a: Concentrate|394\/394 brn|[from] item: Leftovers
|turn|44
|
|move|p1a: Concentrate|Calm Mind|p1a: Concentrate
|-boost|p1a: Concentrate|spa|1
|-boost|p1a: Concentrate|spd|1
|move|p2a: Slowbro|Calm Mind|p2a: Slowbro
|-boost|p2a: Slowbro|spa|1
|-boost|p2a: Slowbro|spd|1
|
|turn|45
|
|move|p1a: Concentrate|Calm Mind|p1a: Concentrate
|-boost|p1a: Concentrate|spa|1
|-boost|p1a: Concentrate|spd|1
|move|p2a: Slowbro|Calm Mind|p2a: Slowbro
|-boost|p2a: Slowbro|spa|1
|-boost|p2a: Slowbro|spd|1
|
|turn|46
|
|move|p1a: Concentrate|Moonblast|p2a: Slowbro
|-damage|p2a: Slowbro|251\/393
|-unboost|p2a: Slowbro|spa|1
|move|p2a: Slowbro|Calm Mind|p2a: Slowbro
|-boost|p2a: Slowbro|spa|1
|-boost|p2a: Slowbro|spd|1
|
|-heal|p2a: Slowbro|275\/393|[from] item: Leftovers
|turn|47
|
|move|p1a: Concentrate|Moonblast|p2a: Slowbro
|-damage|p2a: Slowbro|145\/393
|move|p2a: Slowbro|Slack Off|p2a: Slowbro
|-heal|p2a: Slowbro|342\/393
|
|-heal|p2a: Slowbro|366\/393|[from] item: Leftovers
|turn|48
|
|move|p1a: Concentrate|Moonblast|p2a: Slowbro
|-damage|p2a: Slowbro|236\/393
|move|p2a: Slowbro|Psyshock|p1a: Concentrate
|-damage|p1a: Concentrate|73\/394 brn
|
|-heal|p1a: Concentrate|97\/394 brn|[from] item: Leftovers
|-heal|p2a: Slowbro|260\/393|[from] item: Leftovers
|turn|49
|
|move|p1a: Concentrate|Moonblast|p2a: Slowbro
|-damage|p2a: Slowbro|134\/393
|-unboost|p2a: Slowbro|spa|1
|move|p2a: Slowbro|Slack Off|p2a: Slowbro
|-heal|p2a: Slowbro|331\/393
|
|-heal|p1a: Concentrate|121\/394 brn|[from] item: Leftovers
|-heal|p2a: Slowbro|355\/393|[from] item: Leftovers
|turn|50
|
|move|p1a: Concentrate|Moonblast|p2a: Slowbro
|-damage|p2a: Slowbro|217\/393
|move|p2a: Slowbro|Psyshock|p1a: Concentrate
|-damage|p1a: Concentrate|0 fnt
|faint|p1a: Concentrate
|
|-heal|p2a: Slowbro|241\/393|[from] item: Leftovers
|
|switch|p1a: Tag you're it|Manectric-Mega, M|145\/281
|-damage|p1a: Tag you're it|110\/281|[from] Spikes
|-damage|p1a: Tag you're it|75\/281|[from] Stealth Rock
|-ability|p1a: Tag you're it|Intimidate|[of] p2a: Slowbro
|-unboost|p2a: Slowbro|atk|1
|turn|51
|
|move|p1a: Tag you're it|Volt Switch|p2a: Slowbro
|-supereffective|p2a: Slowbro
|-damage|p2a: Slowbro|155\/393
|
|switch|p1a: Lamb|Latias, F|87\/319 tox
|-damage|p1a: Lamb|48\/319 tox|[from] Stealth Rock
|move|p2a: Slowbro|Slack Off|p2a: Slowbro
|-heal|p2a: Slowbro|352\/393
|
|-heal|p2a: Slowbro|376\/393|[from] item: Leftovers
|-damage|p1a: Lamb|29\/319 tox|[from] psn
|turn|52
|
|move|p1a: Lamb|Healing Wish|p1a: Lamb
|faint|p1a: Lamb
|move|p2a: Slowbro|Scald|p1: Lamb|[notarget]
|-notarget
|
|-heal|p2a: Slowbro|393\/393|[from] item: Leftovers
|
|switch|p1a: Tag you're it|Manectric-Mega, M|75\/281
|-heal|p1a: Tag you're it|281\/281|[from] move: Healing Wish
|-damage|p1a: Tag you're it|246\/281|[from] Spikes
|-damage|p1a: Tag you're it|211\/281|[from] Stealth Rock
|-ability|p1a: Tag you're it|Intimidate|[of] p2a: Slowbro
|-unboost|p2a: Slowbro|atk|1
|turn|53
|
|move|p1a: Tag you're it|Volt Switch|p2a: Slowbro
|-supereffective|p2a: Slowbro
|-damage|p2a: Slowbro|301\/393
|
|switch|p1a: Smack talk|Heatran, F|99\/386
|-damage|p1a: Smack talk|51\/386|[from] Spikes
|-damage|p1a: Smack talk|3\/386|[from] Stealth Rock
|move|p2a: Slowbro|Scald|p1a: Smack talk
|-supereffective|p1a: Smack talk
|-damage|p1a: Smack talk|0 fnt
|faint|p1a: Smack talk
|
|-heal|p2a: Slowbro|325\/393|[from] item: Leftovers
|
|switch|p1a: Tag you're it|Manectric-Mega, M|211\/281
|-damage|p1a: Tag you're it|176\/281|[from] Stealth Rock
|-damage|p1a: Tag you're it|141\/281|[from] Spikes
|-ability|p1a: Tag you're it|Intimidate|[of] p2a: Slowbro
|-unboost|p2a: Slowbro|atk|1
|turn|54
|
|move|p1a: Tag you're it|Volt Switch|p2a: Slowbro
|-supereffective|p2a: Slowbro
|-damage|p2a: Slowbro|245\/393
|
|switch|p1a: Tag you're it|Landorus-Therian, M|251\/354
|-damage|p1a: Tag you're it|207\/354|[from] Stealth Rock
|-ability|p1a: Tag you're it|Intimidate|[of] p2a: Slowbro
|-unboost|p2a: Slowbro|atk|1
|move|p2a: Slowbro|Psyshock|p1a: Tag you're it
|-damage|p1a: Tag you're it|0 fnt
|faint|p1a: Tag you're it
|
|-heal|p2a: Slowbro|269\/393|[from] item: Leftovers
|
|switch|p1a: Tag you're it|Manectric-Mega, M|141\/281
|-damage|p1a: Tag you're it|106\/281|[from] Stealth Rock
|-damage|p1a: Tag you're it|71\/281|[from] Spikes
|-ability|p1a: Tag you're it|Intimidate|[of] p2a: Slowbro
|-unboost|p2a: Slowbro|atk|1
|turn|55
|
|move|p1a: Tag you're it|Volt Switch|p2a: Slowbro
|-supereffective|p2a: Slowbro
|-damage|p2a: Slowbro|185\/393
|
|switch|p1a: Moocher|Chesnaught, M|380\/380
|-damage|p1a: Moocher|357\/380|[from] Stealth Rock
|-damage|p1a: Moocher|310\/380|[from] Spikes
|move|p2a: Slowbro|Psyshock|p1a: Moocher
|-supereffective|p1a: Moocher
|-damage|p1a: Moocher|0 fnt
|faint|p1a: Moocher
|
|-heal|p2a: Slowbro|209\/393|[from] item: Leftovers
|
|switch|p1a: Tag you're it|Manectric-Mega, M|71\/281
|-damage|p1a: Tag you're it|36\/281|[from] Spikes
|-damage|p1a: Tag you're it|1\/281|[from] Stealth Rock
|-ability|p1a: Tag you're it|Intimidate|[of] p2a: Slowbro
|-unboost|p2a: Slowbro|atk|1
|turn|56
|
|move|p1a: Tag you're it|Thunderbolt|p2a: Slowbro
|-supereffective|p2a: Slowbro
|-damage|p2a: Slowbro|95\/393
|move|p2a: Slowbro|Psyshock|p1a: Tag you're it
|-damage|p1a: Tag you're it|0 fnt
|faint|p1a: Tag you're it
|
|win|Master Gemerald
|raw|Ladder updating...
|raw|FlyingSunray's rating: 1310 &rarr; <strong>1292<\/strong><br \/>(-18 for losing)
|raw|Master Gemerald's rating: 1355 &rarr; <strong>1373<\/strong><br \/>(+18 for winning)
|c|âMaster Gemerald|GG
|c|âFlyingSunray|GG