|join|S2EeveeS2
|join|level 56
|player|p1|S2EeveeS2|138
|player|p2|level 56|10
|gametype|singles
|gen|6
|tier|OU
|rated
|clearpoke
|poke|p1|Diancie, shiny
|poke|p1|Magnezone, shiny
|poke|p1|Landorus-Therian, M, shiny
|poke|p1|Rotom-Wash, shiny
|poke|p1|Darmanitan, M, shiny
|poke|p1|Latios, M, shiny
|poke|p2|Metagross
|poke|p2|Keldeo-Resolute
|poke|p2|Dragonite, M
|poke|p2|Infernape, M
|poke|p2|Thundurus, M
|poke|p2|Bisharp, M
|rule|Swagger Clause: Swagger is banned
|rule|Baton Pass Clause: Limit one PokÃ©mon knowing Baton Pass
|rule|Sleep Clause Mod: Limit one foe put to sleep
|rule|Species Clause: Limit one of each PokÃ©mon
|rule|OHKO Clause: OHKO moves are banned
|rule|Moody Clause: Moody is banned
|rule|Evasion Moves Clause: Evasion moves are banned
|rule|Endless Battle Clause: Forcing endless battles is banned
|rule|HP Percentage Mod: HP is shown in percentages
|teampreview
|leave|level 56
|player|p2
|join|level 56
|player|p2|level 56|10
|teampreview
|
|start
|switch|p1a: Darmanitan|Darmanitan, M, shiny|351\/351
|switch|p2a: Infernape|Infernape, M|293\/293
|turn|1
|
|move|p1a: Darmanitan|U-turn|p2a: Infernape
|-resisted|p2a: Infernape
|-damage|p2a: Infernape|263\/293
|
|switch|p1a: Landorus-Therian|Landorus-Therian, M, shiny|381\/381
|-ability|p1a: Landorus-Therian|Intimidate|[of] p2a: Infernape
|-unboost|p2a: Infernape|atk|1
|move|p2a: Infernape|Stealth Rock|p1a: Landorus-Therian
|-sidestart|p1: S2EeveeS2|move: Stealth Rock
|
|turn|2
|
|move|p2a: Infernape|Fire Blast|p1a: Landorus-Therian|[miss]
|-miss|p2a: Infernape|p1a: Landorus-Therian
|move|p1a: Landorus-Therian|Stealth Rock|p2a: Infernape
|-sidestart|p2: level 56|move: Stealth Rock
|
|turn|3
|
|move|p2a: Infernape|Fire Blast|p1a: Landorus-Therian
|-crit|p1a: Landorus-Therian
|-damage|p1a: Landorus-Therian|60\/381
|move|p1a: Landorus-Therian|Earthquake|p2a: Infernape
|-supereffective|p2a: Infernape
|-damage|p2a: Infernape|0 fnt
|faint|p2a: Infernape
|
|-heal|p1a: Landorus-Therian|83\/381|[from] item: Leftovers
|
|switch|p2a: Keldeo-Resolute|Keldeo-Resolute|323\/323
|-damage|p2a: Keldeo-Resolute|303\/323|[from] Stealth Rock
|turn|4
|
|switch|p1a: Rotom-Wash|Rotom-Wash, shiny|303\/303
|-damage|p1a: Rotom-Wash|266\/303|[from] Stealth Rock
|move|p2a: Keldeo-Resolute|Scald|p1a: Rotom-Wash
|-resisted|p1a: Rotom-Wash
|-damage|p1a: Rotom-Wash|198\/303
|
|-heal|p1a: Rotom-Wash|216\/303|[from] item: Leftovers
|turn|5
|
|move|p2a: Keldeo-Resolute|Scald|p1a: Rotom-Wash
|-resisted|p1a: Rotom-Wash
|-damage|p1a: Rotom-Wash|147\/303
|move|p1a: Rotom-Wash|Volt Switch|p2a: Keldeo-Resolute
|-crit|p2a: Keldeo-Resolute
|-supereffective|p2a: Keldeo-Resolute
|-damage|p2a: Keldeo-Resolute|3\/323
|
|switch|p1a: Darmanitan|Darmanitan, M, shiny|351\/351
|-damage|p1a: Darmanitan|264\/351|[from] Stealth Rock
|
|turn|6
|
|move|p1a: Darmanitan|U-turn|p2a: Keldeo-Resolute
|-resisted|p2a: Keldeo-Resolute
|-damage|p2a: Keldeo-Resolute|0 fnt
|faint|p2a: Keldeo-Resolute
|
|switch|p1a: Rotom-Wash|Rotom-Wash, shiny|147\/303
|-damage|p1a: Rotom-Wash|110\/303|[from] Stealth Rock
|
|-heal|p1a: Rotom-Wash|128\/303|[from] item: Leftovers
|
|switch|p2a: Bisharp|Bisharp, M|272\/272
|-damage|p2a: Bisharp|255\/272|[from] Stealth Rock
|turn|7
|
|move|p2a: Bisharp|Knock Off|p1a: Rotom-Wash
|-damage|p1a: Rotom-Wash|0 fnt
|-enditem|p1a: Rotom-Wash|Leftovers|[from] move: Knock Off|[of] p2a: Bisharp
|-damage|p2a: Bisharp|228\/272|[from] item: Life Orb
|faint|p1a: Rotom-Wash
|
|
|switch|p1a: Magnezone|Magnezone, shiny|281\/281
|-damage|p1a: Magnezone|264\/281|[from] Stealth Rock
|turn|8
|
|move|p2a: Bisharp|Sucker Punch|p1a: Magnezone
|-damage|p1a: Magnezone|92\/281
|-damage|p2a: Bisharp|201\/272|[from] item: Life Orb
|move|p1a: Magnezone|Thunderbolt|p2a: Bisharp
|-crit|p2a: Bisharp
|-damage|p2a: Bisharp|0 fnt
|faint|p2a: Bisharp
|
|leave|level 56
|player|p2
|join|level 56
|player|p2|level 56|10
|
|switch|p2a: Metagross|Metagross|302\/302
|-damage|p2a: Metagross|284\/302|[from] Stealth Rock
|turn|9
|
|detailschange|p2a: Metagross|Metagross-Mega
|-mega|p2a: Metagross|Metagross|Metagrossite
|move|p1a: Magnezone|Thunderbolt|p2a: Metagross
|-damage|p2a: Metagross|133\/302
|move|p2a: Metagross|Zen Headbutt|p1a: Magnezone
|-resisted|p1a: Magnezone
|-damage|p1a: Magnezone|7\/281
|
|turn|10
|
|move|p2a: Metagross|Bullet Punch|p1a: Magnezone
|-resisted|p1a: Magnezone
|-damage|p1a: Magnezone|0 fnt
|faint|p1a: Magnezone
|
|
|switch|p1a: Darmanitan|Darmanitan, M, shiny|264\/351
|-damage|p1a: Darmanitan|177\/351|[from] Stealth Rock
|turn|11
|
|switch|p2a: Dragonite|Dragonite, M|324\/324
|-damage|p2a: Dragonite|243\/324|[from] Stealth Rock
|move|p1a: Darmanitan|Flare Blitz|p2a: Dragonite
|-resisted|p2a: Dragonite
|-damage|p2a: Dragonite|96\/324
|-damage|p1a: Darmanitan|128\/351|[from] recoil|[of] p2a: Dragonite
|
|turn|12
|
|move|p2a: Dragonite|Extreme Speed|p1a: Darmanitan
|-damage|p1a: Darmanitan|0 fnt
|faint|p1a: Darmanitan
|
|
|switch|p1a: Landorus-Therian|Landorus-Therian, M, shiny|83\/381
|-damage|p1a: Landorus-Therian|36\/381|[from] Stealth Rock
|-ability|p1a: Landorus-Therian|Intimidate|[of] p2a: Dragonite
|-unboost|p2a: Dragonite|atk|1
|turn|13
|
|move|p2a: Dragonite|Extreme Speed|p1a: Landorus-Therian
|-damage|p1a: Landorus-Therian|0 fnt
|faint|p1a: Landorus-Therian
|
|
|switch|p1a: Diancie|Diancie, shiny|241\/241
|-damage|p1a: Diancie|211\/241|[from] Stealth Rock
|turn|14
|
|move|p2a: Dragonite|Extreme Speed|p1a: Diancie
|-resisted|p1a: Diancie
|-damage|p1a: Diancie|167\/241
|move|p1a: Diancie|Rock Polish|p1a: Diancie
|-boost|p1a: Diancie|spe|2
|
|turn|15
|
|switch|p2a: Thundurus|Thundurus, M|299\/299
|-damage|p2a: Thundurus|225\/299|[from] Stealth Rock
|move|p1a: Diancie|Diamond Storm|p2a: Thundurus
|-miss|p1a: Diancie|p2a: Thundurus
|
|turn|16
|c|âS2EeveeS2|oh really
|
|detailschange|p1a: Diancie|Diancie-Mega, shiny
|-mega|p1a: Diancie|Diancie|Diancite
|move|p2a: Thundurus|Thunder Wave|p1a: Diancie
|move|p1a: Diancie|Thunder Wave|p2a: Thundurus|[from]Magic Bounce
|-fail|p2a: Thundurus
|move|p1a: Diancie|Diamond Storm|p2a: Thundurus
|-supereffective|p2a: Thundurus
|-damage|p2a: Thundurus|0 fnt
|-boost|p1a: Diancie|def|1
|faint|p2a: Thundurus
|
|
|switch|p2a: Metagross|Metagross-Mega|133\/302
|-damage|p2a: Metagross|115\/302|[from] Stealth Rock
|turn|17
|
|move|p2a: Metagross|Bullet Punch|p1a: Diancie
|-supereffective|p1a: Diancie
|-damage|p1a: Diancie|0 fnt
|faint|p1a: Diancie
|
|
|switch|p1a: Latios|Latios, M, shiny|301\/301
|-damage|p1a: Latios|264\/301|[from] Stealth Rock
|turn|18
|
|move|p2a: Metagross|Bullet Punch|p1a: Latios
|-damage|p1a: Latios|123\/301
|move|p1a: Latios|Earthquake|p2a: Metagross
|-supereffective|p2a: Metagross
|-damage|p2a: Metagross|0 fnt
|-damage|p1a: Latios|93\/301|[from] item: Life Orb
|faint|p2a: Metagross
|
|
|switch|p2a: Dragonite|Dragonite, M|96\/324
|-damage|p2a: Dragonite|15\/324|[from] Stealth Rock
|turn|19
|
|move|p2a: Dragonite|Extreme Speed|p1a: Latios
|-damage|p1a: Latios|0 fnt
|faint|p1a: Latios
|
|win|level 56
|raw|Ladder updating...
|leave|S2EeveeS2
|player|p1