|join|Level 56
|join|nintendistagamer
|player|p1|Level 56|129
|player|p2|nintendistagamer|137
|gametype|singles
|gen|6
|tier|OU
|rated
|clearpoke
|poke|p1|Metagross
|poke|p1|Keldeo-Resolute
|poke|p1|Dragonite, M
|poke|p1|Infernape, M
|poke|p1|Thundurus, M
|poke|p1|Bisharp, M
|poke|p2|Gyarados, F
|poke|p2|Breloom, M
|poke|p2|Landorus, M
|poke|p2|Thundurus, M
|poke|p2|Jirachi
|poke|p2|Tyranitar, M
|rule|Swagger Clause: Swagger is banned
|rule|Baton Pass Clause: Limit one PokÃ©mon knowing Baton Pass
|rule|Sleep Clause Mod: Limit one foe put to sleep
|rule|Species Clause: Limit one of each PokÃ©mon
|rule|OHKO Clause: OHKO moves are banned
|rule|Moody Clause: Moody is banned
|rule|Evasion Moves Clause: Evasion moves are banned
|rule|Endless Battle Clause: Forcing endless battles is banned
|rule|HP Percentage Mod: HP is shown in percentages
|teampreview
|
|start
|switch|p1a: Infernape|Infernape, M|293\/293
|switch|p2a: Jirachi|Jirachi|341\/341
|turn|1
|
|move|p2a: Jirachi|Zen Headbutt|p1a: Infernape
|-supereffective|p1a: Infernape
|-enditem|p1a: Infernape|Focus Sash
|-damage|p1a: Infernape|1\/293
|cant|p1a: Infernape|flinch
|
|turn|2
|
|switch|p2a: Landorus|Landorus, M|319\/319
|switch|p1a: Metagross|Metagross|302\/302
|
|turn|3
|
|switch|p1a: Infernape|Infernape, M|1\/293
|move|p2a: Landorus|Stealth Rock|p1a: Infernape
|-sidestart|p1: Level 56|move: Stealth Rock
|
|turn|4
|
|move|p1a: Infernape|Stealth Rock|p2a: Landorus
|-sidestart|p2: nintendistagamer|move: Stealth Rock
|move|p2a: Landorus|Earth Power|p1a: Infernape
|-supereffective|p1a: Infernape
|-damage|p1a: Infernape|0 fnt
|faint|p1a: Infernape
|
|
|switch|p1a: Keldeo-Resolute|Keldeo-Resolute|323\/323
|-damage|p1a: Keldeo-Resolute|303\/323|[from] Stealth Rock
|turn|5
|
|switch|p2a: Jirachi|Jirachi|341\/341
|-damage|p2a: Jirachi|320\/341|[from] Stealth Rock
|move|p1a: Keldeo-Resolute|Scald|p2a: Jirachi
|-damage|p2a: Jirachi|106\/341
|-status|p2a: Jirachi|brn
|
|-damage|p2a: Jirachi|64\/341 brn|[from] brn
|turn|6
|
|move|p2a: Jirachi|Zen Headbutt|p1a: Keldeo-Resolute
|-supereffective|p1a: Keldeo-Resolute
|-damage|p1a: Keldeo-Resolute|177\/323
|move|p1a: Keldeo-Resolute|Scald|p2a: Jirachi
|-damage|p2a: Jirachi|0 fnt
|faint|p2a: Jirachi
|
|
|switch|p2a: Thundurus|Thundurus, M|299\/299
|-damage|p2a: Thundurus|225\/299|[from] Stealth Rock
|turn|7
|join|HimitsuFactory
|
|switch|p1a: Dragonite|Dragonite, M|324\/324
|-damage|p1a: Dragonite|243\/324|[from] Stealth Rock
|move|p2a: Thundurus|Thunderbolt|p1a: Dragonite
|-damage|p1a: Dragonite|78\/324
|
|-heal|p2a: Thundurus|243\/299|[from] item: Leftovers
|turn|8
|
|move|p2a: Thundurus|Thunderbolt|p1a: Dragonite
|-damage|p1a: Dragonite|0 fnt
|faint|p1a: Dragonite
|
|-heal|p2a: Thundurus|261\/299|[from] item: Leftovers
|
|switch|p1a: Metagross|Metagross|302\/302
|-damage|p1a: Metagross|284\/302|[from] Stealth Rock
|turn|9
|leave|nintendistagamer
|player|p2
|join|nintendistagamer
|c| HimitsuFactory|NINTENDISTA
|c| HimitsuFactory|GAMER
|player|p2|nintendistagamer|137
|
|switch|p2a: Tyranitar|Tyranitar, M|341\/341
|-damage|p2a: Tyranitar|299\/341|[from] Stealth Rock
|-weather|Sandstorm
|detailschange|p1a: Metagross|Metagross-Mega
|-mega|p1a: Metagross|Metagross|Metagrossite
|move|p1a: Metagross|Zen Headbutt|p2a: Tyranitar
|-immune|p2a: Tyranitar|[msg]
|
|-weather|Sandstorm|[upkeep]
|turn|10
|c|ânintendistagamer|q?
|c| HimitsuFactory|hidden power de ice do landorus normal mata o therian?
|
|move|p2a: Tyranitar|Crunch|p1a: Metagross
|-supereffective|p1a: Metagross
|-damage|p1a: Metagross|72\/302
|move|p1a: Metagross|Meteor Mash|p2a: Tyranitar
|-crit|p2a: Tyranitar
|-supereffective|p2a: Tyranitar
|-damage|p2a: Tyranitar|0 fnt
|faint|p2a: Tyranitar
|
|-weather|Sandstorm|[upkeep]
|c| HimitsuFactory|sem life orb
|c|ânintendistagamer|acho que sim
|c| HimitsuFactory|hehe
|c|ânintendistagamer|isso se ele nÃ£o tiver AV
|c| HimitsuFactory|A
|c|ânintendistagamer|sim eu sei, ninguem usa
|c| HimitsuFactory|Q LANDORUS TEM ASSAULT VEST
|c| HimitsuFactory|EU VOU USAR TBM
|c| HimitsuFactory|DE PROPOSITO
|
|switch|p2a: Breloom|Breloom, M|261\/261
|-damage|p2a: Breloom|245\/261|[from] Stealth Rock
|turn|11
|
|move|p1a: Metagross|Bullet Punch|p2a: Breloom
|-damage|p2a: Breloom|127\/261
|move|p2a: Breloom|Mach Punch|p1a: Metagross
|-damage|p1a: Metagross|2\/302
|
|-weather|Sandstorm|[upkeep]
|-damage|p2a: Breloom|111\/261|[from] sandstorm
|turn|12
|c| HimitsuFactory|UI
|c|ânintendistagamer|:\/
|
|move|p1a: Metagross|Bullet Punch|p2a: Breloom
|-damage|p2a: Breloom|0 fnt
|faint|p2a: Breloom
|
|-weather|Sandstorm|[upkeep]
|
|switch|p2a: hora de dancar|Gyarados, F|331\/331
|-damage|p2a: hora de dancar|249\/331|[from] Stealth Rock
|-ability|p2a: hora de dancar|Intimidate|[of] p1a: Metagross
|-unboost|p1a: Metagross|atk|1
|turn|13
|c| HimitsuFactory|o unico com nick
|c|ânintendistagamer|sim
|c|ânintendistagamer|porque ele Ã© o melhor
|
|switch|p1a: Thundurus|Thundurus, M|299\/299
|-damage|p1a: Thundurus|225\/299|[from] Stealth Rock
|detailschange|p2a: hora de dancar|Gyarados-Mega, F
|-mega|p2a: hora de dancar|Gyarados|Gyaradosite
|-ability|p2a: hora de dancar|Mold Breaker
|move|p2a: hora de dancar|Dragon Dance|p2a: hora de dancar
|-boost|p2a: hora de dancar|atk|1
|-boost|p2a: hora de dancar|spe|1
|
|-weather|none
|turn|14
|c| HimitsuFactory|dnv
|c| HimitsuFactory|mesmo tour
|c| HimitsuFactory|q lixo
|c| HimitsuFactory|vou entrar
|c|ânintendistagamer|pqp
|c| HimitsuFactory|:v
|c|ânintendistagamer|eu tambem
|
|move|p1a: Thundurus|Thunder Wave|p2a: hora de dancar
|-status|p2a: hora de dancar|par
|move|p2a: hora de dancar|Waterfall|p1a: Thundurus
|-damage|p1a: Thundurus|0 fnt
|faint|p1a: Thundurus
|
|
|switch|p1a: Keldeo-Resolute|Keldeo-Resolute|177\/323
|-damage|p1a: Keldeo-Resolute|157\/323|[from] Stealth Rock
|turn|15
|
|move|p1a: Keldeo-Resolute|Secret Sword|p2a: hora de dancar
|-supereffective|p2a: hora de dancar
|-damage|p2a: hora de dancar|0 fnt
|faint|p2a: hora de dancar
|
|
|switch|p2a: Thundurus|Thundurus, M|261\/299
|-damage|p2a: Thundurus|187\/299|[from] Stealth Rock
|turn|16
|
|switch|p1a: Metagross|Metagross-Mega|2\/302
|-damage|p1a: Metagross|0 fnt|[from] Stealth Rock
|faint|p1a: Metagross
|move|p2a: Thundurus|Thunderbolt|p1: Metagross|[notarget]
|-notarget
|
|-heal|p2a: Thundurus|205\/299|[from] item: Leftovers
|
|switch|p1a: Bisharp|Bisharp, M|272\/272
|-damage|p1a: Bisharp|255\/272|[from] Stealth Rock
|turn|17
|c| HimitsuFactory|adeus
|leave|HimitsuFactory
|
|move|p2a: Thundurus|Nasty Plot|p2a: Thundurus
|-boost|p2a: Thundurus|spa|2
|move|p1a: Bisharp|Knock Off|p2a: Thundurus
|-damage|p2a: Thundurus|0 fnt
|-enditem|p2a: Thundurus|Leftovers|[from] move: Knock Off|[of] p1a: Bisharp
|-damage|p1a: Bisharp|228\/272|[from] item: Life Orb
|faint|p2a: Thundurus
|
|c|ânintendistagamer|gg
|
|switch|p2a: Landorus|Landorus, M|319\/319
|-damage|p2a: Landorus|280\/319|[from] Stealth Rock
|turn|18
|
|move|p2a: Landorus|Earth Power|p1a: Bisharp
|-supereffective|p1a: Bisharp
|-damage|p1a: Bisharp|0 fnt
|faint|p1a: Bisharp
|
|
|switch|p1a: Keldeo-Resolute|Keldeo-Resolute|157\/323
|-damage|p1a: Keldeo-Resolute|137\/323|[from] Stealth Rock
|turn|19
|
|move|p1a: Keldeo-Resolute|Scald|p2a: Landorus
|-supereffective|p2a: Landorus
|-damage|p2a: Landorus|0 fnt
|faint|p2a: Landorus
|
|win|Level 56
|raw|Ladder updating...
|raw|Level 56's rating: 1764 &rarr; <strong>1781<\/strong><br \/>(+17 for winning)
|raw|nintendistagamer's rating: 1713 &rarr; <strong>1695<\/strong><br \/>(-18 for losing)