|join|Level 56
|join|bigdickplayer
|player|p1|Level 56|129
|player|p2|bigdickplayer|266
|gametype|singles
|gen|6
|tier|OU
|rated
|clearpoke
|poke|p1|Metagross
|poke|p1|Keldeo-Resolute
|poke|p1|Dragonite, F
|poke|p1|Infernape, M
|poke|p1|Thundurus, M
|poke|p1|Bisharp, F
|poke|p2|Diggersby, M, shiny
|poke|p2|Raikou, shiny
|poke|p2|Azelf, shiny
|poke|p2|Bisharp, M
|poke|p2|Slowbro, M, shiny
|poke|p2|Landorus, M
|rule|Swagger Clause: Swagger is banned
|rule|Baton Pass Clause: Limit one PokÃ©mon knowing Baton Pass
|rule|Sleep Clause Mod: Limit one foe put to sleep
|rule|Species Clause: Limit one of each PokÃ©mon
|rule|OHKO Clause: OHKO moves are banned
|rule|Moody Clause: Moody is banned
|rule|Evasion Moves Clause: Evasion moves are banned
|rule|Endless Battle Clause: Forcing endless battles is banned
|rule|HP Percentage Mod: HP is shown in percentages
|teampreview
|
|start
|switch|p1a: Infernape|Infernape, M|293\/293
|switch|p2a: Azelf|Azelf, shiny|291\/291
|turn|1
|
|move|p2a: Azelf|Taunt|p1a: Infernape
|-start|p1a: Infernape|move: Taunt
|move|p1a: Infernape|Fire Blast|p2a: Azelf
|-damage|p2a: Azelf|68\/291
|
|turn|2
|
|move|p2a: Azelf|Stealth Rock|p1a: Infernape
|-sidestart|p1: Level 56|move: Stealth Rock
|move|p1a: Infernape|Fire Blast|p2a: Azelf
|-damage|p2a: Azelf|0 fnt
|faint|p2a: Azelf
|
|
|switch|p2a: Raikou|Raikou, shiny|321\/321
|-ability|p2a: Raikou|Pressure
|turn|3
|
|move|p2a: Raikou|Thunderbolt|p1a: Infernape
|-damage|p1a: Infernape|94\/293
|-status|p1a: Infernape|par
|cant|p1a: Infernape|par
|
|-end|p1a: Infernape|move: Taunt
|turn|4
|
|move|p1a: Infernape|Vacuum Wave|p2a: Raikou
|-damage|p2a: Raikou|261\/321
|move|p2a: Raikou|Thunderbolt|p1a: Infernape
|-damage|p1a: Infernape|0 fnt
|faint|p1a: Infernape
|
|-heal|p2a: Raikou|281\/321|[from] item: Leftovers
|
|switch|p1a: Metagross|Metagross|302\/302
|-damage|p1a: Metagross|284\/302|[from] Stealth Rock
|turn|5
|
|detailschange|p1a: Metagross|Metagross-Mega
|-mega|p1a: Metagross|Metagross|Metagrossite
|move|p2a: Raikou|Volt Switch|p1a: Metagross
|-damage|p1a: Metagross|172\/302
|
|switch|p2a: Slowbro|Slowbro, M, shiny|394\/394
|move|p1a: Metagross|Meteor Mash|p2a: Slowbro
|-crit|p2a: Slowbro
|-resisted|p2a: Slowbro
|-damage|p2a: Slowbro|220\/394
|
|turn|6
|
|move|p1a: Metagross|Meteor Mash|p2a: Slowbro
|-resisted|p2a: Slowbro
|-damage|p2a: Slowbro|110\/394
|move|p2a: Slowbro|Scald|p1a: Metagross
|-damage|p1a: Metagross|52\/302
|
|turn|7
|
|switch|p2a: Raikou|Raikou, shiny|281\/321
|-ability|p2a: Raikou|Pressure
|move|p1a: Metagross|Meteor Mash|p2a: Raikou
|-crit|p2a: Raikou
|-resisted|p2a: Raikou
|-damage|p2a: Raikou|73\/321
|-boost|p1a: Metagross|atk|1
|
|-heal|p2a: Raikou|93\/321|[from] item: Leftovers
|turn|8
|
|switch|p2a: Bisharp|Bisharp, M|272\/272
|move|p1a: Metagross|Bullet Punch|p2a: Bisharp
|-crit|p2a: Bisharp
|-resisted|p2a: Bisharp
|-damage|p2a: Bisharp|155\/272
|
|turn|9
|c|âbigdickplayer|wtf
|
|move|p1a: Metagross|Bullet Punch|p2a: Bisharp
|-resisted|p2a: Bisharp
|-damage|p2a: Bisharp|74\/272
|move|p2a: Bisharp|Sucker Punch|p1a: Metagross
|-fail|p1a: Metagross
|
|turn|10
|c|âbigdickplayer|nice hax
|
|switch|p2a: Slowbro|Slowbro, M, shiny|241\/394
|move|p1a: Metagross|Bullet Punch|p2a: Slowbro
|-resisted|p2a: Slowbro
|-damage|p2a: Slowbro|169\/394
|
|turn|11
|
|switch|p2a: Bisharp|Bisharp, M|74\/272
|move|p1a: Metagross|Zen Headbutt|p2a: Bisharp
|-immune|p2a: Bisharp|[msg]
|
|turn|12
|
|move|p1a: Metagross|Bullet Punch|p2a: Bisharp
|-resisted|p2a: Bisharp
|-damage|p2a: Bisharp|0 fnt
|faint|p2a: Bisharp
|
|
|switch|p2a: Slowbro|Slowbro, M, shiny|300\/394
|turn|13
|
|move|p1a: Metagross|Zen Headbutt|p2a: Slowbro
|-resisted|p2a: Slowbro
|-damage|p2a: Slowbro|165\/394
|move|p2a: Slowbro|Scald|p1a: Metagross
|-damage|p1a: Metagross|0 fnt
|faint|p1a: Metagross
|
|
|switch|p1a: Bisharp|Bisharp, F|272\/272
|-damage|p1a: Bisharp|255\/272|[from] Stealth Rock
|turn|14
|c|âbigdickplayer|your win was well deserved
|
|detailschange|p2a: Slowbro|Slowbro-Mega, M, shiny
|-mega|p2a: Slowbro|Slowbro|Slowbronite
|move|p1a: Bisharp|Pursuit|p2a: Slowbro
|-supereffective|p2a: Slowbro
|-damage|p2a: Slowbro|48\/394
|-damage|p1a: Bisharp|228\/272|[from] item: Life Orb
|move|p2a: Slowbro|Slack Off|p2a: Slowbro
|-heal|p2a: Slowbro|245\/394
|
|turn|15
|
|move|p1a: Bisharp|Knock Off|p2a: Slowbro
|-supereffective|p2a: Slowbro
|-damage|p2a: Slowbro|58\/394
|-damage|p1a: Bisharp|201\/272|[from] item: Life Orb
|move|p2a: Slowbro|Slack Off|p2a: Slowbro
|-heal|p2a: Slowbro|255\/394
|
|turn|16
|
|switch|p1a: Thundurus|Thundurus, M|299\/299
|-damage|p1a: Thundurus|225\/299|[from] Stealth Rock
|move|p2a: Slowbro|Fire Blast|p1a: Thundurus
|-damage|p1a: Thundurus|47\/299
|
|turn|17
|
|switch|p2a: Diggersby|Diggersby, M, shiny|311\/311
|move|p1a: Thundurus|Hidden Power|p2a: Diggersby
|-supereffective|p2a: Diggersby
|-damage|p2a: Diggersby|93\/311
|-damage|p1a: Thundurus|18\/299|[from] item: Life Orb
|
|turn|18
|
|move|p2a: Diggersby|Quick Attack|p1a: Thundurus
|-damage|p1a: Thundurus|0 fnt
|-damage|p2a: Diggersby|62\/311|[from] item: Life Orb
|faint|p1a: Thundurus
|
|
|switch|p1a: Dragonite|Dragonite, F|324\/324
|-damage|p1a: Dragonite|243\/324|[from] Stealth Rock
|turn|19
|
|move|p1a: Dragonite|Extreme Speed|p2a: Diggersby
|-damage|p2a: Diggersby|0 fnt
|faint|p2a: Diggersby
|
|
|switch|p2a: Landorus|Landorus, M|319\/319
|turn|20
|
|move|p1a: Dragonite|Extreme Speed|p2a: Landorus
|-damage|p2a: Landorus|159\/319
|move|p2a: Landorus|Psychic|p1a: Dragonite
|-damage|p1a: Dragonite|55\/324
|
|turn|21
|
|switch|p2a: Slowbro|Slowbro-Mega, M, shiny|255\/394
|move|p1a: Dragonite|Extreme Speed|p2a: Slowbro
|-damage|p2a: Slowbro|159\/394
|
|turn|22
|c|âbigdickplayer|you must be a really good player
|
|switch|p1a: Bisharp|Bisharp, F|201\/272
|-damage|p1a: Bisharp|184\/272|[from] Stealth Rock
|move|p2a: Slowbro|Slack Off|p2a: Slowbro
|-heal|p2a: Slowbro|356\/394
|
|turn|23
|
|move|p1a: Bisharp|Sucker Punch|p2a: Slowbro
|-supereffective|p2a: Slowbro
|-damage|p2a: Slowbro|122\/394
|-damage|p1a: Bisharp|157\/272|[from] item: Life Orb
|move|p2a: Slowbro|Fire Blast|p1a: Bisharp
|-supereffective|p1a: Bisharp
|-damage|p1a: Bisharp|0 fnt
|faint|p1a: Bisharp
|
|
|switch|p1a: Keldeo-Resolute|Keldeo-Resolute|323\/323
|-damage|p1a: Keldeo-Resolute|303\/323|[from] Stealth Rock
|turn|24
|
|move|p1a: Keldeo-Resolute|Hydro Pump|p2a: Slowbro
|-resisted|p2a: Slowbro
|-damage|p2a: Slowbro|0 fnt
|faint|p2a: Slowbro
|
|
|switch|p2a: Raikou|Raikou, shiny|93\/321
|-ability|p2a: Raikou|Pressure
|turn|25
|
|move|p2a: Raikou|Thunderbolt|p1a: Keldeo-Resolute
|-supereffective|p1a: Keldeo-Resolute
|-damage|p1a: Keldeo-Resolute|0 fnt
|faint|p1a: Keldeo-Resolute
|
|-heal|p2a: Raikou|113\/321|[from] item: Leftovers
|c|âbigdickplayer|shame im going to butcher your ranking
|-message|Level 56 forfeited.
|leave|Level 56
|
|win|bigdickplayer
|raw|Ladder updating...
|player|p1
|raw|Level 56's rating: 1781 &rarr; <strong>1751<\/strong><br \/>(-30 for losing)
|raw|bigdickplayer's rating: 1585 &rarr; <strong>1615<\/strong><br \/>(+30 for winning)
|c|âbigdickplayer|prick