|join|Level 56
|join|Ey Lmoa
|player|p1|Level 56|275
|player|p2|Ey Lmoa|238
|gametype|singles
|gen|6
|tier|OU (suspect test)
|rated
|clearpoke
|poke|p1|Metagross
|poke|p1|Keldeo-Resolute
|poke|p1|Dragonite, F
|poke|p1|Infernape, M
|poke|p1|Thundurus, M
|poke|p1|Bisharp, F
|poke|p2|Smeargle, F
|poke|p2|Espeon, M
|poke|p2|Whimsicott, F
|poke|p2|Gardevoir, F
|poke|p2|Dugtrio, F
|poke|p2|Gothitelle, F
|rule|Swagger Clause: Swagger is banned
|rule|Baton Pass Clause: Limit one PokÃ©mon knowing Baton Pass
|rule|Sleep Clause Mod: Limit one foe put to sleep
|rule|Species Clause: Limit one of each PokÃ©mon
|rule|OHKO Clause: OHKO moves are banned
|rule|Moody Clause: Moody is banned
|rule|Evasion Moves Clause: Evasion moves are banned
|rule|Endless Battle Clause: Forcing endless battles is banned
|rule|HP Percentage Mod: HP is shown in percentages
|teampreview
|
|start
|switch|p1a: Infernape|Infernape, M|293\/293
|switch|p2a: Whimsicott|Whimsicott, F|324\/324
|turn|1
|
|move|p2a: Whimsicott|Tailwind|p2a: Whimsicott
|-sidestart|p2: Ey Lmoa|move: Tailwind
|move|p1a: Infernape|Fire Blast|p2a: Whimsicott|[miss]
|-miss|p1a: Infernape|p2a: Whimsicott
|
|turn|2
|
|move|p2a: Whimsicott|Memento|p1a: Infernape
|-unboost|p1a: Infernape|atk|2
|-unboost|p1a: Infernape|spa|2
|faint|p2a: Whimsicott
|move|p1a: Infernape|Stealth Rock|p2: Whimsicott
|-sidestart|p2: Ey Lmoa|move: Stealth Rock
|
|
|switch|p2a: Gardevoir|Gardevoir, F|340\/340
|-damage|p2a: Gardevoir|298\/340|[from] Stealth Rock
|-ability|p2a: Gardevoir|Blaze|[from] ability: Trace|[of] p1a: Infernape
|turn|3
|
|switch|p1a: Metagross|Metagross|302\/302
|move|p2a: Gardevoir|Reflect|p2a: Gardevoir
|-sidestart|p2: Ey Lmoa|Reflect
|
|turn|4
|
|detailschange|p1a: Metagross|Metagross-Mega
|-mega|p1a: Metagross|Metagross|Metagrossite
|move|p2a: Gardevoir|Light Screen|p2a: Gardevoir
|-sidestart|p2: Ey Lmoa|move: Light Screen
|move|p1a: Metagross|Meteor Mash|p2a: Gardevoir
|-supereffective|p2a: Gardevoir
|-damage|p2a: Gardevoir|97\/340
|
|-sideend|p2: Ey Lmoa|move: Tailwind
|turn|5
|
|move|p1a: Metagross|Meteor Mash|p2a: Gardevoir
|-supereffective|p2a: Gardevoir
|-damage|p2a: Gardevoir|0 fnt
|-boost|p1a: Metagross|atk|1
|faint|p2a: Gardevoir
|
|
|switch|p2a: Dugtrio|Dugtrio, F|211\/211
|-damage|p2a: Dugtrio|198\/211|[from] Stealth Rock
|turn|6
|
|move|p2a: Dugtrio|Memento|p1a: Metagross
|-unboost|p1a: Metagross|atk|2
|-unboost|p1a: Metagross|spa|2
|faint|p2a: Dugtrio
|move|p1a: Metagross|Meteor Mash|p2: Dugtrio|[notarget]
|-notarget
|
|
|switch|p2a: Smeargle|Smeargle, F|251\/251
|-damage|p2a: Smeargle|220\/251|[from] Stealth Rock
|turn|7
|
|switch|p1a: Thundurus|Thundurus, M|299\/299
|move|p2a: Smeargle|Geomancy|p2a: Smeargle|[still]
|-prepare|p2a: Smeargle|Geomancy|p2a: Smeargle
|-enditem|p2a: Smeargle|Power Herb
|-anim|p2a: Smeargle|Geomancy|p2a: Smeargle
|-boost|p2a: Smeargle|spa|2
|-boost|p2a: Smeargle|spd|2
|-boost|p2a: Smeargle|spe|2
|
|turn|8
|
|move|p1a: Thundurus|Thunder Wave|p2a: Smeargle
|-status|p2a: Smeargle|par
|move|p2a: Smeargle|Cotton Guard|p2a: Smeargle
|-boost|p2a: Smeargle|def|3
|
|turn|9
|
|move|p1a: Thundurus|Thunderbolt|p2a: Smeargle
|-damage|p2a: Smeargle|160\/251 par
|-damage|p1a: Thundurus|270\/299|[from] item: Life Orb
|move|p2a: Smeargle|Baton Pass|p2a: Smeargle
|
|switch|p2a: Espeon|Espeon, M|271\/271
|-damage|p2a: Espeon|238\/271|[from] Stealth Rock
|
|-heal|p2a: Espeon|254\/271|[from] item: Leftovers
|turn|10
|
|move|p2a: Espeon|Stored Power|p1a: Thundurus
|-damage|p1a: Thundurus|0 fnt
|faint|p1a: Thundurus
|
|-heal|p2a: Espeon|270\/271|[from] item: Leftovers
|-sideend|p2: Ey Lmoa|Reflect
|
|switch|p1a: Bisharp|Bisharp, F|272\/272
|turn|11
|
|move|p2a: Espeon|Hidden Power|p1a: Bisharp
|-supereffective|p1a: Bisharp
|-damage|p1a: Bisharp|0 fnt
|faint|p1a: Bisharp
|
|-heal|p2a: Espeon|271\/271|[from] item: Leftovers
|-sideend|p2: Ey Lmoa|move: Light Screen
|
|switch|p1a: Infernape|Infernape, M|293\/293
|turn|12
|
|move|p2a: Espeon|Stored Power|p1a: Infernape
|-supereffective|p1a: Infernape
|-enditem|p1a: Infernape|Focus Sash
|-damage|p1a: Infernape|1\/293
|move|p1a: Infernape|Endeavor|p2a: Espeon
|-damage|p2a: Espeon|1\/271
|
|-heal|p2a: Espeon|17\/271|[from] item: Leftovers
|turn|13
|
|move|p2a: Espeon|Morning Sun|p2a: Espeon
|-heal|p2a: Espeon|152\/271
|move|p1a: Infernape|Endeavor|p2a: Espeon
|-damage|p2a: Espeon|1\/271
|
|-heal|p2a: Espeon|17\/271|[from] item: Leftovers
|turn|14
|
|move|p2a: Espeon|Morning Sun|p2a: Espeon
|-heal|p2a: Espeon|152\/271
|move|p1a: Infernape|Endeavor|p2a: Espeon
|-damage|p2a: Espeon|1\/271
|
|-heal|p2a: Espeon|17\/271|[from] item: Leftovers
|turn|15
|
|move|p2a: Espeon|Morning Sun|p2a: Espeon
|-heal|p2a: Espeon|152\/271
|move|p1a: Infernape|Endeavor|p2a: Espeon
|-damage|p2a: Espeon|1\/271
|
|-heal|p2a: Espeon|17\/271|[from] item: Leftovers
|turn|16
|
|move|p2a: Espeon|Morning Sun|p2a: Espeon
|-heal|p2a: Espeon|152\/271
|move|p1a: Infernape|Endeavor|p2a: Espeon
|-damage|p2a: Espeon|1\/271
|
|-heal|p2a: Espeon|17\/271|[from] item: Leftovers
|turn|17
|
|move|p2a: Espeon|Morning Sun|p2a: Espeon
|-heal|p2a: Espeon|152\/271
|move|p1a: Infernape|Endeavor|p2a: Espeon
|-damage|p2a: Espeon|1\/271
|
|-heal|p2a: Espeon|17\/271|[from] item: Leftovers
|turn|18
|
|move|p2a: Espeon|Morning Sun|p2a: Espeon
|-heal|p2a: Espeon|152\/271
|move|p1a: Infernape|Endeavor|p2a: Espeon
|-damage|p2a: Espeon|1\/271
|
|-heal|p2a: Espeon|17\/271|[from] item: Leftovers
|turn|19
|
|move|p2a: Espeon|Morning Sun|p2a: Espeon
|-heal|p2a: Espeon|152\/271
|move|p1a: Infernape|Endeavor|p2a: Espeon
|-damage|p2a: Espeon|1\/271
|
|-heal|p2a: Espeon|17\/271|[from] item: Leftovers
|turn|20
|
|move|p2a: Espeon|Morning Sun|p2a: Espeon
|-heal|p2a: Espeon|152\/271
|move|p1a: Infernape|Fire Blast|p2a: Espeon
|-damage|p2a: Espeon|10\/271
|
|-heal|p2a: Espeon|26\/271|[from] item: Leftovers
|turn|21
|
|move|p2a: Espeon|Stored Power|p1a: Infernape
|-supereffective|p1a: Infernape
|-damage|p1a: Infernape|0 fnt
|faint|p1a: Infernape
|
|-heal|p2a: Espeon|42\/271|[from] item: Leftovers
|
|switch|p1a: Dragonite|Dragonite, F|324\/324
|turn|22
|
|move|p1a: Dragonite|Extreme Speed|p2a: Espeon
|-damage|p2a: Espeon|0 fnt
|faint|p2a: Espeon
|
|-message|Ey Lmoa forfeited.
|leave|Ey Lmoa
|
|win|Level 56
|raw|Ladder updating...
|player|p2