|join|Level 56
|join|RX.Forbidden
|player|p1|Level 56|275
|player|p2|RX.Forbidden|238
|gametype|singles
|gen|6
|tier|OU (suspect test)
|rated
|clearpoke
|poke|p1|Metagross
|poke|p1|Keldeo-Resolute
|poke|p1|Dragonite, M
|poke|p1|Infernape, F
|poke|p1|Thundurus, M
|poke|p1|Bisharp, M
|poke|p2|Klefki, M
|poke|p2|Tentacruel, M
|poke|p2|Ferrothorn, M
|poke|p2|Tyranitar, M
|poke|p2|Salamence, M
|poke|p2|Thundurus, M
|rule|Swagger Clause: Swagger is banned
|rule|Baton Pass Clause: Limit one PokÃ©mon knowing Baton Pass
|rule|Sleep Clause Mod: Limit one foe put to sleep
|rule|Species Clause: Limit one of each PokÃ©mon
|rule|OHKO Clause: OHKO moves are banned
|rule|Moody Clause: Moody is banned
|rule|Evasion Moves Clause: Evasion moves are banned
|rule|Endless Battle Clause: Forcing endless battles is banned
|rule|HP Percentage Mod: HP is shown in percentages
|teampreview
|
|start
|switch|p1a: Metagross|Metagross|302\/302
|switch|p2a: Thundurus|Thundurus, M|362\/362
|turn|1
|
|detailschange|p1a: Metagross|Metagross-Mega
|-mega|p1a: Metagross|Metagross|Metagrossite
|move|p2a: Thundurus|Thunder Wave|p1a: Metagross
|-status|p1a: Metagross|par
|move|p1a: Metagross|Zen Headbutt|p2a: Thundurus|[miss]
|-miss|p1a: Metagross|p2a: Thundurus
|
|turn|2
|
|move|p2a: Thundurus|Substitute|p2a: Thundurus
|-start|p2a: Thundurus|Substitute
|-damage|p2a: Thundurus|272\/362
|move|p1a: Metagross|Zen Headbutt|p2a: Thundurus|[miss]
|-miss|p1a: Metagross|p2a: Thundurus
|
|-heal|p2a: Thundurus|294\/362|[from] item: Leftovers
|turn|3
|
|move|p2a: Thundurus|Bulk Up|p2a: Thundurus
|-boost|p2a: Thundurus|atk|1
|-boost|p2a: Thundurus|def|1
|move|p1a: Metagross|Zen Headbutt|p2a: Thundurus
|-end|p2a: Thundurus|Substitute
|
|-heal|p2a: Thundurus|316\/362|[from] item: Leftovers
|turn|4
|
|switch|p1a: Infernape|Infernape, F|293\/293
|move|p2a: Thundurus|Bulk Up|p2a: Thundurus
|-boost|p2a: Thundurus|atk|1
|-boost|p2a: Thundurus|def|1
|
|-heal|p2a: Thundurus|338\/362|[from] item: Leftovers
|turn|5
|
|move|p2a: Thundurus|Thunder Wave|p1a: Infernape
|-status|p1a: Infernape|par
|move|p1a: Infernape|Fire Blast|p2a: Thundurus
|-crit|p2a: Thundurus
|-damage|p2a: Thundurus|145\/362
|
|-heal|p2a: Thundurus|167\/362|[from] item: Leftovers
|turn|6
|
|move|p2a: Thundurus|Fly|p1a: Infernape|[still]
|-prepare|p2a: Thundurus|Fly|p1a: Infernape
|cant|p1a: Infernape|par
|
|-heal|p2a: Thundurus|189\/362|[from] item: Leftovers
|turn|7
|
|move|p2a: Thundurus|Fly|p1a: Infernape
|-supereffective|p1a: Infernape
|-enditem|p1a: Infernape|Focus Sash
|-damage|p1a: Infernape|1\/293 par
|move|p1a: Infernape|Stealth Rock|p2a: Thundurus
|-sidestart|p2: RX.Forbidden|move: Stealth Rock
|
|-heal|p2a: Thundurus|211\/362|[from] item: Leftovers
|turn|8
|
|move|p2a: Thundurus|Substitute|p2a: Thundurus
|-start|p2a: Thundurus|Substitute
|-damage|p2a: Thundurus|121\/362
|move|p1a: Infernape|Endeavor|p2a: Thundurus
|-end|p2a: Thundurus|Substitute
|
|-heal|p2a: Thundurus|143\/362|[from] item: Leftovers
|turn|9
|
|switch|p1a: Thundurus|Thundurus, M|299\/299
|move|p2a: Thundurus|Fly|p1a: Thundurus|[still]
|-prepare|p2a: Thundurus|Fly|p1a: Thundurus
|
|-heal|p2a: Thundurus|165\/362|[from] item: Leftovers
|turn|10
|
|move|p1a: Thundurus|Thunderbolt|p2a: Thundurus|[miss]
|-miss|p1a: Thundurus|p2a: Thundurus
|move|p2a: Thundurus|Fly|p1a: Thundurus
|-resisted|p1a: Thundurus
|-damage|p1a: Thundurus|139\/299
|
|-heal|p2a: Thundurus|187\/362|[from] item: Leftovers
|turn|11
|
|move|p1a: Thundurus|Thunderbolt|p2a: Thundurus
|-damage|p2a: Thundurus|19\/362
|-damage|p1a: Thundurus|110\/299|[from] item: Life Orb
|move|p2a: Thundurus|Fly|p1a: Thundurus|[still]
|-prepare|p2a: Thundurus|Fly|p1a: Thundurus
|
|-heal|p2a: Thundurus|41\/362|[from] item: Leftovers
|turn|12
|
|switch|p1a: Infernape|Infernape, F|1\/293 par
|move|p2a: Thundurus|Fly|p1a: Infernape
|-supereffective|p1a: Infernape
|-damage|p1a: Infernape|0 fnt
|faint|p1a: Infernape
|
|-heal|p2a: Thundurus|63\/362|[from] item: Leftovers
|
|switch|p1a: Thundurus|Thundurus, M|110\/299
|turn|13
|
|switch|p2a: Ferrothorn|Ferrothorn, M|352\/352
|-damage|p2a: Ferrothorn|330\/352|[from] Stealth Rock
|move|p1a: Thundurus|Hidden Power|p2a: Ferrothorn
|-damage|p2a: Ferrothorn|249\/352
|-damage|p1a: Thundurus|81\/299|[from] item: Life Orb
|
|turn|14
|
|move|p1a: Thundurus|Superpower|p2a: Ferrothorn
|-supereffective|p2a: Ferrothorn
|-damage|p2a: Ferrothorn|85\/352
|-damage|p1a: Thundurus|44\/299|[from] ability: Iron Barbs|[of] p2a: Ferrothorn
|-damage|p1a: Thundurus|0 fnt|[from] item: Rocky Helmet|[of] p2a: Ferrothorn
|faint|p1a: Thundurus
|move|p2a: Ferrothorn|Stealth Rock|p1: Thundurus
|-sidestart|p1: Level 56|move: Stealth Rock
|
|
|switch|p1a: Bisharp|Bisharp, M|272\/272
|-damage|p1a: Bisharp|255\/272|[from] Stealth Rock
|turn|15
|
|move|p1a: Bisharp|Knock Off|p2a: Ferrothorn
|-damage|p2a: Ferrothorn|0 fnt
|-damage|p1a: Bisharp|221\/272|[from] ability: Iron Barbs|[of] p2a: Ferrothorn
|-damage|p1a: Bisharp|176\/272|[from] item: Rocky Helmet|[of] p2a: Ferrothorn
|-enditem|p2a: Ferrothorn|Rocky Helmet|[from] move: Knock Off|[of] p1a: Bisharp
|-damage|p1a: Bisharp|149\/272|[from] item: Life Orb
|faint|p2a: Ferrothorn
|
|
|switch|p2a: Tentacruel|Tentacruel, M|364\/364
|-damage|p2a: Tentacruel|319\/364|[from] Stealth Rock
|turn|16
|
|move|p2a: Tentacruel|Rapid Spin|p1a: Bisharp
|-resisted|p1a: Bisharp
|-damage|p1a: Bisharp|143\/272
|-sideend|p2: RX.Forbidden|Stealth Rock|[from] move: Rapid Spin|[of] p2a: Tentacruel
|move|p1a: Bisharp|Knock Off|p2a: Tentacruel
|-damage|p2a: Tentacruel|7\/364
|-enditem|p2a: Tentacruel|Black Sludge|[from] move: Knock Off|[of] p1a: Bisharp
|-damage|p1a: Bisharp|116\/272|[from] item: Life Orb
|
|turn|17
|
|move|p1a: Bisharp|Sucker Punch|p2a: Tentacruel
|-damage|p2a: Tentacruel|0 fnt
|-damage|p1a: Bisharp|89\/272|[from] item: Life Orb
|faint|p2a: Tentacruel
|
|
|switch|p2a: Klefki|Klefki, M|318\/318
|turn|18
|
|switch|p1a: Metagross|Metagross-Mega|302\/302 par
|-damage|p1a: Metagross|284\/302 par|[from] Stealth Rock
|move|p2a: Klefki|Thunder Wave|p1a: Metagross
|-fail|p1a: Metagross|par
|
|turn|19
|
|move|p2a: Klefki|Substitute|p2a: Klefki
|-start|p2a: Klefki|Substitute
|-damage|p2a: Klefki|239\/318
|move|p1a: Metagross|Meteor Mash|p2a: Klefki
|-end|p2a: Klefki|Substitute
|
|-heal|p2a: Klefki|258\/318|[from] item: Leftovers
|turn|20
|
|move|p2a: Klefki|Calm Mind|p2a: Klefki
|-boost|p2a: Klefki|spa|1
|-boost|p2a: Klefki|spd|1
|cant|p1a: Metagross|par
|
|-heal|p2a: Klefki|277\/318|[from] item: Leftovers
|turn|21
|
|move|p2a: Klefki|Draining Kiss|p1a: Metagross
|-resisted|p1a: Metagross
|-damage|p1a: Metagross|252\/302 par
|-heal|p2a: Klefki|301\/318|[from] drain|[of] p1a: Metagross
|move|p1a: Metagross|Meteor Mash|p2a: Klefki
|-damage|p2a: Klefki|126\/318
|-boost|p1a: Metagross|atk|1
|
|-heal|p2a: Klefki|145\/318|[from] item: Leftovers
|turn|22
|
|move|p2a: Klefki|Draining Kiss|p1a: Metagross
|-resisted|p1a: Metagross
|-damage|p1a: Metagross|218\/302 par
|-heal|p2a: Klefki|171\/318|[from] drain|[of] p1a: Metagross
|move|p1a: Metagross|Meteor Mash|p2a: Klefki|[miss]
|-miss|p1a: Metagross|p2a: Klefki
|
|-heal|p2a: Klefki|190\/318|[from] item: Leftovers
|turn|23
|
|move|p2a: Klefki|Substitute|p2a: Klefki
|-start|p2a: Klefki|Substitute
|-damage|p2a: Klefki|111\/318
|move|p1a: Metagross|Meteor Mash|p2a: Klefki
|-end|p2a: Klefki|Substitute
|
|-heal|p2a: Klefki|130\/318|[from] item: Leftovers
|turn|24
|
|move|p2a: Klefki|Substitute|p2a: Klefki
|-start|p2a: Klefki|Substitute
|-damage|p2a: Klefki|51\/318
|cant|p1a: Metagross|par
|
|-heal|p2a: Klefki|70\/318|[from] item: Leftovers
|turn|25
|
|move|p2a: Klefki|Draining Kiss|p1a: Metagross
|-resisted|p1a: Metagross
|-damage|p1a: Metagross|183\/302 par
|-heal|p2a: Klefki|97\/318|[from] drain|[of] p1a: Metagross
|move|p1a: Metagross|Meteor Mash|p2a: Klefki
|-end|p2a: Klefki|Substitute
|
|-heal|p2a: Klefki|116\/318|[from] item: Leftovers
|turn|26
|
|move|p2a: Klefki|Substitute|p2a: Klefki
|-start|p2a: Klefki|Substitute
|-damage|p2a: Klefki|37\/318
|move|p1a: Metagross|Meteor Mash|p2a: Klefki
|-end|p2a: Klefki|Substitute
|
|-heal|p2a: Klefki|56\/318|[from] item: Leftovers
|turn|27
|
|move|p1a: Metagross|Bullet Punch|p2a: Klefki
|-damage|p2a: Klefki|0 fnt
|faint|p2a: Klefki
|
|
|switch|p2a: Salamence|Salamence, M|332\/332
|turn|28
|
|cant|p1a: Metagross|par
|move|p2a: Salamence|Dragon Dance|p2a: Salamence
|-boost|p2a: Salamence|atk|1
|-boost|p2a: Salamence|spe|1
|
|turn|29
|
|move|p1a: Metagross|Bullet Punch|p2a: Salamence
|-damage|p2a: Salamence|134\/332
|move|p2a: Salamence|Earthquake|p1a: Metagross
|-supereffective|p1a: Metagross
|-damage|p1a: Metagross|0 fnt
|faint|p1a: Metagross
|-boost|p2a: Salamence|atk|1|[from] ability: Moxie
|
|
|switch|p1a: Dragonite|Dragonite, M|323\/323
|-damage|p1a: Dragonite|243\/323|[from] Stealth Rock
|turn|30
|
|move|p1a: Dragonite|Extreme Speed|p2a: Salamence
|-damage|p2a: Salamence|0 fnt
|faint|p2a: Salamence
|
|
|switch|p2a: Thundurus|Thundurus, M|63\/362
|turn|31
|
|move|p1a: Dragonite|Extreme Speed|p2a: Thundurus
|-damage|p2a: Thundurus|0 fnt
|faint|p2a: Thundurus
|
|
|switch|p2a: Tyranitar|Tyranitar, M|342\/342
|-weather|Sandstorm
|turn|32
|
|switch|p1a: Keldeo-Resolute|Keldeo-Resolute|323\/323
|-damage|p1a: Keldeo-Resolute|303\/323|[from] Stealth Rock
|detailschange|p2a: Tyranitar|Tyranitar-Mega, M
|-mega|p2a: Tyranitar|Tyranitar|Tyranitarite
|move|p2a: Tyranitar|Dragon Dance|p2a: Tyranitar
|-boost|p2a: Tyranitar|atk|1
|-boost|p2a: Tyranitar|spe|1
|
|-weather|Sandstorm|[upkeep]
|-damage|p1a: Keldeo-Resolute|283\/323|[from] sandstorm
|turn|33
|
|move|p2a: Tyranitar|Earthquake|p1a: Keldeo-Resolute
|-damage|p1a: Keldeo-Resolute|36\/323
|move|p1a: Keldeo-Resolute|Secret Sword|p2a: Tyranitar
|-crit|p2a: Tyranitar
|-supereffective|p2a: Tyranitar
|-damage|p2a: Tyranitar|0 fnt
|faint|p2a: Tyranitar
|
|win|Level 56
|raw|Ladder updating...
|raw|Level 56's rating: 1460 &rarr; <strong>1471<\/strong><br \/>(+11 for winning)
|raw|RX.Forbidden's rating: 1293 &rarr; <strong>1280<\/strong><br \/>(-13 for losing)