|join|Level 56
|join|Nuanda
|player|p1|Level 56|275
|player|p2|Nuanda|169
|gametype|singles
|gen|6
|tier|OU (suspect test)
|rated
|clearpoke
|poke|p1|Metagross
|poke|p1|Keldeo-Resolute
|poke|p1|Dragonite, F
|poke|p1|Infernape, M
|poke|p1|Thundurus, M
|poke|p1|Bisharp, M
|poke|p2|Tornadus-Therian, M
|poke|p2|Hippowdon, F
|poke|p2|Celebi
|poke|p2|Alakazam, F
|poke|p2|Excadrill, M
|poke|p2|Heatran, M
|rule|Swagger Clause: Swagger is banned
|rule|Baton Pass Clause: Limit one PokÃ©mon knowing Baton Pass
|rule|Sleep Clause Mod: Limit one foe put to sleep
|rule|Species Clause: Limit one of each PokÃ©mon
|rule|OHKO Clause: OHKO moves are banned
|rule|Moody Clause: Moody is banned
|rule|Evasion Moves Clause: Evasion moves are banned
|rule|Endless Battle Clause: Forcing endless battles is banned
|rule|HP Percentage Mod: HP is shown in percentages
|teampreview
|
|start
|switch|p1a: Keldeo-Resolute|Keldeo-Resolute|323\/323
|switch|p2a: Hippowdon|Hippowdon, F|417\/417
|-weather|Sandstorm
|turn|1
|
|switch|p2a: Tornadus-Therian|Tornadus-Therian, M|361\/361
|move|p1a: Keldeo-Resolute|Scald|p2a: Tornadus-Therian
|-damage|p2a: Tornadus-Therian|213\/361
|
|-weather|Sandstorm|[upkeep]
|-damage|p2a: Tornadus-Therian|191\/361|[from] sandstorm
|-damage|p1a: Keldeo-Resolute|303\/323|[from] sandstorm
|turn|2
|
|switch|p1a: Bisharp|Bisharp, M|272\/272
|move|p2a: Tornadus-Therian|Air Slash|p1a: Bisharp
|-resisted|p1a: Bisharp
|-damage|p1a: Bisharp|211\/272
|
|-weather|Sandstorm|[upkeep]
|-damage|p2a: Tornadus-Therian|169\/361|[from] sandstorm
|turn|3
|
|move|p2a: Tornadus-Therian|Heat Wave|p1a: Bisharp
|-supereffective|p1a: Bisharp
|-damage|p1a: Bisharp|0 fnt
|faint|p1a: Bisharp
|
|-weather|Sandstorm|[upkeep]
|-damage|p2a: Tornadus-Therian|147\/361|[from] sandstorm
|
|switch|p1a: Metagross|Metagross|302\/302
|turn|4
|
|detailschange|p1a: Metagross|Metagross-Mega
|-mega|p1a: Metagross|Metagross|Metagrossite
|move|p2a: Tornadus-Therian|Heat Wave|p1a: Metagross
|-supereffective|p1a: Metagross
|-damage|p1a: Metagross|160\/302
|move|p1a: Metagross|Meteor Mash|p2a: Tornadus-Therian
|-damage|p2a: Tornadus-Therian|0 fnt
|faint|p2a: Tornadus-Therian
|
|-weather|Sandstorm|[upkeep]
|
|switch|p2a: Excadrill|Excadrill, M|361\/361
|-item|p2a: Excadrill|Air Balloon
|turn|5
|
|switch|p1a: Dragonite|Dragonite, F|324\/324
|move|p2a: Excadrill|Earthquake|p1a: Dragonite
|-immune|p1a: Dragonite|[msg]
|
|-weather|Sandstorm|[upkeep]
|-damage|p1a: Dragonite|304\/324|[from] sandstorm
|turn|6
|
|move|p2a: Excadrill|Iron Head|p1a: Dragonite
|-damage|p1a: Dragonite|136\/324
|move|p1a: Dragonite|Fire Punch|p2a: Excadrill
|-supereffective|p2a: Excadrill
|-damage|p2a: Excadrill|0 fnt
|-enditem|p2a: Excadrill|Air Balloon
|faint|p2a: Excadrill
|
|-weather|Sandstorm|[upkeep]
|-damage|p1a: Dragonite|116\/324|[from] sandstorm
|
|switch|p2a: Alakazam|Alakazam, F|251\/251
|turn|7
|
|switch|p1a: Infernape|Infernape, M|293\/293
|detailschange|p2a: Alakazam|Alakazam-Mega, F
|-mega|p2a: Alakazam|Alakazam|Alakazite
|-ability|p2a: Alakazam|Blaze|[from] ability: Trace|[of] p1a: Infernape
|move|p2a: Alakazam|Psyshock|p1a: Infernape
|-crit|p1a: Infernape
|-supereffective|p1a: Infernape
|-enditem|p1a: Infernape|Focus Sash
|-damage|p1a: Infernape|1\/293
|
|-weather|Sandstorm|[upkeep]
|-damage|p2a: Alakazam|236\/251|[from] sandstorm
|-damage|p1a: Infernape|0 fnt|[from] sandstorm
|faint|p1a: Infernape
|
|switch|p1a: Dragonite|Dragonite, F|116\/324
|turn|8
|
|switch|p2a: Heatran|Heatran, M|323\/323
|move|p1a: Dragonite|Extreme Speed|p2a: Heatran
|-resisted|p2a: Heatran
|-damage|p2a: Heatran|235\/323
|
|-weather|none
|turn|9
|
|switch|p1a: Keldeo-Resolute|Keldeo-Resolute|303\/323
|move|p2a: Heatran|Fire Blast|p1a: Keldeo-Resolute
|-resisted|p1a: Keldeo-Resolute
|-damage|p1a: Keldeo-Resolute|196\/323
|
|turn|10
|
|switch|p2a: Celebi|Celebi|404\/404
|move|p1a: Keldeo-Resolute|Scald|p2a: Celebi
|-resisted|p2a: Celebi
|-damage|p2a: Celebi|326\/404
|-status|p2a: Celebi|brn
|
|-heal|p2a: Celebi|351\/404 brn|[from] item: Leftovers
|-damage|p2a: Celebi|301\/404 brn|[from] brn
|turn|11
|
|switch|p1a: Thundurus|Thundurus, M|299\/299
|move|p2a: Celebi|Baton Pass|p2a: Celebi
|
|switch|p2a: Heatran|Heatran, M|235\/323
|
|turn|12
|
|move|p1a: Thundurus|Thunder Wave|p2a: Heatran
|-status|p2a: Heatran|par
|move|p2a: Heatran|Fire Blast|p1a: Thundurus
|-damage|p1a: Thundurus|38\/299
|-status|p1a: Thundurus|brn
|
|-damage|p1a: Thundurus|1\/299 brn|[from] brn
|turn|13
|
|switch|p1a: Keldeo-Resolute|Keldeo-Resolute|196\/323
|switch|p2a: Celebi|Celebi|301\/404
|
|-heal|p2a: Celebi|326\/404|[from] item: Leftovers
|turn|14
|
|switch|p1a: Metagross|Metagross-Mega|160\/302
|move|p2a: Celebi|Baton Pass|p2a: Celebi
|
|switch|p2a: Hippowdon|Hippowdon, F|417\/417
|-weather|Sandstorm
|
|-weather|Sandstorm|[upkeep]
|turn|15
|
|move|p1a: Metagross|Meteor Mash|p2a: Hippowdon
|-damage|p2a: Hippowdon|254\/417
|move|p2a: Hippowdon|Earthquake|p1a: Metagross
|-supereffective|p1a: Metagross
|-damage|p1a: Metagross|0 fnt
|faint|p1a: Metagross
|
|-weather|Sandstorm|[upkeep]
|
|switch|p1a: Keldeo-Resolute|Keldeo-Resolute|196\/323
|turn|16
|
|switch|p2a: Heatran|Heatran, M|235\/323 par
|move|p1a: Keldeo-Resolute|Hydro Pump|p2a: Heatran|[miss]
|-miss|p1a: Keldeo-Resolute|p2a: Heatran
|
|-weather|Sandstorm|[upkeep]
|-damage|p1a: Keldeo-Resolute|176\/323|[from] sandstorm
|turn|17
|c|âNuanda|sry
|
|switch|p2a: Celebi|Celebi|326\/404
|move|p1a: Keldeo-Resolute|Hydro Pump|p2a: Celebi|[miss]
|-miss|p1a: Keldeo-Resolute|p2a: Celebi
|
|-weather|Sandstorm|[upkeep]
|-damage|p1a: Keldeo-Resolute|156\/323|[from] sandstorm
|-damage|p2a: Celebi|301\/404|[from] sandstorm
|-heal|p2a: Celebi|326\/404|[from] item: Leftovers
|turn|18
|
|move|p1a: Keldeo-Resolute|Hydro Pump|p2a: Celebi
|-resisted|p2a: Celebi
|-damage|p2a: Celebi|224\/404
|move|p2a: Celebi|Psychic|p1a: Keldeo-Resolute
|-supereffective|p1a: Keldeo-Resolute
|-damage|p1a: Keldeo-Resolute|0 fnt
|faint|p1a: Keldeo-Resolute
|
|-weather|Sandstorm|[upkeep]
|-damage|p2a: Celebi|199\/404|[from] sandstorm
|-heal|p2a: Celebi|224\/404|[from] item: Leftovers
|
|switch|p1a: Dragonite|Dragonite, F|116\/324
|turn|19
|
|switch|p2a: Heatran|Heatran, M|235\/323 par
|move|p1a: Dragonite|Outrage|p2a: Heatran
|-resisted|p2a: Heatran
|-damage|p2a: Heatran|54\/323 par
|
|-weather|Sandstorm|[upkeep]
|-damage|p1a: Dragonite|96\/324|[from] sandstorm
|turn|20
|
|move|p1a: Dragonite|Outrage|p2a: Heatran
|-resisted|p2a: Heatran
|-damage|p2a: Heatran|0 fnt
|faint|p2a: Heatran
|
|-weather|Sandstorm|[upkeep]
|-damage|p1a: Dragonite|76\/324|[from] sandstorm
|-message|Level 56 forfeited.
|leave|Level 56
|
|win|Nuanda
|raw|Ladder updating...
|player|p1
|raw|Level 56's rating: 1487 &rarr; <strong>1459<\/strong><br \/>(-28 for losing)
|raw|Nuanda's rating: 1337 &rarr; <strong>1365<\/strong><br \/>(+28 for winning)