|join|Level 56
|join|Cykomore
|player|p1|Level 56|275
|player|p2|Cykomore|69
|gametype|singles
|gen|6
|tier|OU (suspect test)
|rated
|clearpoke
|poke|p1|Metagross
|poke|p1|Keldeo-Resolute
|poke|p1|Dragonite, M
|poke|p1|Infernape, M
|poke|p1|Thundurus, M
|poke|p1|Bisharp, F
|poke|p2|Latias, F
|poke|p2|Heatran, M
|poke|p2|Gengar, F
|poke|p2|Rotom-Wash
|poke|p2|Gyarados, M
|poke|p2|Keldeo
|rule|Swagger Clause: Swagger is banned
|rule|Baton Pass Clause: Limit one PokÃ©mon knowing Baton Pass
|rule|Sleep Clause Mod: Limit one foe put to sleep
|rule|Species Clause: Limit one of each PokÃ©mon
|rule|OHKO Clause: OHKO moves are banned
|rule|Moody Clause: Moody is banned
|rule|Evasion Moves Clause: Evasion moves are banned
|rule|Endless Battle Clause: Forcing endless battles is banned
|rule|HP Percentage Mod: HP is shown in percentages
|teampreview
|
|start
|switch|p1a: Bisharp|Bisharp, F|272\/272
|switch|p2a: Rotom-Wash|Rotom-Wash|304\/304
|turn|1
|
|move|p1a: Bisharp|Knock Off|p2a: Rotom-Wash
|-damage|p2a: Rotom-Wash|140\/304
|-enditem|p2a: Rotom-Wash|Leftovers|[from] move: Knock Off|[of] p1a: Bisharp
|-damage|p1a: Bisharp|245\/272|[from] item: Life Orb
|move|p2a: Rotom-Wash|Will-O-Wisp|p1a: Bisharp|[miss]
|-miss|p2a: Rotom-Wash|p1a: Bisharp
|
|turn|2
|
|switch|p1a: Infernape|Infernape, M|293\/293
|move|p2a: Rotom-Wash|Will-O-Wisp|p1a: Infernape
|-fail|p1a: Infernape
|
|turn|3
|
|switch|p2a: Latias|Latias, F|301\/301
|move|p1a: Infernape|Stealth Rock|p2a: Latias
|-sidestart|p2: Cykomore|move: Stealth Rock
|
|turn|4
|
|move|p2a: Latias|Defog|p1a: Infernape
|-unboost|p1a: Infernape|evasion|1
|-sideend|p2: Cykomore|Stealth Rock|[from] move: Defog|[of] p2a: Latias
|move|p1a: Infernape|Endeavor|p2a: Latias
|-damage|p2a: Latias|293\/301
|
|turn|5
|
|move|p2a: Latias|Psyshock|p1a: Infernape
|-supereffective|p1a: Infernape
|-enditem|p1a: Infernape|Focus Sash
|-damage|p1a: Infernape|1\/293
|-damage|p2a: Latias|263\/301|[from] item: Life Orb
|move|p1a: Infernape|Stealth Rock|p2a: Latias
|-sidestart|p2: Cykomore|move: Stealth Rock
|
|turn|6
|
|move|p2a: Latias|Psyshock|p1a: Infernape
|-supereffective|p1a: Infernape
|-damage|p1a: Infernape|0 fnt
|-damage|p2a: Latias|233\/301|[from] item: Life Orb
|faint|p1a: Infernape
|
|
|switch|p1a: Metagross|Metagross|302\/302
|turn|7
|
|detailschange|p1a: Metagross|Metagross-Mega
|-mega|p1a: Metagross|Metagross|Metagrossite
|move|p2a: Latias|Defog|p1a: Metagross
|-unboost|p1a: Metagross|evasion|1
|-sideend|p2: Cykomore|Stealth Rock|[from] move: Defog|[of] p2a: Latias
|move|p1a: Metagross|Meteor Mash|p2a: Latias
|-damage|p2a: Latias|0 fnt
|faint|p2a: Latias
|
|
|switch|p2a: Gyarados|Gyarados, M|331\/331
|-ability|p2a: Gyarados|Intimidate|[of] p1a: Metagross
|-unboost|p1a: Metagross|atk|1
|turn|8
|
|switch|p1a: Thundurus|Thundurus, M|299\/299
|move|p2a: Gyarados|Ice Fang|p1a: Thundurus
|-supereffective|p1a: Thundurus
|-damage|p1a: Thundurus|63\/299
|
|turn|9
|
|switch|p2a: Heatran|Heatran, M|386\/386
|move|p1a: Thundurus|Thunderbolt|p2a: Heatran
|-damage|p2a: Heatran|240\/386
|-damage|p1a: Thundurus|34\/299|[from] item: Life Orb
|
|-heal|p2a: Heatran|264\/386|[from] item: Leftovers
|turn|10
|
|switch|p2a: Gengar|Gengar, F|261\/261
|move|p1a: Thundurus|Superpower|p2a: Gengar
|-immune|p2a: Gengar|[msg]
|
|turn|11
|
|switch|p2a: Heatran|Heatran, M|264\/386
|move|p1a: Thundurus|Thunder Wave|p2a: Heatran
|-status|p2a: Heatran|par
|
|-heal|p2a: Heatran|288\/386 par|[from] item: Leftovers
|turn|12
|
|move|p1a: Thundurus|Superpower|p2a: Heatran
|-supereffective|p2a: Heatran
|-damage|p2a: Heatran|28\/386 par
|-unboost|p1a: Thundurus|atk|1
|-unboost|p1a: Thundurus|def|1
|-damage|p1a: Thundurus|5\/299|[from] item: Life Orb
|move|p2a: Heatran|Stealth Rock|p1a: Thundurus
|-sidestart|p1: Level 56|move: Stealth Rock
|
|-heal|p2a: Heatran|52\/386 par|[from] item: Leftovers
|turn|13
|
|move|p1a: Thundurus|Thunderbolt|p2a: Heatran
|-damage|p2a: Heatran|0 fnt
|-damage|p1a: Thundurus|0 fnt|[from] item: Life Orb
|faint|p2a: Heatran
|faint|p1a: Thundurus
|
|
|switch|p1a: Metagross|Metagross-Mega|302\/302
|switch|p2a: Keldeo|Keldeo|323\/323
|-damage|p1a: Metagross|284\/302|[from] Stealth Rock
|turn|14
|
|move|p2a: Keldeo|Hydro Pump|p1a: Metagross
|-damage|p1a: Metagross|101\/302
|move|p1a: Metagross|Zen Headbutt|p2a: Keldeo
|-supereffective|p2a: Keldeo
|-damage|p2a: Keldeo|0 fnt
|faint|p2a: Keldeo
|
|
|switch|p2a: Gyarados|Gyarados, M|331\/331
|-ability|p2a: Gyarados|Intimidate|[of] p1a: Metagross
|-unboost|p1a: Metagross|atk|1
|turn|15
|
|detailschange|p2a: Gyarados|Gyarados-Mega, M
|-mega|p2a: Gyarados|Gyarados|Gyaradosite
|-ability|p2a: Gyarados|Mold Breaker
|move|p1a: Metagross|Hammer Arm|p2a: Gyarados|[miss]
|-miss|p1a: Metagross|p2a: Gyarados
|move|p2a: Gyarados|Dragon Dance|p2a: Gyarados
|-boost|p2a: Gyarados|atk|1
|-boost|p2a: Gyarados|spe|1
|
|turn|16
|
|move|p2a: Gyarados|Waterfall|p1a: Metagross
|-damage|p1a: Metagross|0 fnt
|faint|p1a: Metagross
|
|
|switch|p1a: Keldeo-Resolute|Keldeo-Resolute|323\/323
|-damage|p1a: Keldeo-Resolute|303\/323|[from] Stealth Rock
|turn|17
|
|move|p2a: Gyarados|Earthquake|p1a: Keldeo-Resolute
|-damage|p1a: Keldeo-Resolute|56\/323
|move|p1a: Keldeo-Resolute|Secret Sword|p2a: Gyarados
|-supereffective|p2a: Gyarados
|-damage|p2a: Gyarados|0 fnt
|faint|p2a: Gyarados
|
|
|switch|p2a: Gengar|Gengar, F|261\/261
|turn|18
|
|move|p2a: Gengar|Shadow Ball|p1a: Keldeo-Resolute
|-crit|p1a: Keldeo-Resolute
|-damage|p1a: Keldeo-Resolute|0 fnt
|-damage|p2a: Gengar|235\/261|[from] item: Life Orb
|faint|p1a: Keldeo-Resolute
|
|
|switch|p1a: Dragonite|Dragonite, M|324\/324
|-damage|p1a: Dragonite|243\/324|[from] Stealth Rock
|turn|19
|
|move|p2a: Gengar|Sludge Wave|p1a: Dragonite
|-damage|p1a: Dragonite|35\/324
|-damage|p2a: Gengar|209\/261|[from] item: Life Orb
|move|p1a: Dragonite|Outrage|p2a: Gengar
|-damage|p2a: Gengar|0 fnt
|faint|p2a: Gengar
|
|
|switch|p2a: Rotom-Wash|Rotom-Wash|140\/304
|turn|20
|
|move|p1a: Dragonite|Outrage|p2a: Rotom-Wash
|-damage|p2a: Rotom-Wash|0 fnt
|faint|p2a: Rotom-Wash
|
|win|Level 56
|raw|Ladder updating...
|raw|Level 56's rating: 1430 &rarr; <strong>1446<\/strong><br \/>(+16 for winning)
|raw|Cykomore's rating: 1361 &rarr; <strong>1344<\/strong><br \/>(-17 for losing)
|leave|Cykomore