|join|Level 56
|join|Century Express
|player|p1|Level 56|275
|player|p2|Century Express|188
|gametype|singles
|gen|6
|tier|OU (suspect test)
|rated
|clearpoke
|poke|p1|Metagross
|poke|p1|Keldeo-Resolute
|poke|p1|Dragonite, F
|poke|p1|Infernape, M
|poke|p1|Thundurus, M
|poke|p1|Bisharp, M
|poke|p2|Gallade, M
|poke|p2|Bisharp, M
|poke|p2|Rotom-Wash
|poke|p2|Ferrothorn, M
|poke|p2|Heatran, M
|poke|p2|Latias, F
|rule|Swagger Clause: Swagger is banned
|rule|Baton Pass Clause: Limit one PokÃ©mon knowing Baton Pass
|rule|Sleep Clause Mod: Limit one foe put to sleep
|rule|Species Clause: Limit one of each PokÃ©mon
|rule|OHKO Clause: OHKO moves are banned
|rule|Moody Clause: Moody is banned
|rule|Evasion Moves Clause: Evasion moves are banned
|rule|Endless Battle Clause: Forcing endless battles is banned
|rule|HP Percentage Mod: HP is shown in percentages
|teampreview
|
|start
|switch|p1a: Infernape|Infernape, M|293\/293
|switch|p2a: V-2 BR4ST3MP|Rotom-Wash|304\/304
|turn|1
|
|move|p1a: Infernape|Stealth Rock|p2a: V-2 BR4ST3MP
|-sidestart|p2: Century Express|move: Stealth Rock
|move|p2a: V-2 BR4ST3MP|Hydro Pump|p1a: Infernape
|-supereffective|p1a: Infernape
|-enditem|p1a: Infernape|Focus Sash
|-damage|p1a: Infernape|1\/293
|
|turn|2
|
|move|p1a: Infernape|Endeavor|p2a: V-2 BR4ST3MP
|-damage|p2a: V-2 BR4ST3MP|1\/304
|move|p2a: V-2 BR4ST3MP|Volt Switch|p1a: Infernape
|-damage|p1a: Infernape|0 fnt
|faint|p1a: Infernape
|
|switch|p2a: Ozonea|Latias, F|319\/319
|-damage|p2a: Ozonea|280\/319|[from] Stealth Rock
|
|
|switch|p1a: Bisharp|Bisharp, M|272\/272
|turn|3
|
|move|p2a: Ozonea|Healing Wish|p2a: Ozonea
|faint|p2a: Ozonea
|move|p1a: Bisharp|Knock Off|p2: Ozonea|[notarget]
|-notarget
|
|
|switch|p2a: V-2 BR4ST3MP|Rotom-Wash|1\/304
|-heal|p2a: V-2 BR4ST3MP|304\/304|[from] move: Healing Wish
|-damage|p2a: V-2 BR4ST3MP|266\/304|[from] Stealth Rock
|turn|4
|
|move|p1a: Bisharp|Knock Off|p2a: V-2 BR4ST3MP
|-damage|p2a: V-2 BR4ST3MP|118\/304
|-enditem|p2a: V-2 BR4ST3MP|Leftovers|[from] move: Knock Off|[of] p1a: Bisharp
|-damage|p1a: Bisharp|245\/272|[from] item: Life Orb
|move|p2a: V-2 BR4ST3MP|Will-O-Wisp|p1a: Bisharp
|-status|p1a: Bisharp|brn
|
|-damage|p1a: Bisharp|211\/272 brn|[from] brn
|turn|5
|
|move|p1a: Bisharp|Knock Off|p2a: V-2 BR4ST3MP
|-damage|p2a: V-2 BR4ST3MP|62\/304
|-damage|p1a: Bisharp|184\/272 brn|[from] item: Life Orb
|move|p2a: V-2 BR4ST3MP|Volt Switch|p1a: Bisharp
|-damage|p1a: Bisharp|67\/272 brn
|
|switch|p2a: Psychoknight|Gallade, M|277\/277
|-damage|p2a: Psychoknight|260\/277|[from] Stealth Rock
|
|-damage|p1a: Bisharp|33\/272 brn|[from] brn
|turn|6
|
|detailschange|p2a: Psychoknight|Gallade-Mega, M
|-mega|p2a: Psychoknight|Gallade|Galladite
|move|p1a: Bisharp|Sucker Punch|p2a: Psychoknight
|-damage|p2a: Psychoknight|170\/277
|-damage|p1a: Bisharp|6\/272 brn|[from] item: Life Orb
|move|p2a: Psychoknight|Knock Off|p1a: Bisharp
|-resisted|p1a: Bisharp
|-damage|p1a: Bisharp|0 fnt
|-enditem|p1a: Bisharp|Life Orb|[from] move: Knock Off|[of] p2a: Psychoknight
|faint|p1a: Bisharp
|
|
|switch|p1a: Metagross|Metagross|302\/302
|turn|7
|
|switch|p2a: Golmore|Ferrothorn, M|352\/352
|-damage|p2a: Golmore|330\/352|[from] Stealth Rock
|detailschange|p1a: Metagross|Metagross-Mega
|-mega|p1a: Metagross|Metagross|Metagrossite
|move|p1a: Metagross|Meteor Mash|p2a: Golmore
|-resisted|p2a: Golmore
|-damage|p2a: Golmore|249\/352
|-damage|p1a: Metagross|265\/302|[from] ability: Iron Barbs|[of] p2a: Golmore
|
|-heal|p2a: Golmore|271\/352|[from] item: Leftovers
|turn|8
|
|move|p1a: Metagross|Hammer Arm|p2a: Golmore
|-crit|p2a: Golmore
|-supereffective|p2a: Golmore
|-damage|p2a: Golmore|0 fnt
|-damage|p1a: Metagross|228\/302|[from] ability: Iron Barbs|[of] p2a: Golmore
|-unboost|p1a: Metagross|spe|1
|faint|p2a: Golmore
|
|
|switch|p2a: V-2 BR4ST3MP|Rotom-Wash|62\/304
|-damage|p2a: V-2 BR4ST3MP|24\/304|[from] Stealth Rock
|turn|9
|
|move|p1a: Metagross|Bullet Punch|p2a: V-2 BR4ST3MP
|-resisted|p2a: V-2 BR4ST3MP
|-damage|p2a: V-2 BR4ST3MP|5\/304
|move|p2a: V-2 BR4ST3MP|Thunder Wave|p1a: Metagross
|-status|p1a: Metagross|par
|
|turn|10
|
|switch|p2a: Steely Dan|Heatran, M|323\/323
|-damage|p2a: Steely Dan|283\/323|[from] Stealth Rock
|move|p1a: Metagross|Bullet Punch|p2a: Steely Dan
|-resisted|p2a: Steely Dan
|-damage|p2a: Steely Dan|258\/323
|
|turn|11
|
|switch|p1a: Keldeo-Resolute|Keldeo-Resolute|323\/323
|move|p2a: Steely Dan|Overheat|p1a: Keldeo-Resolute
|-resisted|p1a: Keldeo-Resolute
|-damage|p1a: Keldeo-Resolute|131\/323
|-unboost|p2a: Steely Dan|spa|2
|
|turn|12
|
|switch|p1a: Metagross|Metagross-Mega|228\/302 par
|switch|p2a: V-2 BR4ST3MP|Rotom-Wash|5\/304
|-damage|p2a: V-2 BR4ST3MP|0 fnt|[from] Stealth Rock
|faint|p2a: V-2 BR4ST3MP
|
|
|switch|p2a: Steely Dan|Heatran, M|258\/323
|-damage|p2a: Steely Dan|218\/323|[from] Stealth Rock
|turn|13
|
|switch|p1a: Dragonite|Dragonite, F|324\/324
|move|p2a: Steely Dan|Fire Blast|p1a: Dragonite
|-resisted|p1a: Dragonite
|-damage|p1a: Dragonite|240\/324
|
|turn|14
|
|move|p1a: Dragonite|Earthquake|p2a: Steely Dan
|-supereffective|p2a: Steely Dan
|-damage|p2a: Steely Dan|0 fnt
|faint|p2a: Steely Dan
|
|
|switch|p2a: Crimson|Bisharp, M|275\/275
|-damage|p2a: Crimson|258\/275|[from] Stealth Rock
|turn|15
|
|move|p1a: Dragonite|Earthquake|p2a: Crimson
|-supereffective|p2a: Crimson
|-damage|p2a: Crimson|0 fnt
|faint|p2a: Crimson
|
|
|switch|p2a: Psychoknight|Gallade-Mega, M|170\/277
|-damage|p2a: Psychoknight|153\/277|[from] Stealth Rock
|turn|16
|
|move|p2a: Psychoknight|Zen Headbutt|p1a: Dragonite
|-damage|p1a: Dragonite|59\/324
|cant|p1a: Dragonite|flinch
|
|turn|17
|
|move|p2a: Psychoknight|Knock Off|p1a: Dragonite
|-damage|p1a: Dragonite|0 fnt
|-enditem|p1a: Dragonite|Choice Band|[from] move: Knock Off|[of] p2a: Psychoknight
|faint|p1a: Dragonite
|
|
|switch|p1a: Thundurus|Thundurus, M|299\/299
|turn|18
|
|move|p1a: Thundurus|Thunderbolt|p2a: Psychoknight
|-damage|p2a: Psychoknight|0 fnt
|-damage|p1a: Thundurus|270\/299|[from] item: Life Orb
|faint|p2a: Psychoknight
|
|win|Level 56
|raw|Ladder updating...
|raw|Level 56's rating: 1418 &rarr; <strong>1434<\/strong><br \/>(+16 for winning)
|raw|Century Express's rating: 1337 &rarr; <strong>1321<\/strong><br \/>(-16 for losing)