|join|Level 56
|join|Zach1231
|player|p1|Level 56|275
|player|p2|Zach1231|267
|gametype|singles
|gen|6
|tier|OU (suspect test)
|rated
|clearpoke
|poke|p1|Metagross
|poke|p1|Keldeo-Resolute
|poke|p1|Dragonite, F
|poke|p1|Infernape, F
|poke|p1|Thundurus, M
|poke|p1|Bisharp, F
|poke|p2|Keldeo-Resolute
|poke|p2|Heatran, M
|poke|p2|Landorus-Therian, M
|poke|p2|Talonflame, M
|poke|p2|Latias, F
|poke|p2|Metagross
|rule|Swagger Clause: Swagger is banned
|rule|Baton Pass Clause: Limit one PokÃ©mon knowing Baton Pass
|rule|Sleep Clause Mod: Limit one foe put to sleep
|rule|Species Clause: Limit one of each PokÃ©mon
|rule|OHKO Clause: OHKO moves are banned
|rule|Moody Clause: Moody is banned
|rule|Evasion Moves Clause: Evasion moves are banned
|rule|Endless Battle Clause: Forcing endless battles is banned
|rule|HP Percentage Mod: HP is shown in percentages
|teampreview
|
|start
|switch|p1a: Infernape|Infernape, F|293\/293
|switch|p2a: Landorus-Therian|Landorus-Therian, M|328\/328
|-ability|p2a: Landorus-Therian|Intimidate|[of] p1a: Infernape
|-unboost|p1a: Infernape|atk|1
|turn|1
|join|Keeszet
|
|move|p1a: Infernape|Stealth Rock|p2a: Landorus-Therian
|-sidestart|p2: Zach1231|move: Stealth Rock
|move|p2a: Landorus-Therian|Earthquake|p1a: Infernape
|-supereffective|p1a: Infernape
|-enditem|p1a: Infernape|Focus Sash
|-damage|p1a: Infernape|1\/293
|
|turn|2
|
|move|p1a: Infernape|Endeavor|p2a: Landorus-Therian
|-damage|p2a: Landorus-Therian|1\/328
|move|p2a: Landorus-Therian|Stealth Rock|p1a: Infernape
|-sidestart|p1: Level 56|move: Stealth Rock
|
|-heal|p2a: Landorus-Therian|21\/328|[from] item: Leftovers
|turn|3
|c|âZach1231|is this a set?
|c|âZach1231|second time today
|
|move|p1a: Infernape|Vacuum Wave|p2a: Landorus-Therian
|-resisted|p2a: Landorus-Therian
|-damage|p2a: Landorus-Therian|0 fnt
|faint|p2a: Landorus-Therian
|
|
|switch|p2a: Metagross|Metagross|301\/301
|-damage|p2a: Metagross|283\/301|[from] Stealth Rock
|turn|4
|join|jake5
|
|switch|p1a: Bisharp|Bisharp, F|272\/272
|-damage|p1a: Bisharp|255\/272|[from] Stealth Rock
|detailschange|p2a: Metagross|Metagross-Mega
|-mega|p2a: Metagross|Metagross|Metagrossite
|move|p2a: Metagross|Bullet Punch|p1a: Bisharp
|-resisted|p1a: Bisharp
|-damage|p1a: Bisharp|204\/272
|
|turn|5
|
|switch|p2a: Keldeo-Resolute|Keldeo-Resolute|324\/324
|-damage|p2a: Keldeo-Resolute|304\/324|[from] Stealth Rock
|move|p1a: Bisharp|Knock Off|p2a: Keldeo-Resolute
|-crit|p2a: Keldeo-Resolute
|-resisted|p2a: Keldeo-Resolute
|-damage|p2a: Keldeo-Resolute|132\/324
|-boost|p2a: Keldeo-Resolute|atk|1|[from] ability: Justified
|-enditem|p2a: Keldeo-Resolute|Leftovers|[from] move: Knock Off|[of] p1a: Bisharp
|-damage|p1a: Bisharp|177\/272|[from] item: Life Orb
|
|turn|6
|
|switch|p1a: Infernape|Infernape, F|1\/293
|-damage|p1a: Infernape|0 fnt|[from] Stealth Rock
|faint|p1a: Infernape
|move|p2a: Keldeo-Resolute|Secret Sword|p1: Infernape|[notarget]
|-notarget
|
|
|switch|p1a: Thundurus|Thundurus, M|299\/299
|-damage|p1a: Thundurus|225\/299|[from] Stealth Rock
|turn|7
|
|move|p1a: Thundurus|Thunderbolt|p2a: Keldeo-Resolute
|-supereffective|p2a: Keldeo-Resolute
|-damage|p2a: Keldeo-Resolute|0 fnt
|-damage|p1a: Thundurus|196\/299|[from] item: Life Orb
|faint|p2a: Keldeo-Resolute
|
|
|switch|p2a: Heatran|Heatran, M|386\/386
|-damage|p2a: Heatran|338\/386|[from] Stealth Rock
|turn|8
|
|switch|p1a: Keldeo-Resolute|Keldeo-Resolute|323\/323
|-damage|p1a: Keldeo-Resolute|303\/323|[from] Stealth Rock
|move|p2a: Heatran|Roar|p1a: Keldeo-Resolute
|drag|p1a: Metagross|Metagross|302\/302
|-damage|p1a: Metagross|284\/302|[from] Stealth Rock
|
|-heal|p2a: Heatran|362\/386|[from] item: Leftovers
|turn|9
|
|switch|p1a: Keldeo-Resolute|Keldeo-Resolute|303\/323
|-damage|p1a: Keldeo-Resolute|283\/323|[from] Stealth Rock
|move|p2a: Heatran|Lava Plume|p1a: Keldeo-Resolute
|-resisted|p1a: Keldeo-Resolute
|-damage|p1a: Keldeo-Resolute|215\/323
|
|-heal|p2a: Heatran|386\/386|[from] item: Leftovers
|turn|10
|
|switch|p2a: Latias|Latias, F|301\/301
|-damage|p2a: Latias|264\/301|[from] Stealth Rock
|move|p1a: Keldeo-Resolute|Scald|p2a: Latias
|-resisted|p2a: Latias
|-damage|p2a: Latias|183\/301
|-status|p2a: Latias|brn
|
|-damage|p2a: Latias|146\/301 brn|[from] brn
|turn|11
|
|switch|p1a: Metagross|Metagross|284\/302
|-damage|p1a: Metagross|266\/302|[from] Stealth Rock
|move|p2a: Latias|Draco Meteor|p1a: Metagross
|-resisted|p1a: Metagross
|-damage|p1a: Metagross|126\/302
|-unboost|p2a: Latias|spa|2
|-damage|p2a: Latias|116\/301 brn|[from] item: Life Orb
|
|-damage|p2a: Latias|79\/301 brn|[from] brn
|turn|12
|
|switch|p2a: Heatran|Heatran, M|386\/386
|-damage|p2a: Heatran|338\/386|[from] Stealth Rock
|detailschange|p1a: Metagross|Metagross-Mega
|-mega|p1a: Metagross|Metagross|Metagrossite
|move|p1a: Metagross|Meteor Mash|p2a: Heatran
|-resisted|p2a: Heatran
|-damage|p2a: Heatran|281\/386
|
|-heal|p2a: Heatran|305\/386|[from] item: Leftovers
|turn|13
|
|move|p1a: Metagross|Hammer Arm|p2a: Heatran
|-supereffective|p2a: Heatran
|-damage|p2a: Heatran|0 fnt
|-unboost|p1a: Metagross|spe|1
|faint|p2a: Heatran
|
|c|âZach1231|oh
|
|switch|p2a: Metagross|Metagross-Mega|283\/301
|-damage|p2a: Metagross|265\/301|[from] Stealth Rock
|turn|14
|
|switch|p1a: Keldeo-Resolute|Keldeo-Resolute|215\/323
|-damage|p1a: Keldeo-Resolute|195\/323|[from] Stealth Rock
|move|p2a: Metagross|Zen Headbutt|p1a: Keldeo-Resolute
|-supereffective|p1a: Keldeo-Resolute
|-damage|p1a: Keldeo-Resolute|0 fnt
|faint|p1a: Keldeo-Resolute
|
|
|switch|p1a: Thundurus|Thundurus, M|196\/299
|-damage|p1a: Thundurus|122\/299|[from] Stealth Rock
|turn|15
|
|switch|p2a: Latias|Latias, F|79\/301 brn
|-damage|p2a: Latias|42\/301 brn|[from] Stealth Rock
|move|p1a: Thundurus|Thunder Wave|p2a: Latias
|-fail|p2a: Latias
|
|-damage|p2a: Latias|5\/301 brn|[from] brn
|turn|16
|
|move|p1a: Thundurus|Thunderbolt|p2a: Latias
|-resisted|p2a: Latias
|-damage|p2a: Latias|0 fnt
|-damage|p1a: Thundurus|93\/299|[from] item: Life Orb
|faint|p2a: Latias
|
|
|switch|p2a: Talonflame|Talonflame, M|324\/324
|-damage|p2a: Talonflame|162\/324|[from] Stealth Rock
|turn|17
|
|switch|p1a: Metagross|Metagross-Mega|126\/302
|-damage|p1a: Metagross|108\/302|[from] Stealth Rock
|move|p2a: Talonflame|Acrobatics|p1a: Metagross
|-resisted|p1a: Metagross
|-damage|p1a: Metagross|60\/302
|
|turn|18
|
|move|p2a: Talonflame|Roost|p2a: Talonflame
|-heal|p2a: Talonflame|324\/324
|move|p1a: Metagross|Thunder Punch|p2a: Talonflame
|-damage|p2a: Talonflame|154\/324
|
|turn|19
|
|move|p2a: Talonflame|Acrobatics|p1a: Metagross
|-resisted|p1a: Metagross
|-damage|p1a: Metagross|7\/302
|move|p1a: Metagross|Thunder Punch|p2a: Talonflame
|-crit|p2a: Talonflame
|-supereffective|p2a: Talonflame
|-damage|p2a: Talonflame|0 fnt
|faint|p2a: Talonflame
|
|
|switch|p2a: Metagross|Metagross-Mega|265\/301
|-damage|p2a: Metagross|247\/301|[from] Stealth Rock
|turn|20
|
|move|p2a: Metagross|Bullet Punch|p1a: Metagross
|-resisted|p1a: Metagross
|-damage|p1a: Metagross|0 fnt
|faint|p1a: Metagross
|
|
|switch|p1a: Thundurus|Thundurus, M|93\/299
|-damage|p1a: Thundurus|19\/299|[from] Stealth Rock
|turn|21
|
|move|p1a: Thundurus|Thunder Wave|p2a: Metagross
|-status|p2a: Metagross|par
|cant|p2a: Metagross|par
|
|turn|22
|
|move|p2a: Metagross|Bullet Punch|p1a: Thundurus
|-resisted|p1a: Thundurus
|-damage|p1a: Thundurus|0 fnt
|faint|p1a: Thundurus
|
|
|switch|p1a: Bisharp|Bisharp, F|177\/272
|-damage|p1a: Bisharp|160\/272|[from] Stealth Rock
|turn|23
|
|move|p1a: Bisharp|Sucker Punch|p2a: Metagross
|-supereffective|p2a: Metagross
|-damage|p2a: Metagross|0 fnt
|-damage|p1a: Bisharp|133\/272|[from] item: Life Orb
|faint|p2a: Metagross
|
|win|Level 56
|raw|Ladder updating...
|raw|Level 56's rating: 1440 &rarr; <strong>1453<\/strong><br \/>(+13 for winning)
|raw|Zach1231's rating: 1301 &rarr; <strong>1289<\/strong><br \/>(-12 for losing)
|c|âZach1231|gg
|leave|Zach1231
|player|p2