|join|TDOG34
|join|In The Light
|player|p1|TDOG34|220
|player|p2|In The Light|39
|gametype|singles
|gen|6
|tier|OU
|rated
|clearpoke
|poke|p1|Heracross, M, shiny
|poke|p1|Thundurus, M, shiny
|poke|p1|Heatran, F
|poke|p1|Breloom, M
|poke|p1|Latios, M
|poke|p1|Bisharp, F
|poke|p2|Kyurem-Black
|poke|p2|Sylveon, F
|poke|p2|Gallade, M
|poke|p2|Excadrill, M
|poke|p2|Thundurus, M
|poke|p2|Rotom-Wash
|rule|Swagger Clause: Swagger is banned
|rule|Baton Pass Clause: Limit one PokÃ©mon knowing Baton Pass
|rule|Sleep Clause Mod: Limit one foe put to sleep
|rule|Species Clause: Limit one of each PokÃ©mon
|rule|OHKO Clause: OHKO moves are banned
|rule|Moody Clause: Moody is banned
|rule|Evasion Moves Clause: Evasion moves are banned
|rule|Endless Battle Clause: Forcing endless battles is banned
|rule|HP Percentage Mod: HP is shown in percentages
|teampreview
|
|start
|switch|p1a: Heatran|Heatran, F|385\/385
|switch|p2a: Gallade|Gallade, M|278\/278
|turn|1
|
|detailschange|p2a: Gallade|Gallade-Mega, M
|-mega|p2a: Gallade|Gallade|Galladite
|move|p2a: Gallade|Swords Dance|p2a: Gallade
|-boost|p2a: Gallade|atk|2
|move|p1a: Heatran|Lava Plume|p2a: Gallade
|-damage|p2a: Gallade|175\/278
|
|turn|2
|
|move|p2a: Gallade|Close Combat|p1a: Heatran
|-supereffective|p1a: Heatran
|-damage|p1a: Heatran|0 fnt
|-unboost|p2a: Gallade|def|1
|-unboost|p2a: Gallade|spd|1
|faint|p1a: Heatran
|
|
|switch|p1a: Latios|Latios, M|322\/322
|turn|3
|
|switch|p2a: Sylveon|Sylveon, F|394\/394
|move|p1a: Latios|Psyshock|p2a: Sylveon
|-damage|p2a: Sylveon|211\/394
|
|-heal|p2a: Sylveon|235\/394|[from] item: Leftovers
|turn|4
|
|switch|p1a: Thundurus|Thundurus, M, shiny|299\/299
|move|p2a: Sylveon|Wish|p2a: Sylveon
|
|-heal|p2a: Sylveon|259\/394|[from] item: Leftovers
|turn|5
|
|switch|p1a: Breloom|Breloom, M|261\/261
|switch|p2a: Excadrill|Excadrill, M|361\/361
|-ability|p2a: Excadrill|Mold Breaker
|
|turn|6
|
|move|p2a: Excadrill|Stealth Rock|p1a: Breloom
|-sidestart|p1: TDOG34|move: Stealth Rock
|move|p1a: Breloom|Spore|p2a: Excadrill
|-status|p2a: Excadrill|slp
|
|turn|7
|
|switch|p2a: Thundurus|Thundurus, M|299\/299
|move|p1a: Breloom|Rock Tomb|p2a: Thundurus
|-supereffective|p2a: Thundurus
|-damage|p2a: Thundurus|15\/299
|-unboost|p2a: Thundurus|spe|1
|
|turn|8
|
|move|p1a: Breloom|Mach Punch|p2a: Thundurus
|-resisted|p2a: Thundurus
|-damage|p2a: Thundurus|0 fnt
|faint|p2a: Thundurus
|
|
|switch|p2a: Sylveon|Sylveon, F|259\/394
|turn|9
|
|move|p1a: Breloom|Bullet Seed|p2a: Sylveon
|-damage|p2a: Sylveon|156\/394
|-damage|p2a: Sylveon|56\/394
|-damage|p2a: Sylveon|0 fnt
|-hitcount|p2a: Sylveon|3
|faint|p2a: Sylveon
|
|
|switch|p2a: Gallade|Gallade-Mega, M|175\/278
|turn|10
|
|move|p2a: Gallade|Ice Punch|p1a: Breloom
|-supereffective|p1a: Breloom
|-enditem|p1a: Breloom|Focus Sash
|-damage|p1a: Breloom|1\/261
|move|p1a: Breloom|Rock Tomb|p2a: Gallade
|-resisted|p2a: Gallade
|-damage|p2a: Gallade|119\/278
|-unboost|p2a: Gallade|spe|1
|
|turn|11
|
|switch|p2a: Rotom-Wash|Rotom-Wash|304\/304
|move|p1a: Breloom|Bullet Seed|p2a: Rotom-Wash
|-crit|p2a: Rotom-Wash
|-supereffective|p2a: Rotom-Wash
|-damage|p2a: Rotom-Wash|152\/304
|-crit|p2a: Rotom-Wash
|-supereffective|p2a: Rotom-Wash
|-damage|p2a: Rotom-Wash|8\/304
|-supereffective|p2a: Rotom-Wash
|-damage|p2a: Rotom-Wash|0 fnt
|-hitcount|p2a: Rotom-Wash|3
|faint|p2a: Rotom-Wash
|
|
|switch|p2a: Kyurem-Black|Kyurem-Black|391\/391
|-ability|p2a: Kyurem-Black|Teravolt
|turn|12
|
|move|p1a: Breloom|Mach Punch|p2a: Kyurem-Black
|-supereffective|p2a: Kyurem-Black
|-damage|p2a: Kyurem-Black|185\/391
|move|p2a: Kyurem-Black|Fusion Bolt|p1a: Breloom
|-resisted|p1a: Breloom
|-damage|p1a: Breloom|0 fnt
|faint|p1a: Breloom
|
|-heal|p2a: Kyurem-Black|209\/391|[from] item: Leftovers
|
|switch|p1a: Latios|Latios, M|322\/322
|-damage|p1a: Latios|282\/322|[from] Stealth Rock
|turn|13
|
|switch|p2a: Excadrill|Excadrill, M|361\/361 slp
|-ability|p2a: Excadrill|Mold Breaker
|move|p1a: Latios|Draco Meteor|p2a: Excadrill
|-resisted|p2a: Excadrill
|-damage|p2a: Excadrill|227\/361 slp
|-unboost|p1a: Latios|spa|2
|
|-heal|p1a: Latios|302\/322|[from] item: Leftovers
|turn|14
|
|switch|p2a: Kyurem-Black|Kyurem-Black|209\/391
|-ability|p2a: Kyurem-Black|Teravolt
|switch|p1a: Bisharp|Bisharp, F|271\/271
|-damage|p1a: Bisharp|255\/271|[from] Stealth Rock
|-item|p1a: Bisharp|Air Balloon
|
|-heal|p2a: Kyurem-Black|233\/391|[from] item: Leftovers
|turn|15
|
|move|p1a: Bisharp|Sucker Punch|p2a: Kyurem-Black
|-damage|p2a: Kyurem-Black|92\/391
|move|p2a: Kyurem-Black|Fusion Bolt|p1a: Bisharp
|-damage|p1a: Bisharp|122\/271
|-enditem|p1a: Bisharp|Air Balloon
|
|-heal|p2a: Kyurem-Black|116\/391|[from] item: Leftovers
|turn|16
|
|move|p2a: Kyurem-Black|Roost|p2a: Kyurem-Black
|-heal|p2a: Kyurem-Black|312\/391
|move|p1a: Bisharp|Iron Head|p2a: Kyurem-Black
|-supereffective|p2a: Kyurem-Black
|-damage|p2a: Kyurem-Black|30\/391
|
|-heal|p2a: Kyurem-Black|54\/391|[from] item: Leftovers
|turn|17
|
|move|p1a: Bisharp|Sucker Punch|p2a: Kyurem-Black
|-damage|p2a: Kyurem-Black|0 fnt
|faint|p2a: Kyurem-Black
|
|
|switch|p2a: Gallade|Gallade-Mega, M|119\/278
|turn|18
|
|move|p2a: Gallade|Close Combat|p1a: Bisharp
|-supereffective|p1a: Bisharp
|-damage|p1a: Bisharp|0 fnt
|-unboost|p2a: Gallade|def|1
|-unboost|p2a: Gallade|spd|1
|faint|p1a: Bisharp
|
|
|switch|p1a: Latios|Latios, M|302\/322
|-damage|p1a: Latios|262\/322|[from] Stealth Rock
|turn|19
|
|switch|p2a: Excadrill|Excadrill, M|227\/361 slp
|-ability|p2a: Excadrill|Mold Breaker
|move|p1a: Latios|Psyshock|p2a: Excadrill
|-resisted|p2a: Excadrill
|-damage|p2a: Excadrill|134\/361 slp
|
|-heal|p1a: Latios|282\/322|[from] item: Leftovers
|turn|20
|
|cant|p2a: Excadrill|slp
|move|p1a: Latios|Psyshock|p2a: Excadrill
|-crit|p2a: Excadrill
|-resisted|p2a: Excadrill
|-damage|p2a: Excadrill|0 fnt
|faint|p2a: Excadrill
|
|-heal|p1a: Latios|302\/322|[from] item: Leftovers
|
|switch|p2a: Gallade|Gallade-Mega, M|119\/278
|turn|21
|
|move|p2a: Gallade|Knock Off|p1a: Latios
|-crit|p1a: Latios
|-supereffective|p1a: Latios
|-damage|p1a: Latios|0 fnt
|-enditem|p1a: Latios|Leftovers|[from] move: Knock Off|[of] p2a: Gallade
|faint|p1a: Latios
|
|
|switch|p1a: Thundurus|Thundurus, M, shiny|299\/299
|-damage|p1a: Thundurus|225\/299|[from] Stealth Rock
|turn|22
|
|move|p1a: Thundurus|Thunder Wave|p2a: Gallade
|-status|p2a: Gallade|par
|move|p2a: Gallade|Ice Punch|p1a: Thundurus
|-crit|p1a: Thundurus
|-supereffective|p1a: Thundurus
|-damage|p1a: Thundurus|0 fnt
|faint|p1a: Thundurus
|
|
|switch|p1a: Heracross|Heracross, M, shiny|301\/301
|-damage|p1a: Heracross|264\/301|[from] Stealth Rock
|turn|23
|
|detailschange|p1a: Heracross|Heracross-Mega, M, shiny
|-mega|p1a: Heracross|Heracross|Heracronite
|move|p1a: Heracross|Pin Missile|p2a: Gallade|[miss]
|-miss|p1a: Heracross|p2a: Gallade
|move|p2a: Gallade|Ice Punch|p1a: Heracross
|-damage|p1a: Heracross|169\/301
|-status|p1a: Heracross|frz
|
|turn|24
|c|âIn The Light|wow o.o
|
|cant|p1a: Heracross|frz
|move|p2a: Gallade|Ice Punch|p1a: Heracross
|-crit|p1a: Heracross
|-damage|p1a: Heracross|25\/301 frz
|
|turn|25
|
|cant|p1a: Heracross|frz
|move|p2a: Gallade|Ice Punch|p1a: Heracross
|-damage|p1a: Heracross|0 fnt
|faint|p1a: Heracross
|
|win|In The Light
|raw|Ladder updating...
|raw|TDOG34's rating: 1456 &rarr; <strong>1434<\/strong><br \/>(-22 for losing)
|raw|In The Light's rating: 1416 &rarr; <strong>1438<\/strong><br \/>(+22 for winning)
|c|âIn The Light|the hax...
|c|âIn The Light|i love him
|c|âIn The Light|gg
|c|âTDOG34|...