|join|TDOG34
|join|mr Wano
|player|p1|TDOG34|220
|player|p2|mr Wano|102
|gametype|singles
|gen|6
|tier|OU (suspect test)
|rated
|clearpoke
|poke|p1|Metagross, shiny
|poke|p1|Suicune
|poke|p1|Breloom, M
|poke|p1|Rotom-Wash
|poke|p1|Latias, F
|poke|p1|Mamoswine, F
|poke|p2|Thundurus, M
|poke|p2|Landorus, M
|poke|p2|Scizor, M
|poke|p2|Tornadus-Therian, M
|poke|p2|Talonflame, F
|poke|p2|Heatran, M
|rule|Swagger Clause: Swagger is banned
|rule|Baton Pass Clause: Limit one PokÃ©mon knowing Baton Pass
|rule|Sleep Clause Mod: Limit one foe put to sleep
|rule|Species Clause: Limit one of each PokÃ©mon
|rule|OHKO Clause: OHKO moves are banned
|rule|Moody Clause: Moody is banned
|rule|Evasion Moves Clause: Evasion moves are banned
|rule|Endless Battle Clause: Forcing endless battles is banned
|rule|HP Percentage Mod: HP is shown in percentages
|teampreview
|
|start
|switch|p1a: Rotom-Wash|Rotom-Wash|303\/303
|switch|p2a: Scizor|Scizor, M|344\/344
|turn|1
|
|switch|p2a: Heatran|Heatran, M|385\/385
|move|p1a: Rotom-Wash|Volt Switch|p2a: Heatran
|-damage|p2a: Heatran|325\/385
|
|switch|p1a: Mamoswine|Mamoswine, F|361\/361
|
|-heal|p2a: Heatran|349\/385|[from] item: Leftovers
|turn|2
|
|switch|p2a: Scizor|Scizor, M|344\/344
|move|p1a: Mamoswine|Stealth Rock|p2a: Scizor
|-sidestart|p2: mr Wano|move: Stealth Rock
|
|turn|3
|
|switch|p1a: Suicune|Suicune|403\/403
|-ability|p1a: Suicune|Pressure
|detailschange|p2a: Scizor|Scizor-Mega, M
|-mega|p2a: Scizor|Scizor|Scizorite
|move|p2a: Scizor|Defog|p1a: Suicune
|-unboost|p1a: Suicune|evasion|1
|-sideend|p2: mr Wano|Stealth Rock|[from] move: Defog|[of] p2a: Scizor
|
|turn|4
|
|move|p1a: Suicune|Scald|p2a: Scizor
|-damage|p2a: Scizor|236\/344
|move|p2a: Scizor|U-turn|p1a: Suicune
|-damage|p1a: Suicune|313\/403
|
|switch|p2a: Tornadus-Therian|Tornadus-Therian, M|332\/332
|
|-heal|p1a: Suicune|338\/403|[from] item: Leftovers
|turn|5
|
|move|p2a: Tornadus-Therian|Knock Off|p1a: Suicune
|-damage|p1a: Suicune|281\/403
|-enditem|p1a: Suicune|Leftovers|[from] move: Knock Off|[of] p2a: Tornadus-Therian
|move|p1a: Suicune|Scald|p2a: Tornadus-Therian
|-damage|p2a: Tornadus-Therian|250\/332
|
|turn|6
|
|move|p2a: Tornadus-Therian|U-turn|p1a: Suicune
|-damage|p1a: Suicune|239\/403
|
|switch|p2a: Heatran|Heatran, M|349\/385
|move|p1a: Suicune|Calm Mind|p1a: Suicune
|-boost|p1a: Suicune|spa|1
|-boost|p1a: Suicune|spd|1
|
|-heal|p2a: Heatran|373\/385|[from] item: Leftovers
|turn|7
|
|move|p2a: Heatran|Stealth Rock|p1a: Suicune
|-sidestart|p1: TDOG34|move: Stealth Rock
|move|p1a: Suicune|Scald|p2a: Heatran
|-supereffective|p2a: Heatran
|-damage|p2a: Heatran|127\/385
|
|-heal|p2a: Heatran|151\/385|[from] item: Leftovers
|turn|8
|
|switch|p2a: Thundurus|Thundurus, M|299\/299
|move|p1a: Suicune|Scald|p2a: Thundurus
|-damage|p2a: Thundurus|103\/299
|
|turn|9
|
|switch|p1a: Mamoswine|Mamoswine, F|361\/361
|-damage|p1a: Mamoswine|316\/361|[from] Stealth Rock
|move|p2a: Thundurus|Thunderbolt|p1a: Mamoswine
|-immune|p1a: Mamoswine|[msg]
|
|turn|10
|
|move|p2a: Thundurus|Focus Blast|p1a: Mamoswine
|-supereffective|p1a: Mamoswine
|-damage|p1a: Mamoswine|0 fnt
|-damage|p2a: Thundurus|74\/299|[from] item: Life Orb
|faint|p1a: Mamoswine
|
|
|switch|p1a: Latias|Latias, F|301\/301
|-damage|p1a: Latias|264\/301|[from] Stealth Rock
|turn|11
|
|move|p2a: Thundurus|Nasty Plot|p2a: Thundurus
|-boost|p2a: Thundurus|spa|2
|move|p1a: Latias|Psyshock|p2a: Thundurus
|-damage|p2a: Thundurus|0 fnt
|-damage|p1a: Latias|234\/301|[from] item: Life Orb
|faint|p2a: Thundurus
|
|
|switch|p2a: Tornadus-Therian|Tornadus-Therian, M|332\/332
|turn|12
|
|switch|p1a: Rotom-Wash|Rotom-Wash|303\/303
|-damage|p1a: Rotom-Wash|266\/303|[from] Stealth Rock
|move|p2a: Tornadus-Therian|Knock Off|p1a: Rotom-Wash
|-damage|p1a: Rotom-Wash|221\/303
|-enditem|p1a: Rotom-Wash|Choice Scarf|[from] move: Knock Off|[of] p2a: Tornadus-Therian
|
|turn|13
|
|move|p2a: Tornadus-Therian|U-turn|p1a: Rotom-Wash
|-damage|p1a: Rotom-Wash|183\/303
|
|switch|p2a: Heatran|Heatran, M|151\/385
|move|p1a: Rotom-Wash|Hydro Pump|p2a: Heatran|[miss]
|-miss|p1a: Rotom-Wash|p2a: Heatran
|
|-heal|p2a: Heatran|175\/385|[from] item: Leftovers
|turn|14
|
|switch|p2a: Tornadus-Therian|Tornadus-Therian, M|332\/332
|move|p1a: Rotom-Wash|Hydro Pump|p2a: Tornadus-Therian
|-damage|p2a: Tornadus-Therian|238\/332
|
|turn|15
|
|move|p2a: Tornadus-Therian|Focus Blast|p1a: Rotom-Wash
|-damage|p1a: Rotom-Wash|76\/303
|move|p1a: Rotom-Wash|Will-O-Wisp|p2a: Tornadus-Therian
|-status|p2a: Tornadus-Therian|brn
|
|-damage|p2a: Tornadus-Therian|197\/332 brn|[from] brn
|turn|16
|
|switch|p1a: Latias|Latias, F|234\/301
|-damage|p1a: Latias|197\/301|[from] Stealth Rock
|move|p2a: Tornadus-Therian|Focus Blast|p1a: Latias
|-resisted|p1a: Latias
|-damage|p1a: Latias|153\/301
|
|-damage|p2a: Tornadus-Therian|156\/332 brn|[from] brn
|turn|17
|
|move|p2a: Tornadus-Therian|Hurricane|p1a: Latias
|-damage|p1a: Latias|17\/301
|move|p1a: Latias|Defog|p2a: Tornadus-Therian
|-unboost|p2a: Tornadus-Therian|evasion|1
|-sideend|p1: TDOG34|Stealth Rock|[from] move: Defog|[of] p1a: Latias
|
|-damage|p2a: Tornadus-Therian|115\/332 brn|[from] brn
|turn|18
|
|switch|p1a: Metagross|Metagross, shiny|302\/302
|move|p2a: Tornadus-Therian|U-turn|p1a: Metagross
|-damage|p1a: Metagross|282\/302
|
|switch|p2a: Landorus|Landorus, M|319\/319
|
|turn|19
|
|detailschange|p1a: Metagross|Metagross-Mega, shiny
|-mega|p1a: Metagross|Metagross|Metagrossite
|move|p2a: Landorus|Earth Power|p1a: Metagross
|-supereffective|p1a: Metagross
|-damage|p1a: Metagross|0 fnt
|faint|p1a: Metagross
|
|
|switch|p1a: Breloom|Breloom, M|261\/261
|turn|20
|
|switch|p2a: Tornadus-Therian|Tornadus-Therian, M|225\/332 brn
|move|p1a: Breloom|Spore|p2a: Tornadus-Therian
|-fail|p2a: Tornadus-Therian
|
|-damage|p2a: Tornadus-Therian|184\/332 brn|[from] brn
|turn|21
|
|switch|p1a: Rotom-Wash|Rotom-Wash|76\/303
|move|p2a: Tornadus-Therian|U-turn|p1a: Rotom-Wash
|-damage|p1a: Rotom-Wash|57\/303
|
|switch|p2a: Heatran|Heatran, M|175\/385
|
|-heal|p2a: Heatran|199\/385|[from] item: Leftovers
|turn|22
|
|move|p1a: Rotom-Wash|Hydro Pump|p2a: Heatran
|-supereffective|p2a: Heatran
|-damage|p2a: Heatran|1\/385
|move|p2a: Heatran|Stealth Rock|p1a: Rotom-Wash
|-sidestart|p1: TDOG34|move: Stealth Rock
|
|-heal|p2a: Heatran|25\/385|[from] item: Leftovers
|turn|23
|
|move|p1a: Rotom-Wash|Volt Switch|p2a: Heatran
|-crit|p2a: Heatran
|-damage|p2a: Heatran|0 fnt
|faint|p2a: Heatran
|
|switch|p1a: Latias|Latias, F|17\/301
|-damage|p1a: Latias|0 fnt|[from] Stealth Rock
|faint|p1a: Latias
|
|
|switch|p2a: Landorus|Landorus, M|319\/319
|switch|p1a: Rotom-Wash|Rotom-Wash|57\/303
|-damage|p1a: Rotom-Wash|20\/303|[from] Stealth Rock
|turn|24
|
|move|p2a: Landorus|Psychic|p1a: Rotom-Wash
|-crit|p1a: Rotom-Wash
|-damage|p1a: Rotom-Wash|0 fnt
|faint|p1a: Rotom-Wash
|
|
|switch|p1a: Suicune|Suicune|239\/403
|-damage|p1a: Suicune|189\/403|[from] Stealth Rock
|-ability|p1a: Suicune|Pressure
|turn|25
|
|move|p2a: Landorus|Earth Power|p1a: Suicune
|-damage|p1a: Suicune|0 fnt
|faint|p1a: Suicune
|
|-message|TDOG34 forfeited.
|leave|TDOG34
|c|âmr Wano|gg
|
|win|mr Wano
|raw|Ladder updating...
|player|p1
|raw|TDOG34's rating: 1396 &rarr; <strong>1371<\/strong><br \/>(-25 for losing)
|raw|mr Wano's rating: 1319 &rarr; <strong>1343<\/strong><br \/>(+24 for winning)