|join|PissedOffToad
|join|TDOG34
|player|p1|PissedOffToad|102
|player|p2|TDOG34|220
|gametype|singles
|gen|6
|tier|OU (suspect test)
|rated
|clearpoke
|poke|p1|Conkeldurr, M
|poke|p1|Landorus-Therian, M
|poke|p1|Metagross
|poke|p1|Starmie
|poke|p1|Thundurus, M
|poke|p1|Volcarona, M
|poke|p2|Heracross, F, shiny
|poke|p2|Rotom-Wash
|poke|p2|Mamoswine, M
|poke|p2|Talonflame, M
|poke|p2|Ferrothorn, M
|poke|p2|Latias, F
|rule|Swagger Clause: Swagger is banned
|rule|Baton Pass Clause: Limit one PokÃ©mon knowing Baton Pass
|rule|Sleep Clause Mod: Limit one foe put to sleep
|rule|Species Clause: Limit one of each PokÃ©mon
|rule|OHKO Clause: OHKO moves are banned
|rule|Moody Clause: Moody is banned
|rule|Evasion Moves Clause: Evasion moves are banned
|rule|Endless Battle Clause: Forcing endless battles is banned
|rule|HP Percentage Mod: HP is shown in percentages
|teampreview
|
|start
|switch|p1a: Starmie|Starmie|261\/261
|switch|p2a: Mamoswine|Mamoswine, M|423\/423
|turn|1
|
|move|p1a: Starmie|Hydro Pump|p2a: Mamoswine
|-supereffective|p2a: Mamoswine
|-damage|p2a: Mamoswine|0 fnt
|faint|p2a: Mamoswine
|
|
|switch|p2a: Rotom-Wash|Rotom-Wash|303\/303
|turn|2
|
|switch|p1a: Landorus-Therian|Landorus-Therian, M|319\/319
|-ability|p1a: Landorus-Therian|Intimidate|[of] p2a: Rotom-Wash
|-unboost|p2a: Rotom-Wash|atk|1
|move|p2a: Rotom-Wash|Volt Switch|p1a: Landorus-Therian
|-immune|p1a: Landorus-Therian|[msg]
|
|turn|3
|
|move|p1a: Landorus-Therian|U-turn|p2a: Rotom-Wash
|-damage|p2a: Rotom-Wash|230\/303
|
|switch|p1a: Conkeldurr|Conkeldurr, M|413\/413
|move|p2a: Rotom-Wash|Will-O-Wisp|p1a: Conkeldurr
|-status|p1a: Conkeldurr|brn
|
|-heal|p2a: Rotom-Wash|248\/303|[from] item: Leftovers
|-damage|p1a: Conkeldurr|362\/413 brn|[from] brn
|turn|4
|
|move|p2a: Rotom-Wash|Volt Switch|p1a: Conkeldurr
|-damage|p1a: Conkeldurr|277\/413 brn
|
|switch|p2a: Ferrothorn|Ferrothorn, M|352\/352
|move|p1a: Conkeldurr|Knock Off|p2a: Ferrothorn
|-damage|p2a: Ferrothorn|235\/352
|-damage|p1a: Conkeldurr|226\/413 brn|[from] ability: Iron Barbs|[of] p2a: Ferrothorn
|-enditem|p2a: Ferrothorn|Shed Shell|[from] move: Knock Off|[of] p1a: Conkeldurr
|
|-damage|p1a: Conkeldurr|175\/413 brn|[from] brn
|turn|5
|
|move|p1a: Conkeldurr|Drain Punch|p2a: Ferrothorn
|-supereffective|p2a: Ferrothorn
|-damage|p2a: Ferrothorn|0 fnt
|-heal|p1a: Conkeldurr|293\/413 brn|[from] drain|[of] p2a: Ferrothorn
|-damage|p1a: Conkeldurr|242\/413 brn|[from] ability: Iron Barbs|[of] p2a: Ferrothorn
|faint|p2a: Ferrothorn
|
|-damage|p1a: Conkeldurr|191\/413 brn|[from] brn
|
|switch|p2a: Heracross|Heracross, F, shiny|301\/301
|turn|6
|
|detailschange|p2a: Heracross|Heracross-Mega, F, shiny
|-mega|p2a: Heracross|Heracross|Heracronite
|move|p2a: Heracross|Swords Dance|p2a: Heracross
|-boost|p2a: Heracross|atk|2
|move|p1a: Conkeldurr|Ice Punch|p2a: Heracross
|-damage|p2a: Heracross|154\/301
|
|-damage|p1a: Conkeldurr|140\/413 brn|[from] brn
|turn|7
|
|move|p1a: Conkeldurr|Mach Punch|p2a: Heracross
|-resisted|p2a: Heracross
|-damage|p2a: Heracross|103\/301
|move|p2a: Heracross|Rock Blast|p1a: Conkeldurr
|-resisted|p1a: Conkeldurr
|-damage|p1a: Conkeldurr|95\/413 brn
|-resisted|p1a: Conkeldurr
|-damage|p1a: Conkeldurr|49\/413 brn
|-resisted|p1a: Conkeldurr
|-damage|p1a: Conkeldurr|1\/413 brn
|-crit|p1a: Conkeldurr
|-resisted|p1a: Conkeldurr
|-damage|p1a: Conkeldurr|0 fnt
|-hitcount|p1a: Conkeldurr|4
|faint|p1a: Conkeldurr
|
|
|switch|p1a: Thundurus|Thundurus, M|299\/299
|turn|8
|
|switch|p2a: Latias|Latias, F|364\/364
|move|p1a: Thundurus|Incinerate|p2a: Latias
|-resisted|p2a: Latias
|-damage|p2a: Latias|326\/364
|-damage|p1a: Thundurus|270\/299|[from] item: Life Orb
|
|turn|9
|join|bruh im ready
|
|move|p1a: Thundurus|Nasty Plot|p1a: Thundurus
|-boost|p1a: Thundurus|spa|2
|move|p2a: Latias|Light Screen|p2a: Latias
|-sidestart|p2: TDOG34|move: Light Screen
|
|turn|10
|
|move|p1a: Thundurus|Nasty Plot|p1a: Thundurus
|-boost|p1a: Thundurus|spa|2
|move|p2a: Latias|Draco Meteor|p1a: Thundurus|[miss]
|-miss|p2a: Latias|p1a: Thundurus
|
|turn|11
|
|move|p1a: Thundurus|Hidden Power|p2a: Latias
|-supereffective|p2a: Latias
|-damage|p2a: Latias|127\/364
|-damage|p1a: Thundurus|241\/299|[from] item: Life Orb
|move|p2a: Latias|Draco Meteor|p1a: Thundurus
|-damage|p1a: Thundurus|30\/299
|-unboost|p2a: Latias|spa|2
|
|turn|12
|
|switch|p2a: Rotom-Wash|Rotom-Wash|248\/303
|move|p1a: Thundurus|Thunderbolt|p2a: Rotom-Wash
|-damage|p2a: Rotom-Wash|0 fnt
|-damage|p1a: Thundurus|1\/299|[from] item: Life Orb
|faint|p2a: Rotom-Wash
|
|
|switch|p2a: Talonflame|Talonflame, M|327\/327
|turn|13
|
|move|p2a: Talonflame|U-turn|p1a: Thundurus
|-resisted|p1a: Thundurus
|-damage|p1a: Thundurus|0 fnt
|faint|p1a: Thundurus
|
|switch|p2a: Latias|Latias, F|127\/364
|
|
|switch|p1a: Landorus-Therian|Landorus-Therian, M|319\/319
|-ability|p1a: Landorus-Therian|Intimidate|[of] p2a: Latias
|-unboost|p2a: Latias|atk|1
|turn|14
|
|move|p1a: Landorus-Therian|Stone Edge|p2a: Latias
|-damage|p2a: Latias|0 fnt
|faint|p2a: Latias
|
|
|switch|p2a: Heracross|Heracross-Mega, F, shiny|103\/301
|turn|15
|
|move|p1a: Landorus-Therian|Stone Edge|p2a: Heracross
|-damage|p2a: Heracross|0 fnt
|faint|p2a: Heracross
|
|
|switch|p2a: Talonflame|Talonflame, M|327\/327
|turn|16
|
|switch|p1a: Metagross|Metagross|301\/301
|move|p2a: Talonflame|Flare Blitz|p1a: Metagross
|-supereffective|p1a: Metagross
|-damage|p1a: Metagross|61\/301
|-damage|p2a: Talonflame|248\/327|[from] recoil|[of] p1a: Metagross
|
|-heal|p2a: Talonflame|268\/327|[from] item: Leftovers
|-sideend|p2: TDOG34|move: Light Screen
|turn|17
|
|detailschange|p1a: Metagross|Metagross-Mega
|-mega|p1a: Metagross|Metagross|Metagrossite
|move|p1a: Metagross|Bullet Punch|p2a: Talonflame
|-resisted|p2a: Talonflame
|-damage|p2a: Talonflame|193\/327
|move|p2a: Talonflame|Flare Blitz|p1a: Metagross
|-supereffective|p1a: Metagross
|-damage|p1a: Metagross|0 fnt
|-damage|p2a: Talonflame|173\/327|[from] recoil|[of] p1a: Metagross
|faint|p1a: Metagross
|
|-heal|p2a: Talonflame|193\/327|[from] item: Leftovers
|
|switch|p1a: Starmie|Starmie|261\/261
|turn|18
|
|move|p2a: Talonflame|Brave Bird|p1a: Starmie
|-damage|p1a: Starmie|93\/261
|-damage|p2a: Talonflame|138\/327|[from] recoil|[of] p1a: Starmie
|move|p1a: Starmie|Hydro Pump|p2a: Talonflame
|-supereffective|p2a: Talonflame
|-damage|p2a: Talonflame|0 fnt
|faint|p2a: Talonflame
|
|win|PissedOffToad
|raw|Ladder updating...
|raw|PissedOffToad's rating: 1156 &rarr; <strong>1182<\/strong><br \/>(+26 for winning)
|raw|TDOG34's rating: 1171 &rarr; <strong>1145<\/strong><br \/>(-26 for losing)
|leave|TDOG34
|player|p2
|leave|PissedOffToad
|player|p1