|join|Monster 87
|join|TDOG34
|player|p1|Monster 87|102
|player|p2|TDOG34|220
|gametype|singles
|gen|6
|tier|OU (suspect test)
|rated
|clearpoke
|poke|p1|Rapidash, F, shiny
|poke|p1|Latias, F
|poke|p1|Hippowdon, M
|poke|p1|Starmie
|poke|p1|Chesnaught, M
|poke|p1|Klefki, F
|poke|p2|Metagross, shiny
|poke|p2|Suicune
|poke|p2|Breloom, F
|poke|p2|Rotom-Wash
|poke|p2|Latias, F
|poke|p2|Mamoswine, M
|rule|Swagger Clause: Swagger is banned
|rule|Baton Pass Clause: Limit one PokÃ©mon knowing Baton Pass
|rule|Sleep Clause Mod: Limit one foe put to sleep
|rule|Species Clause: Limit one of each PokÃ©mon
|rule|OHKO Clause: OHKO moves are banned
|rule|Moody Clause: Moody is banned
|rule|Evasion Moves Clause: Evasion moves are banned
|rule|Endless Battle Clause: Forcing endless battles is banned
|rule|HP Percentage Mod: HP is shown in percentages
|teampreview
|c|âTDOG34|hmmm, i like it
|
|start
|switch|p1a: Hazards|Starmie|323\/323
|switch|p2a: Rotom-Wash|Rotom-Wash|303\/303
|turn|1
|
|switch|p1a: Yum|Hippowdon, M|419\/419
|move|p2a: Rotom-Wash|Trick|p1a: Yum
|-activate|p2a: Rotom-Wash|move: Trick|[of] p1a: Yum
|-item|p1a: Yum|Choice Scarf|[from] move: Trick
|-item|p2a: Rotom-Wash|Leftovers|[from] move: Trick
|
|turn|2
|
|move|p2a: Rotom-Wash|Will-O-Wisp|p1a: Yum
|-status|p1a: Yum|brn
|move|p1a: Yum|Stealth Rock|p2a: Rotom-Wash
|-sidestart|p2: TDOG34|move: Stealth Rock
|
|-damage|p1a: Yum|367\/419 brn|[from] brn
|turn|3
|
|switch|p1a: Silver Fantasy|Rapidash, F, shiny|271\/271
|move|p2a: Rotom-Wash|Hydro Pump|p1a: Silver Fantasy
|-supereffective|p1a: Silver Fantasy
|-damage|p1a: Silver Fantasy|0 fnt
|faint|p1a: Silver Fantasy
|
|
|switch|p1a: Nice Nuts|Chesnaught, M|316\/316
|turn|4
|
|move|p1a: Nice Nuts|Substitute|p1a: Nice Nuts
|-start|p1a: Nice Nuts|Substitute
|-damage|p1a: Nice Nuts|237\/316
|move|p2a: Rotom-Wash|Will-O-Wisp|p1a: Nice Nuts
|
|turn|5
|
|switch|p2a: Latias|Latias, F|301\/301
|-damage|p2a: Latias|264\/301|[from] Stealth Rock
|move|p1a: Nice Nuts|Belly Drum|p1a: Nice Nuts
|-damage|p1a: Nice Nuts|79\/316
|-setboost|p1a: Nice Nuts|atk|6|[from] move: Belly Drum
|-enditem|p1a: Nice Nuts|Salac Berry|[eat]
|-boost|p1a: Nice Nuts|spe|1|[from] item: Salac Berry
|
|turn|6
|
|move|p1a: Nice Nuts|Drain Punch|p2a: Latias
|-resisted|p2a: Latias
|-damage|p2a: Latias|28\/301
|-heal|p1a: Nice Nuts|197\/316|[from] drain|[of] p2a: Latias
|move|p2a: Latias|Psyshock|p1a: Nice Nuts
|-supereffective|p1a: Nice Nuts
|-end|p1a: Nice Nuts|Substitute
|-damage|p2a: Latias|0 fnt|[from] item: Life Orb
|faint|p2a: Latias
|
|
|switch|p2a: Metagross|Metagross, shiny|302\/302
|-damage|p2a: Metagross|284\/302|[from] Stealth Rock
|turn|7
|
|detailschange|p2a: Metagross|Metagross-Mega, shiny
|-mega|p2a: Metagross|Metagross|Metagrossite
|move|p1a: Nice Nuts|Drain Punch|p2a: Metagross
|-damage|p2a: Metagross|0 fnt
|-heal|p1a: Nice Nuts|316\/316|[from] drain|[of] p2a: Metagross
|faint|p2a: Metagross
|
|
|switch|p2a: Mamoswine|Mamoswine, M|361\/361
|-damage|p2a: Mamoswine|316\/361|[from] Stealth Rock
|turn|8
|
|move|p1a: Nice Nuts|Drain Punch|p2a: Mamoswine
|-supereffective|p2a: Mamoswine
|-damage|p2a: Mamoswine|0 fnt
|faint|p2a: Mamoswine
|
|-message|TDOG34 forfeited.
|leave|TDOG34
|
|win|Monster 87
|raw|Ladder updating...
|player|p2