|join|Flamebot
|join|Cumown
|player|p1|Flamebot|170
|player|p2|Cumown|80
|gametype|singles
|gen|6
|tier|OU
|rated
|clearpoke
|poke|p1|Vaporeon, M
|poke|p1|Espeon, M
|poke|p1|Scolipede, M
|poke|p1|Sylveon, F
|poke|p1|Zapdos
|poke|p1|Smeargle, M
|poke|p2|Skarmory, F, shiny
|poke|p2|Chansey, F
|poke|p2|Venusaur, M
|poke|p2|Quagsire, M
|poke|p2|Mienshao, M
|poke|p2|Starmie
|rule|Sleep Clause Mod: Limit one foe put to sleep
|rule|Species Clause: Limit one of each Pokemon
|rule|OHKO Clause: OHKO moves are banned
|rule|Moody Clause: Moody is banned
|rule|Evasion Moves Clause: Evasion moves are banned
|rule|Endless Battle Clause: Forcing endless battles is banned.
|rule|HP Percentage Mod: HP is reported as percentages
|teampreview
|
|start
|switch|p1a: Zapdos|Zapdos|322\/322
|switch|p2a: Junior|Mienshao, M|271\/271
|-ability|p1a: Zapdos|Pressure
|turn|1
|
|move|p2a: Junior|Fake Out|p1a: Zapdos
|-damage|p1a: Zapdos|273\/322
|-damage|p2a: Junior|244\/271|[from] item: Life Orb
|cant|p1a: Zapdos|flinch
|
|-heal|p1a: Zapdos|293\/322|[from] item: Leftovers
|turn|2
|
|move|p2a: Junior|Stone Edge|p1a: Zapdos
|-supereffective|p1a: Zapdos
|-damage|p1a: Zapdos|41\/322
|-damage|p2a: Junior|217\/271|[from] item: Life Orb
|move|p1a: Zapdos|Thunderbolt|p2a: Junior
|-damage|p2a: Junior|0 fnt
|faint|p2a: Junior
|
|-heal|p1a: Zapdos|61\/322|[from] item: Leftovers
|
|switch|p2a: Crocy|Starmie|323\/323
|turn|3
|
|move|p2a: Crocy|Psyshock|p1a: Zapdos
|-damage|p1a: Zapdos|0 fnt
|faint|p1a: Zapdos
|
|
|switch|p1a: Smearg|Smeargle, M|314\/314
|turn|4
|
|move|p2a: Crocy|Scald|p1a: Smearg
|-damage|p1a: Smearg|124\/314
|move|p1a: Smearg|Quiver Dance|p1a: Smearg
|-boost|p1a: Smearg|spa|1
|-boost|p1a: Smearg|spd|1
|-boost|p1a: Smearg|spe|1
|
|turn|5
|
|move|p1a: Smearg|Spore|p2a: Crocy
|-status|p2a: Crocy|slp
|cant|p2a: Crocy|slp
|
|turn|6
|
|switch|p2a: Turts|Quagsire, M|393\/393
|move|p1a: Smearg|Ingrain|p1a: Smearg
|-start|p1a: Smearg|move: Ingrain
|
|-heal|p1a: Smearg|143\/314|[from] Ingrain
|turn|7
|
|switch|p2a: Gecky|Venusaur, M|363\/363
|move|p1a: Smearg|Baton Pass|p1a: Smearg
|
|switch|p1a: Espeon|Espeon, M|334\/334
|
|turn|8
|
|switch|p2a: Turts|Quagsire, M|393\/393
|move|p1a: Espeon|Calm Mind|p1a: Espeon
|-boost|p1a: Espeon|spa|1
|-boost|p1a: Espeon|spd|1
|
|turn|9
|
|move|p1a: Espeon|Calm Mind|p1a: Espeon
|-boost|p1a: Espeon|spa|1
|-boost|p1a: Espeon|spd|1
|move|p2a: Turts|Haze|p2a: Turts
|-clearallboost
|
|turn|10
|
|move|p1a: Espeon|Baton Pass|p1a: Espeon
|
|switch|p1a: Vaporeon|Vaporeon, M|463\/463
|move|p2a: Turts|Scald|p1a: Vaporeon
|-immune|p1a: Vaporeon|[msg]
|
|turn|11
|
|move|p1a: Vaporeon|Substitute|p1a: Vaporeon
|-start|p1a: Vaporeon|Substitute
|-damage|p1a: Vaporeon|348\/463
|move|p2a: Turts|Toxic|p1a: Vaporeon
|
|-heal|p1a: Vaporeon|376\/463|[from] item: Leftovers
|-heal|p1a: Vaporeon|404\/463|[from] Ingrain
|turn|12
|
|switch|p2a: Gecky|Venusaur, M|363\/363
|move|p1a: Vaporeon|Baton Pass|p1a: Vaporeon
|
|switch|p1a: Scolipede|Scolipede, M|307\/307
|
|turn|13
|
|-formechange|p2a: Gecky|Venusaur-Mega
|message|Venusaur has Mega Evolved into Mega Venusaur!
|move|p1a: Scolipede|Iron Defense|p1a: Scolipede
|-boost|p1a: Scolipede|def|2
|move|p2a: Gecky|Sludge Bomb|p1a: Scolipede
|-resisted|p1a: Scolipede
|-activate|p1a: Scolipede|Substitute|[damage]
|
|-boost|p1a: Scolipede|spe|1|[from] ability: Speed Boost
|turn|14
|
|switch|p2a: Turts|Quagsire, M|393\/393
|move|p1a: Scolipede|Iron Defense|p1a: Scolipede
|-boost|p1a: Scolipede|def|2
|
|-boost|p1a: Scolipede|spe|1|[from] ability: Speed Boost
|turn|15
|
|move|p1a: Scolipede|Protect|p1a: Scolipede
|-singleturn|p1a: Scolipede|Protect
|move|p2a: Turts|Haze|p2a: Turts
|-clearallboost
|
|-boost|p1a: Scolipede|spe|1|[from] ability: Speed Boost
|turn|16
|
|move|p1a: Scolipede|Baton Pass|p1a: Scolipede
|
|switch|p1a: Espeon|Espeon, M|334\/334
|move|p2a: Turts|Scald|p1a: Espeon
|-end|p1a: Espeon|Substitute
|
|turn|17
|
|move|p1a: Espeon|Hidden Power|p2a: Turts
|-damage|p2a: Turts|313\/393
|move|p2a: Turts|Scald|p1a: Espeon
|-damage|p1a: Espeon|268\/334
|
|-heal|p1a: Espeon|288\/334|[from] item: Leftovers
|-heal|p2a: Turts|337\/393|[from] item: Leftovers
|-heal|p1a: Espeon|308\/334|[from] Ingrain
|turn|18
|
|move|p1a: Espeon|Calm Mind|p1a: Espeon
|-boost|p1a: Espeon|spa|1
|-boost|p1a: Espeon|spd|1
|move|p2a: Turts|Scald|p1a: Espeon
|-damage|p1a: Espeon|235\/334
|
|-heal|p1a: Espeon|255\/334|[from] item: Leftovers
|-heal|p2a: Turts|361\/393|[from] item: Leftovers
|-heal|p1a: Espeon|275\/334|[from] Ingrain
|turn|19
|
|move|p1a: Espeon|Stored Power|p2a: Turts
|-crit|p2a: Turts
|-damage|p2a: Turts|91\/393
|move|p2a: Turts|Haze|p2a: Turts
|-clearallboost
|
|-heal|p1a: Espeon|295\/334|[from] item: Leftovers
|-heal|p2a: Turts|115\/393|[from] item: Leftovers
|-heal|p1a: Espeon|315\/334|[from] Ingrain
|turn|20
|
|move|p1a: Espeon|Hidden Power|p2a: Turts
|-damage|p2a: Turts|34\/393
|move|p2a: Turts|Recover|p2a: Turts
|-heal|p2a: Turts|231\/393
|
|-heal|p1a: Espeon|334\/334|[from] item: Leftovers
|-heal|p2a: Turts|255\/393|[from] item: Leftovers
|turn|21
|-message|Flamebot forfeited.
|
|win|Cumown
|raw|Ladder updating...
|leave|Flamebot
|player|p1
|raw|Flamebot's rating: 1583 &rarr; <strong>1568<\/strong><br \/>(-15 for losing)
|raw|Cumown's rating: 1670 &rarr; <strong>1685<\/strong><br \/>(+15 for winning)