|join|Cumown
|join|manu123 sabtu
|player|p1|Cumown|80
|player|p2|manu123 sabtu|233
|gametype|singles
|gen|6
|tier|OU
|rated
|clearpoke
|poke|p1|Skarmory, M, shiny
|poke|p1|Chansey, F
|poke|p1|Venusaur, M
|poke|p1|Quagsire, M
|poke|p1|Gliscor, M
|poke|p1|Magnezone
|poke|p2|Azumarill, F
|poke|p2|Ferrothorn, F
|poke|p2|Heatran, F
|poke|p2|Garchomp, M
|poke|p2|Deoxys-Speed
|poke|p2|Latias, F
|rule|Sleep Clause Mod: Limit one foe put to sleep
|rule|Species Clause: Limit one of each Pokemon
|rule|OHKO Clause: OHKO moves are banned
|rule|Moody Clause: Moody is banned
|rule|Evasion Moves Clause: Evasion moves are banned
|rule|Endless Battle Clause: Forcing endless battles is banned.
|rule|HP Percentage Mod: HP is reported as percentages
|teampreview
|
|start
|switch|p1a: Gecky|Gliscor, M|352\/352
|switch|p2a: Air Tran|Heatran, F|383\/383
|-item|p2a: Air Tran|Air Balloon
|turn|1
|
|switch|p1a: Mellow|Chansey, F|703\/703
|move|p2a: Air Tran|Stealth Rock|p1a: Mellow
|-sidestart|p1: Cumown|move: Stealth Rock
|
|turn|2
|
|switch|p2a: SD Chomp|Garchomp, M|358\/358
|move|p1a: Mellow|Stealth Rock|p2a: SD Chomp
|-sidestart|p2: manu123 sabtu|move: Stealth Rock
|
|turn|3
|
|switch|p2a: Air Tran|Heatran, F|383\/383
|-damage|p2a: Air Tran|336\/383|[from] Stealth Rock
|-item|p2a: Air Tran|Air Balloon
|switch|p1a: Turts|Quagsire, M|393\/393
|-damage|p1a: Turts|369\/393|[from] Stealth Rock
|
|-heal|p1a: Turts|393\/393|[from] item: Leftovers
|turn|4
|
|switch|p2a: Focus Blast Magnet|Ferrothorn, F|352\/352
|-damage|p2a: Focus Blast Magnet|330\/352|[from] Stealth Rock
|move|p1a: Turts|Scald|p2a: Focus Blast Magnet
|-resisted|p2a: Focus Blast Magnet
|-damage|p2a: Focus Blast Magnet|302\/352
|
|-heal|p2a: Focus Blast Magnet|324\/352|[from] item: Leftovers
|turn|5
|
|switch|p1a: Crocy|Magnezone|324\/324
|-damage|p1a: Crocy|304\/324|[from] Stealth Rock
|switch|p2a: Defog|Latias, F|302\/302
|-damage|p2a: Defog|265\/302|[from] Stealth Rock
|
|-heal|p2a: Defog|283\/302|[from] item: Leftovers
|turn|6
|
|switch|p1a: Mellow|Chansey, F|703\/703
|-damage|p1a: Mellow|616\/703|[from] Stealth Rock
|move|p2a: Defog|Psyshock|p1a: Mellow
|-damage|p1a: Mellow|448\/703
|
|-heal|p2a: Defog|301\/302|[from] item: Leftovers
|turn|7
|
|switch|p2a: Focus Blast Magnet|Ferrothorn, F|324\/352
|-damage|p2a: Focus Blast Magnet|302\/352|[from] Stealth Rock
|move|p1a: Mellow|Soft-Boiled|p1a: Mellow
|-heal|p1a: Mellow|703\/703
|
|-heal|p2a: Focus Blast Magnet|324\/352|[from] item: Leftovers
|turn|8
|
|switch|p1a: Crocy|Magnezone|304\/324
|-damage|p1a: Crocy|284\/324|[from] Stealth Rock
|switch|p2a: Hazards|Deoxys-Speed|241\/241
|-damage|p2a: Hazards|211\/241|[from] Stealth Rock
|-ability|p2a: Hazards|Pressure
|
|turn|9
|
|switch|p1a: Merl|Skarmory, M, shiny|333\/333
|-damage|p1a: Merl|292\/333|[from] Stealth Rock
|move|p2a: Hazards|Superpower|p1a: Merl
|-damage|p1a: Merl|221\/333
|-unboost|p2a: Hazards|atk|1
|-unboost|p2a: Hazards|def|1
|-damage|p2a: Hazards|187\/241|[from] item: Life Orb
|
|-heal|p1a: Merl|241\/333|[from] item: Leftovers
|turn|10
|
|move|p2a: Hazards|Ice Beam|p1a: Merl
|-damage|p1a: Merl|89\/333
|-damage|p2a: Hazards|163\/241|[from] item: Life Orb
|move|p1a: Merl|Roost|p1a: Merl
|-heal|p1a: Merl|256\/333
|
|-heal|p1a: Merl|276\/333|[from] item: Leftovers
|turn|11
|
|move|p2a: Hazards|Ice Beam|p1a: Merl
|-damage|p1a: Merl|121\/333
|-damage|p2a: Hazards|139\/241|[from] item: Life Orb
|move|p1a: Merl|Roost|p1a: Merl
|-heal|p1a: Merl|288\/333
|
|-heal|p1a: Merl|308\/333|[from] item: Leftovers
|turn|12
|
|switch|p1a: Mellow|Chansey, F|703\/703
|-damage|p1a: Mellow|616\/703|[from] Stealth Rock
|move|p2a: Hazards|Ice Beam|p1a: Mellow
|-damage|p1a: Mellow|541\/703
|-damage|p2a: Hazards|115\/241|[from] item: Life Orb
|
|turn|13
|
|switch|p2a: Focus Blast Magnet|Ferrothorn, F|324\/352
|-damage|p2a: Focus Blast Magnet|302\/352|[from] Stealth Rock
|move|p1a: Mellow|Seismic Toss|p2a: Focus Blast Magnet
|-damage|p2a: Focus Blast Magnet|202\/352
|-damage|p1a: Mellow|454\/703|[from] ability: Iron Barbs|[of] p2a: Focus Blast Magnet
|
|-heal|p2a: Focus Blast Magnet|224\/352|[from] item: Leftovers
|turn|14
|
|switch|p1a: Crocy|Magnezone|284\/324
|-damage|p1a: Crocy|264\/324|[from] Stealth Rock
|move|p2a: Focus Blast Magnet|Spikes|p1a: Crocy
|-sidestart|p1: Cumown|Spikes
|
|-heal|p2a: Focus Blast Magnet|246\/352|[from] item: Leftovers
|turn|15
|
|move|p1a: Crocy|Hidden Power|p2a: Focus Blast Magnet
|-supereffective|p2a: Focus Blast Magnet
|-damage|p2a: Focus Blast Magnet|0 fnt
|faint|p2a: Focus Blast Magnet
|
|
|switch|p2a: SD Chomp|Garchomp, M|358\/358
|-damage|p2a: SD Chomp|336\/358|[from] Stealth Rock
|turn|16
|
|switch|p1a: Merl|Skarmory, M, shiny|308\/333
|-damage|p1a: Merl|267\/333|[from] Stealth Rock
|move|p2a: SD Chomp|Swords Dance|p2a: SD Chomp
|-boost|p2a: SD Chomp|atk|2
|
|-heal|p1a: Merl|287\/333|[from] item: Leftovers
|turn|17
|
|move|p2a: SD Chomp|Outrage|p1a: Merl
|-resisted|p1a: Merl
|-damage|p1a: Merl|158\/333
|move|p1a: Merl|Defog|p2a: SD Chomp
|-unboost|p2a: SD Chomp|evasion|1
|-sideend|p2: manu123 sabtu|Stealth Rock|[from] move: Defog|[of] p2a: SD Chomp
|-sideend|p1: Cumown|Spikes|[from] move: Defog|[of] p1a: Merl
|-sideend|p1: Cumown|Stealth Rock|[from] move: Defog|[of] p1a: Merl
|
|-heal|p1a: Merl|178\/333|[from] item: Leftovers
|turn|18
|
|move|p2a: SD Chomp|Outrage|p1a: Merl
|-resisted|p1a: Merl
|-damage|p1a: Merl|65\/333
|move|p1a: Merl|Roost|p1a: Merl
|-heal|p1a: Merl|232\/333
|
|-heal|p1a: Merl|252\/333|[from] item: Leftovers
|turn|19
|-message|manu123 sabtu forfeited.
|
|win|Cumown
|raw|Ladder updating...
|raw|Cumown's rating: 1753 &rarr; <strong>1769<\/strong><br \/>(+16 for winning)
|raw|manu123 sabtu's rating: 1685 &rarr; <strong>1669<\/strong><br \/>(-16 for losing)
|leave|manu123 sabtu
|player|p2