|join|Cumown
|join|Vieagle24
|player|p1|Cumown|113
|player|p2|Vieagle24|266
|gametype|singles
|gen|6
|tier|OU
|rated
|clearpoke
|poke|p1|Amoonguss, M
|poke|p1|Keldeo
|poke|p1|Clefable, M
|poke|p1|Gliscor, F
|poke|p1|Chansey, F
|poke|p1|Skarmory, F
|poke|p2|Scizor, F
|poke|p2|Landorus, M
|poke|p2|Keldeo-Resolute
|poke|p2|Tyranitar, F
|poke|p2|Latias, F
|poke|p2|Ferrothorn, F
|rule|Sleep Clause Mod: Limit one foe put to sleep
|rule|Species Clause: Limit one of each Pokemon
|rule|OHKO Clause: OHKO moves are banned
|rule|Moody Clause: Moody is banned
|rule|Evasion Moves Clause: Evasion moves are banned
|rule|Endless Battle Clause: Forcing endless battles is banned.
|rule|HP Percentage Mod: HP is reported as percentages
|teampreview
|
|start
|switch|p1a: Keldeo|Keldeo|323\/323
|switch|p2a: Tyranitar|Tyranitar, F|404\/404
|-weather|Sandstorm
|turn|1
|
|switch|p2a: Latias|Latias, F|302\/302
|move|p1a: Keldeo|Secret Sword|p2a: Latias
|-crit|p2a: Latias
|-resisted|p2a: Latias
|-damage|p2a: Latias|177\/302
|
|-weather|Sandstorm|[upkeep]
|-damage|p2a: Latias|159\/302|[from] sandstorm
|-damage|p1a: Keldeo|303\/323|[from] sandstorm
|-heal|p1a: Keldeo|323\/323|[from] item: Leftovers
|turn|2
|
|switch|p2a: Tyranitar|Tyranitar, F|404\/404
|switch|p1a: Clefable|Clefable, M|394\/394
|
|-weather|Sandstorm|[upkeep]
|turn|3
|
|move|p2a: Tyranitar|Stealth Rock|p1a: Clefable
|-sidestart|p1: Cumown|move: Stealth Rock
|move|p1a: Clefable|Calm Mind|p1a: Clefable
|-boost|p1a: Clefable|spa|1
|-boost|p1a: Clefable|spd|1
|
|-weather|Sandstorm|[upkeep]
|turn|4
|
|move|p2a: Tyranitar|Stone Edge|p1a: Clefable
|-damage|p1a: Clefable|208\/394
|move|p1a: Clefable|Calm Mind|p1a: Clefable
|-boost|p1a: Clefable|spa|1
|-boost|p1a: Clefable|spd|1
|
|-weather|Sandstorm|[upkeep]
|-heal|p1a: Clefable|232\/394|[from] item: Leftovers
|turn|5
|
|move|p2a: Tyranitar|Stone Edge|p1a: Clefable
|-damage|p1a: Clefable|72\/394
|move|p1a: Clefable|Soft-Boiled|p1a: Clefable
|-heal|p1a: Clefable|269\/394
|
|-weather|none
|-heal|p1a: Clefable|293\/394|[from] item: Leftovers
|turn|6
|
|move|p2a: Tyranitar|Stone Edge|p1a: Clefable|[miss]
|-miss|p2a: Tyranitar|p1a: Clefable
|move|p1a: Clefable|Soft-Boiled|p1a: Clefable
|-heal|p1a: Clefable|394\/394
|
|turn|7
|
|move|p2a: Tyranitar|Stone Edge|p1a: Clefable
|-damage|p1a: Clefable|214\/394
|move|p1a: Clefable|Moonblast|p2a: Tyranitar
|-supereffective|p2a: Tyranitar
|-damage|p2a: Tyranitar|0 fnt
|faint|p2a: Tyranitar
|
|-heal|p1a: Clefable|238\/394|[from] item: Leftovers
|
|switch|p2a: Scizor|Scizor, F|342\/342
|turn|8
|
|detailschange|p2a: Scizor|Scizor-Mega, F
|message|Scizor has Mega Evolved into Mega Scizor!
|move|p2a: Scizor|Swords Dance|p2a: Scizor
|-boost|p2a: Scizor|atk|2
|move|p1a: Clefable|Flamethrower|p2a: Scizor
|-supereffective|p2a: Scizor
|-damage|p2a: Scizor|0 fnt
|faint|p2a: Scizor
|
|-heal|p1a: Clefable|262\/394|[from] item: Leftovers
|-message|Vieagle24 forfeited.
|
|win|Cumown
|raw|Ladder updating...
|leave|Vieagle24
|player|p2
|raw|Cumown's rating: 1741 &rarr; <strong>1762<\/strong><br \/>(+21 for winning)
|raw|Vieagle24's rating: 1766 &rarr; <strong>1745<\/strong><br \/>(-21 for losing)