|join|lil manaphy
|join|Cumown
|player|p1|lil manaphy|8
|player|p2|Cumown|287
|gametype|singles
|gen|6
|tier|OU
|rated
|clearpoke
|poke|p1|Gardevoir, F, shiny
|poke|p1|Mandibuzz, F
|poke|p1|Amoonguss, F
|poke|p1|Chansey, F
|poke|p1|Keldeo
|poke|p1|Landorus-Therian, M
|poke|p2|Amoonguss, F
|poke|p2|Keldeo
|poke|p2|Scolipede, M
|poke|p2|Gliscor, F
|poke|p2|Chansey, F
|poke|p2|Skarmory, F
|rule|Swagger Clause: Swagger is banned
|rule|Baton Pass Clause: Limit three PokÃ©mon knowing Baton Pass
|rule|Sleep Clause Mod: Limit one foe put to sleep
|rule|Species Clause: Limit one of each PokÃ©mon
|rule|OHKO Clause: OHKO moves are banned
|rule|Moody Clause: Moody is banned
|rule|Evasion Moves Clause: Evasion moves are banned
|rule|Endless Battle Clause: Forcing endless battles is banned
|rule|HP Percentage Mod: HP is reported as percentages
|teampreview
|
|start
|switch|p1a: Misty day|Gardevoir, F, shiny|277\/277
|switch|p2a: Chansey|Chansey, F|701\/701
|-ability|p1a: Misty day|Natural Cure|[from] ability: Trace|[of] p2a: Chansey
|turn|1
|
|switch|p1a: Landorus-Therian|Landorus-Therian, M|382\/382
|-ability|p1a: Landorus-Therian|Intimidate|[of] p2a: Chansey
|-unboost|p2a: Chansey|atk|1
|move|p2a: Chansey|Seismic Toss|p1a: Landorus-Therian
|-damage|p1a: Landorus-Therian|282\/382
|
|-heal|p1a: Landorus-Therian|305\/382|[from] item: Leftovers
|turn|2
|
|move|p1a: Landorus-Therian|Stealth Rock|p2a: Chansey
|-sidestart|p2: Cumown|move: Stealth Rock
|move|p2a: Chansey|Stealth Rock|p1a: Landorus-Therian
|-sidestart|p1: lil manaphy|move: Stealth Rock
|
|-heal|p1a: Landorus-Therian|328\/382|[from] item: Leftovers
|turn|3
|
|switch|p2a: Skarmory|Skarmory, F|334\/334
|-damage|p2a: Skarmory|293\/334|[from] Stealth Rock
|move|p1a: Landorus-Therian|U-turn|p2a: Skarmory
|-resisted|p2a: Skarmory
|-damage|p2a: Skarmory|280\/334
|-damage|p1a: Landorus-Therian|265\/382|[from] item: Rocky Helmet|[of] p2a: Skarmory
|
|switch|p1a: Laveau|Mandibuzz, F|424\/424
|-damage|p1a: Laveau|318\/424|[from] Stealth Rock
|
|-heal|p1a: Laveau|344\/424|[from] item: Leftovers
|turn|4
|
|switch|p2a: Gliscor|Gliscor, F|352\/352
|-damage|p2a: Gliscor|308\/352|[from] Stealth Rock
|move|p1a: Laveau|Taunt|p2a: Gliscor
|-start|p2a: Gliscor|move: Taunt
|
|-heal|p1a: Laveau|370\/424|[from] item: Leftovers
|-status|p2a: Gliscor|tox|[from] item: Toxic Orb
|turn|5
|
|switch|p2a: Keldeo|Keldeo|323\/323
|-damage|p2a: Keldeo|303\/323|[from] Stealth Rock
|switch|p1a: Landorus-Therian|Landorus-Therian, M|265\/382
|-damage|p1a: Landorus-Therian|218\/382|[from] Stealth Rock
|-ability|p1a: Landorus-Therian|Intimidate|[of] p2a: Keldeo
|-unboost|p2a: Keldeo|atk|1
|
|-heal|p2a: Keldeo|323\/323|[from] item: Leftovers
|-heal|p1a: Landorus-Therian|241\/382|[from] item: Leftovers
|turn|6
|
|switch|p1a: Zoe|Amoonguss, F|432\/432
|-damage|p1a: Zoe|378\/432|[from] Stealth Rock
|move|p2a: Keldeo|Scald|p1a: Zoe
|-resisted|p1a: Zoe
|-damage|p1a: Zoe|286\/432
|
|-heal|p1a: Zoe|313\/432|[from] item: Black Sludge
|turn|7
|
|switch|p2a: Amoonguss|Amoonguss, F|432\/432
|-damage|p2a: Amoonguss|378\/432|[from] Stealth Rock
|move|p1a: Zoe|Giga Drain|p2a: Amoonguss
|-resisted|p2a: Amoonguss
|-damage|p2a: Amoonguss|361\/432
|-heal|p1a: Zoe|322\/432|[from] drain|[of] p2a: Amoonguss
|
|-heal|p1a: Zoe|349\/432|[from] item: Black Sludge
|-heal|p2a: Amoonguss|388\/432|[from] item: Black Sludge
|turn|8
|
|switch|p1a: Laveau|Mandibuzz, F|370\/424
|-damage|p1a: Laveau|264\/424|[from] Stealth Rock
|move|p2a: Amoonguss|Foul Play|p1a: Laveau
|-resisted|p1a: Laveau
|-damage|p1a: Laveau|246\/424
|
|-heal|p1a: Laveau|272\/424|[from] item: Leftovers
|-heal|p2a: Amoonguss|415\/432|[from] item: Black Sludge
|turn|9
|
|switch|p2a: Keldeo|Keldeo|323\/323
|-damage|p2a: Keldeo|303\/323|[from] Stealth Rock
|move|p1a: Laveau|Defog|p2a: Keldeo
|-unboost|p2a: Keldeo|evasion|1
|-sideend|p2: Cumown|Stealth Rock|[from] move: Defog|[of] p2a: Keldeo
|-sideend|p1: lil manaphy|Stealth Rock|[from] move: Defog|[of] p1a: Laveau
|
|-heal|p2a: Keldeo|323\/323|[from] item: Leftovers
|-heal|p1a: Laveau|298\/424|[from] item: Leftovers
|turn|10
|join|Menno
|
|switch|p1a: Zoe|Amoonguss, F|432\/432
|move|p2a: Keldeo|Scald|p1a: Zoe
|-resisted|p1a: Zoe
|-damage|p1a: Zoe|354\/432
|
|-heal|p1a: Zoe|381\/432|[from] item: Black Sludge
|turn|11
|
|move|p2a: Keldeo|Substitute|p2a: Keldeo
|-start|p2a: Keldeo|Substitute
|-damage|p2a: Keldeo|243\/323
|move|p1a: Zoe|Spore|p2a: Keldeo
|
|-heal|p2a: Keldeo|263\/323|[from] item: Leftovers
|-heal|p1a: Zoe|408\/432|[from] item: Black Sludge
|turn|12
|
|move|p2a: Keldeo|Scald|p1a: Zoe
|-resisted|p1a: Zoe
|-damage|p1a: Zoe|323\/432
|move|p1a: Zoe|Giga Drain|p2a: Keldeo
|-supereffective|p2a: Keldeo
|-end|p2a: Keldeo|Substitute
|-heal|p1a: Zoe|363\/432|[from] drain|[of] p2a: Keldeo
|
|-heal|p2a: Keldeo|283\/323|[from] item: Leftovers
|-heal|p1a: Zoe|390\/432|[from] item: Black Sludge
|turn|13
|
|switch|p2a: Amoonguss|Amoonguss, F|432\/432
|move|p1a: Zoe|Giga Drain|p2a: Amoonguss
|-resisted|p2a: Amoonguss
|-damage|p2a: Amoonguss|414\/432
|-heal|p1a: Zoe|399\/432|[from] drain|[of] p2a: Amoonguss
|
|-heal|p1a: Zoe|426\/432|[from] item: Black Sludge
|-heal|p2a: Amoonguss|432\/432|[from] item: Black Sludge
|turn|14
|
|move|p2a: Amoonguss|Spore|p1a: Zoe
|-fail|p1a: Zoe
|move|p1a: Zoe|Giga Drain|p2a: Amoonguss
|-resisted|p2a: Amoonguss
|-damage|p2a: Amoonguss|414\/432
|-heal|p1a: Zoe|432\/432|[from] drain|[of] p2a: Amoonguss
|
|-heal|p2a: Amoonguss|432\/432|[from] item: Black Sludge
|turn|15
|
|switch|p2a: Chansey|Chansey, F|701\/701
|move|p1a: Zoe|Spore|p2a: Chansey
|-status|p2a: Chansey|slp
|
|turn|16
|
|switch|p2a: Amoonguss|Amoonguss, F|432\/432
|switch|p1a: Misty day|Gardevoir, F, shiny|277\/277
|-ability|p1a: Misty day|Regenerator|[from] ability: Trace|[of] p2a: Amoonguss
|
|turn|17
|
|switch|p2a: Skarmory|Skarmory, F|280\/334
|detailschange|p1a: Misty day|Gardevoir-Mega, F, shiny
|message|Gardevoir has Mega Evolved into Mega Gardevoir!
|move|p1a: Misty day|Calm Mind|p1a: Misty day
|-boost|p1a: Misty day|spa|1
|-boost|p1a: Misty day|spd|1
|
|turn|18
|
|move|p1a: Misty day|Focus Blast|p2a: Skarmory|[miss]
|-miss|p1a: Misty day|p2a: Skarmory
|move|p2a: Skarmory|Brave Bird|p1a: Misty day
|-damage|p1a: Misty day|99\/277
|-damage|p2a: Skarmory|221\/334|[from] recoil|[of] p1a: Misty day
|
|turn|19
|
|move|p1a: Misty day|Hyper Voice|p2a: Skarmory
|-resisted|p2a: Skarmory
|-damage|p2a: Skarmory|20\/334
|move|p2a: Skarmory|Brave Bird|p1a: Misty day
|-damage|p1a: Misty day|0 fnt
|-damage|p2a: Skarmory|0 fnt|[from] recoil|[of] p1a: Misty day
|faint|p1a: Misty day
|faint|p2a: Skarmory
|
|-message|lil manaphy forfeited.
|
|win|Cumown
|raw|Ladder updating...
|leave|lil manaphy
|player|p1
|raw|lil manaphy's rating: 1895 &rarr; <strong>1862<\/strong><br \/>(-33 for losing)
|raw|Cumown's rating: 1618 &rarr; <strong>1651<\/strong><br \/>(+33 for winning)
|leave|Menno