|join|Cacadevaca
|join|Cumown
|player|p1|Cacadevaca|1
|player|p2|Cumown|80
|gametype|singles
|gen|6
|tier|OU
|rated
|clearpoke
|poke|p1|Scolipede, M
|poke|p1|Espeon, M
|poke|p1|Mew
|poke|p1|Mr. Mime, M
|poke|p1|Vaporeon, F
|poke|p1|Smeargle, F
|poke|p2|Skarmory, F, shiny
|poke|p2|Chansey, F
|poke|p2|Amoonguss, F
|poke|p2|Quagsire, M
|poke|p2|Talonflame, F
|poke|p2|Absol, M
|rule|Sleep Clause Mod: Limit one foe put to sleep
|rule|Species Clause: Limit one of each Pokemon
|rule|OHKO Clause: OHKO moves are banned
|rule|Moody Clause: Moody is banned
|rule|Evasion Moves Clause: Evasion moves are banned
|rule|Endless Battle Clause: Forcing endless battles is banned.
|rule|HP Percentage Mod: HP is reported as percentages
|teampreview
|
|start
|switch|p1a: Vaporeon|Vaporeon, F|433\/433
|switch|p2a: Cess|Talonflame, F|359\/359
|turn|1
|
|switch|p2a: Mellow|Chansey, F|703\/703
|move|p1a: Vaporeon|Acid Armor|p1a: Vaporeon
|-boost|p1a: Vaporeon|def|2
|
|turn|2
|
|move|p1a: Vaporeon|Substitute|p1a: Vaporeon
|-start|p1a: Vaporeon|Substitute
|-damage|p1a: Vaporeon|325\/433
|move|p2a: Mellow|Seismic Toss|p1a: Vaporeon
|-activate|p1a: Vaporeon|Substitute|[damage]
|
|-heal|p1a: Vaporeon|352\/433|[from] item: Leftovers
|turn|3
|
|move|p1a: Vaporeon|Baton Pass|p1a: Vaporeon
|
|switch|p1a: Smeargle|Smeargle, F|257\/257
|move|p2a: Mellow|Stealth Rock|p1a: Smeargle
|-sidestart|p1: Cacadevaca|move: Stealth Rock
|
|turn|4
|
|move|p1a: Smeargle|Encore|p2a: Mellow
|-start|p2a: Mellow|Encore
|move|p2a: Mellow|Stealth Rock|p1a: Smeargle
|-fail|p1a: Smeargle
|
|turn|5
|
|switch|p2a: Crocy|Absol, M|334\/334
|-ability|p2a: Crocy|Pressure
|move|p1a: Smeargle|Ingrain|p1a: Smeargle
|-start|p1a: Smeargle|move: Ingrain
|
|turn|6
|
|-formechange|p2a: Crocy|Absol-Mega
|message|Absol has Mega Evolved into Mega Absol!
|move|p2a: Crocy|Knock Off|p1a: Smeargle
|-end|p1a: Smeargle|Substitute
|move|p1a: Smeargle|Baton Pass|p1a: Smeargle
|
|switch|p1a: Scolipede|Scolipede, M|321\/321
|-damage|p1a: Scolipede|241\/321|[from] Stealth Rock
|
|-heal|p1a: Scolipede|261\/321|[from] Ingrain
|turn|7
|
|switch|p2a: Turts|Quagsire, M|393\/393
|move|p1a: Scolipede|Iron Defense|p1a: Scolipede
|-boost|p1a: Scolipede|def|2
|
|-heal|p1a: Scolipede|281\/321|[from] Ingrain
|-boost|p1a: Scolipede|spe|1|[from] ability: Speed Boost
|turn|8
|
|move|p1a: Scolipede|Substitute|p1a: Scolipede
|-start|p1a: Scolipede|Substitute
|-damage|p1a: Scolipede|201\/321
|move|p2a: Turts|Haze|p2a: Turts
|-clearallboost
|
|-heal|p1a: Scolipede|221\/321|[from] Ingrain
|-boost|p1a: Scolipede|spe|1|[from] ability: Speed Boost
|turn|9
|
|move|p1a: Scolipede|Protect|p1a: Scolipede
|-singleturn|p1a: Scolipede|Protect
|move|p2a: Turts|Scald|p1a: Scolipede
|-activate|p1a: Scolipede|Protect
|
|-heal|p1a: Scolipede|241\/321|[from] Ingrain
|-boost|p1a: Scolipede|spe|1|[from] ability: Speed Boost
|turn|10
|
|move|p1a: Scolipede|Baton Pass|p1a: Scolipede
|
|switch|p1a: Vaporeon|Vaporeon, F|352\/433
|-damage|p1a: Vaporeon|298\/433|[from] Stealth Rock
|move|p2a: Turts|Haze|p2a: Turts
|-clearallboost
|
|-heal|p1a: Vaporeon|325\/433|[from] item: Leftovers
|-heal|p1a: Vaporeon|352\/433|[from] Ingrain
|turn|11
|
|switch|p2a: Gecky|Amoonguss, F|431\/431
|move|p1a: Vaporeon|Acid Armor|p1a: Vaporeon
|-boost|p1a: Vaporeon|def|2
|
|-heal|p1a: Vaporeon|379\/433|[from] item: Leftovers
|-heal|p1a: Vaporeon|406\/433|[from] Ingrain
|turn|12
|
|move|p1a: Vaporeon|Baton Pass|p1a: Vaporeon
|
|switch|p1a: Scolipede|Scolipede, M|241\/321
|-damage|p1a: Scolipede|161\/321|[from] Stealth Rock
|move|p2a: Gecky|Giga Drain|p1a: Scolipede
|-resisted|p1a: Scolipede
|-activate|p1a: Scolipede|Substitute|[damage]
|
|-heal|p1a: Scolipede|181\/321|[from] Ingrain
|turn|13
|
|switch|p2a: Turts|Quagsire, M|393\/393
|move|p1a: Scolipede|Iron Defense|p1a: Scolipede
|-boost|p1a: Scolipede|def|2
|
|-heal|p1a: Scolipede|201\/321|[from] Ingrain
|-boost|p1a: Scolipede|spe|1|[from] ability: Speed Boost
|turn|14
|
|move|p1a: Scolipede|Iron Defense|p1a: Scolipede
|-boost|p1a: Scolipede|def|2
|move|p2a: Turts|Haze|p2a: Turts
|-clearallboost
|
|-heal|p1a: Scolipede|221\/321|[from] Ingrain
|-boost|p1a: Scolipede|spe|1|[from] ability: Speed Boost
|turn|15
|
|move|p1a: Scolipede|Protect|p1a: Scolipede
|-singleturn|p1a: Scolipede|Protect
|move|p2a: Turts|Scald|p1a: Scolipede
|-activate|p1a: Scolipede|Protect
|
|-heal|p1a: Scolipede|241\/321|[from] Ingrain
|-boost|p1a: Scolipede|spe|1|[from] ability: Speed Boost
|turn|16
|
|move|p1a: Scolipede|Iron Defense|p1a: Scolipede
|-boost|p1a: Scolipede|def|2
|move|p2a: Turts|Scald|p1a: Scolipede
|-end|p1a: Scolipede|Substitute
|
|-heal|p1a: Scolipede|261\/321|[from] Ingrain
|-boost|p1a: Scolipede|spe|1|[from] ability: Speed Boost
|turn|17
|
|move|p1a: Scolipede|Substitute|p1a: Scolipede
|-start|p1a: Scolipede|Substitute
|-damage|p1a: Scolipede|181\/321
|move|p2a: Turts|Haze|p2a: Turts
|-clearallboost
|
|-heal|p1a: Scolipede|201\/321|[from] Ingrain
|-boost|p1a: Scolipede|spe|1|[from] ability: Speed Boost
|turn|18
|
|move|p1a: Scolipede|Protect|p1a: Scolipede
|-singleturn|p1a: Scolipede|Protect
|move|p2a: Turts|Scald|p1a: Scolipede
|-activate|p1a: Scolipede|Protect
|
|-heal|p1a: Scolipede|221\/321|[from] Ingrain
|-boost|p1a: Scolipede|spe|1|[from] ability: Speed Boost
|turn|19
|
|move|p1a: Scolipede|Iron Defense|p1a: Scolipede
|-boost|p1a: Scolipede|def|2
|move|p2a: Turts|Scald|p1a: Scolipede
|-end|p1a: Scolipede|Substitute
|
|-heal|p1a: Scolipede|241\/321|[from] Ingrain
|-boost|p1a: Scolipede|spe|1|[from] ability: Speed Boost
|turn|20
|
|move|p1a: Scolipede|Substitute|p1a: Scolipede
|-start|p1a: Scolipede|Substitute
|-damage|p1a: Scolipede|161\/321
|move|p2a: Turts|Haze|p2a: Turts
|-clearallboost
|
|-heal|p1a: Scolipede|181\/321|[from] Ingrain
|-boost|p1a: Scolipede|spe|1|[from] ability: Speed Boost
|turn|21
|
|move|p1a: Scolipede|Protect|p1a: Scolipede
|-singleturn|p1a: Scolipede|Protect
|move|p2a: Turts|Scald|p1a: Scolipede
|-activate|p1a: Scolipede|Protect
|
|-heal|p1a: Scolipede|201\/321|[from] Ingrain
|-boost|p1a: Scolipede|spe|1|[from] ability: Speed Boost
|turn|22
|
|move|p1a: Scolipede|Iron Defense|p1a: Scolipede
|-boost|p1a: Scolipede|def|2
|move|p2a: Turts|Scald|p1a: Scolipede
|-end|p1a: Scolipede|Substitute
|
|-heal|p1a: Scolipede|221\/321|[from] Ingrain
|-boost|p1a: Scolipede|spe|1|[from] ability: Speed Boost
|turn|23
|
|move|p1a: Scolipede|Substitute|p1a: Scolipede
|-start|p1a: Scolipede|Substitute
|-damage|p1a: Scolipede|141\/321
|move|p2a: Turts|Haze|p2a: Turts
|-clearallboost
|
|-heal|p1a: Scolipede|161\/321|[from] Ingrain
|-boost|p1a: Scolipede|spe|1|[from] ability: Speed Boost
|turn|24
|
|move|p1a: Scolipede|Protect|p1a: Scolipede
|-singleturn|p1a: Scolipede|Protect
|move|p2a: Turts|Toxic|p1a: Scolipede
|-activate|p1a: Scolipede|Protect
|
|-heal|p1a: Scolipede|181\/321|[from] Ingrain
|-boost|p1a: Scolipede|spe|1|[from] ability: Speed Boost
|turn|25
|
|move|p1a: Scolipede|Iron Defense|p1a: Scolipede
|-boost|p1a: Scolipede|def|2
|move|p2a: Turts|Scald|p1a: Scolipede
|-end|p1a: Scolipede|Substitute
|
|-heal|p1a: Scolipede|201\/321|[from] Ingrain
|-boost|p1a: Scolipede|spe|1|[from] ability: Speed Boost
|turn|26
|
|move|p1a: Scolipede|Baton Pass|p1a: Scolipede
|
|switch|p1a: Vaporeon|Vaporeon, F|406\/433
|-damage|p1a: Vaporeon|352\/433|[from] Stealth Rock
|move|p2a: Turts|Haze|p2a: Turts
|-clearallboost
|
|-heal|p1a: Vaporeon|379\/433|[from] item: Leftovers
|-heal|p1a: Vaporeon|406\/433|[from] Ingrain
|turn|27
|
|switch|p2a: Crocy|Absol, M|334\/334
|-formechange|p2a: Crocy|Absol-Mega
|move|p1a: Vaporeon|Substitute|p1a: Vaporeon
|-start|p1a: Vaporeon|Substitute
|-damage|p1a: Vaporeon|298\/433
|
|-heal|p1a: Vaporeon|325\/433|[from] item: Leftovers
|-heal|p1a: Vaporeon|352\/433|[from] Ingrain
|turn|28
|
|move|p2a: Crocy|Knock Off|p1a: Vaporeon
|-end|p1a: Vaporeon|Substitute
|move|p1a: Vaporeon|Baton Pass|p1a: Vaporeon
|
|switch|p1a: Scolipede|Scolipede, M|201\/321
|-damage|p1a: Scolipede|121\/321|[from] Stealth Rock
|
|-heal|p1a: Scolipede|141\/321|[from] Ingrain
|turn|29
|
|move|p2a: Crocy|Knock Off|p1a: Scolipede
|-damage|p1a: Scolipede|0 fnt
|faint|p1a: Scolipede
|
|
|switch|p1a: Vaporeon|Vaporeon, F|352\/433
|-damage|p1a: Vaporeon|298\/433|[from] Stealth Rock
|turn|30
|
|move|p2a: Crocy|Knock Off|p1a: Vaporeon
|-damage|p1a: Vaporeon|139\/433
|-enditem|p1a: Vaporeon|Leftovers|[from] move: Knock Off|[of] p2a: Crocy
|move|p1a: Vaporeon|Acid Armor|p1a: Vaporeon
|-boost|p1a: Vaporeon|def|2
|
|turn|31
|
|move|p2a: Crocy|Will-O-Wisp|p1a: Vaporeon|[miss]
|-miss|p2a: Crocy|p1a: Vaporeon
|move|p1a: Vaporeon|Baton Pass|p1a: Vaporeon
|
|switch|p1a: Mr. Mime|Mr. Mime, M|273\/273
|-damage|p1a: Mr. Mime|239\/273|[from] Stealth Rock
|
|-heal|p1a: Mr. Mime|256\/273|[from] item: Leftovers
|turn|32
|
|move|p2a: Crocy|Knock Off|p1a: Mr. Mime
|-damage|p1a: Mr. Mime|183\/273
|-enditem|p1a: Mr. Mime|Leftovers|[from] move: Knock Off|[of] p2a: Crocy
|move|p1a: Mr. Mime|Calm Mind|p1a: Mr. Mime
|-boost|p1a: Mr. Mime|spa|1
|-boost|p1a: Mr. Mime|spd|1
|
|turn|33
|
|switch|p2a: Turts|Quagsire, M|393\/393
|move|p1a: Mr. Mime|Calm Mind|p1a: Mr. Mime
|-boost|p1a: Mr. Mime|spa|1
|-boost|p1a: Mr. Mime|spd|1
|
|turn|34
|
|move|p1a: Mr. Mime|Taunt|p2a: Turts
|-start|p2a: Turts|move: Taunt
|cant|p2a: Turts|move: Taunt|Haze
|
|turn|35
|
|move|p1a: Mr. Mime|Calm Mind|p1a: Mr. Mime
|-boost|p1a: Mr. Mime|spa|1
|-boost|p1a: Mr. Mime|spd|1
|move|p2a: Turts|Scald|p1a: Mr. Mime
|-damage|p1a: Mr. Mime|129\/273
|-status|p1a: Mr. Mime|brn
|
|-damage|p1a: Mr. Mime|95\/273 brn|[from] brn
|turn|36
|
|move|p1a: Mr. Mime|Baton Pass|p1a: Mr. Mime
|
|switch|p1a: Espeon|Espeon, M|321\/321
|-damage|p1a: Espeon|281\/321|[from] Stealth Rock
|move|p2a: Turts|Scald|p1a: Espeon
|-damage|p1a: Espeon|214\/321
|
|-heal|p1a: Espeon|234\/321|[from] item: Leftovers
|-end|p2a: Turts|move: Taunt
|turn|37
|
|move|p1a: Espeon|Stored Power|p2a: Turts
|-damage|p2a: Turts|12\/393
|move|p2a: Turts|Haze|p2a: Turts
|-clearallboost
|
|-heal|p1a: Espeon|254\/321|[from] item: Leftovers
|-heal|p2a: Turts|36\/393|[from] item: Leftovers
|turn|38
|
|switch|p2a: Crocy|Absol, M|334\/334
|-formechange|p2a: Crocy|Absol-Mega
|move|p1a: Espeon|Dazzling Gleam|p2a: Crocy
|-supereffective|p2a: Crocy
|-damage|p2a: Crocy|84\/334
|
|-heal|p1a: Espeon|274\/321|[from] item: Leftovers
|turn|39
|
|move|p2a: Crocy|Knock Off|p1a: Espeon
|-supereffective|p1a: Espeon
|-damage|p1a: Espeon|0 fnt
|faint|p1a: Espeon
|
|-message|Cacadevaca forfeited.
|
|win|Cumown
|raw|Ladder updating...
|leave|Cacadevaca
|player|p1
|raw|Cacadevaca's rating: 1866 &rarr; <strong>1835<\/strong><br \/>(-31 for losing)
|raw|Cumown's rating: 1656 &rarr; <strong>1687<\/strong><br \/>(+31 for winning)
|chat|Cumown|Newb. 
|chat|Cumown|lel