|join|brewplanner
|join|Cumown
|player|p1|brewplanner|163
|player|p2|Cumown|80
|gametype|singles
|gen|6
|tier|OU
|rated
|clearpoke
|poke|p1|Diggersby, F
|poke|p1|Lucario, F
|poke|p1|Thundurus, M
|poke|p1|Deoxys-Speed
|poke|p1|Scizor, F
|poke|p1|Bisharp, F
|poke|p2|Skarmory, F, shiny
|poke|p2|Chansey, F
|poke|p2|Amoonguss, M
|poke|p2|Quagsire, M
|poke|p2|Talonflame, M
|poke|p2|Absol, F
|rule|Sleep Clause Mod: Limit one foe put to sleep
|rule|Species Clause: Limit one of each Pokemon
|rule|OHKO Clause: OHKO moves are banned
|rule|Moody Clause: Moody is banned
|rule|Evasion Moves Clause: Evasion moves are banned
|rule|Endless Battle Clause: Forcing endless battles is banned.
|rule|HP Percentage Mod: HP is reported as percentages
|teampreview
|
|start
|switch|p1a: Deoxys-Speed|Deoxys-Speed|304\/304
|switch|p2a: Crocy|Absol, F|334\/334
|-ability|p1a: Deoxys-Speed|Pressure
|-ability|p2a: Crocy|Pressure
|turn|1
|
|switch|p1a: Scizor|Scizor, F|282\/282
|-formechange|p2a: Crocy|Absol-Mega
|message|Absol has Mega Evolved into Mega Absol!
|move|p2a: Crocy|Knock Off|p1a: Scizor
|-damage|p1a: Scizor|176\/282
|
|turn|2
|
|-formechange|p1a: Scizor|Scizor-Mega
|message|Scizor has Mega Evolved into Mega Scizor!
|move|p1a: Scizor|Bullet Punch|p2a: Crocy
|-damage|p2a: Crocy|151\/334
|move|p2a: Crocy|Will-O-Wisp|p1a: Scizor
|-status|p1a: Scizor|brn
|
|-damage|p1a: Scizor|141\/282 brn|[from] brn
|turn|3
|
|switch|p2a: Cess|Talonflame, M|359\/359
|switch|p1a: Deoxys-Speed|Deoxys-Speed|304\/304
|-ability|p1a: Deoxys-Speed|Pressure
|
|turn|4
|
|switch|p2a: Crocy|Absol, F|151\/334
|-formechange|p2a: Crocy|Absol-Mega
|move|p1a: Deoxys-Speed|Reflect|p1a: Deoxys-Speed
|-sidestart|p1: brewplanner|Reflect
|
|turn|5
|
|switch|p1a: Thundurus|Thundurus, M|300\/300
|move|p2a: Crocy|Wish|p2a: Crocy
|
|turn|6
|
|switch|p1a: Diggersby|Diggersby, F|312\/312
|move|p2a: Crocy|Protect|p2a: Crocy
|-fail|p2a: Crocy
|
|-heal|p2a: Crocy|318\/334|[from] move: Wish|[wisher] Crocy
|turn|7
|
|switch|p2a: Merl|Skarmory, F, shiny|333\/333
|move|p1a: Diggersby|Return|p2a: Merl
|-resisted|p2a: Merl
|-damage|p2a: Merl|242\/333
|-damage|p1a: Diggersby|281\/312|[from] item: Life Orb
|
|-heal|p2a: Merl|262\/333|[from] item: Leftovers
|turn|8
|
|move|p1a: Diggersby|Swords Dance|p1a: Diggersby
|-boost|p1a: Diggersby|atk|2
|move|p2a: Merl|Whirlwind|p1a: Diggersby
|drag|p1a: Deoxys-Speed|Deoxys-Speed|304\/304
|-ability|p1a: Deoxys-Speed|Pressure
|
|-heal|p2a: Merl|282\/333|[from] item: Leftovers
|turn|9
|
|switch|p1a: Diggersby|Diggersby, F|281\/312
|switch|p2a: Crocy|Absol, F|318\/334
|-formechange|p2a: Crocy|Absol-Mega
|
|turn|10
|
|move|p2a: Crocy|Will-O-Wisp|p1a: Diggersby
|-status|p1a: Diggersby|brn
|move|p1a: Diggersby|Swords Dance|p1a: Diggersby
|-boost|p1a: Diggersby|atk|2
|
|-damage|p1a: Diggersby|242\/312 brn|[from] brn
|turn|11
|
|switch|p2a: Turts|Quagsire, M|393\/393
|move|p1a: Diggersby|Swords Dance|p1a: Diggersby
|-boost|p1a: Diggersby|atk|2
|
|-damage|p1a: Diggersby|203\/312 brn|[from] brn
|-sideend|p1: brewplanner|Reflect
|turn|12
|
|switch|p1a: Lucario|Lucario, F|281\/281
|move|p2a: Turts|Recover|p2a: Turts
|-fail|p2a: Turts
|
|turn|13
|
|move|p1a: Lucario|Swords Dance|p1a: Lucario
|-boost|p1a: Lucario|atk|2
|move|p2a: Turts|Scald|p1a: Lucario
|-damage|p1a: Lucario|193\/281
|
|turn|14
|
|move|p1a: Lucario|Close Combat|p2a: Turts
|-damage|p2a: Turts|175\/393
|-unboost|p1a: Lucario|def|1
|-unboost|p1a: Lucario|spd|1
|-damage|p1a: Lucario|165\/281|[from] item: Life Orb
|move|p2a: Turts|Scald|p1a: Lucario
|-damage|p1a: Lucario|71\/281
|-status|p1a: Lucario|brn
|
|-heal|p2a: Turts|199\/393|[from] item: Leftovers
|-damage|p1a: Lucario|36\/281 brn|[from] brn
|turn|15
|-message|brewplanner forfeited.
|
|win|Cumown
|raw|Ladder updating...
|leave|brewplanner
|player|p1
|raw|brewplanner's rating: 1711 &rarr; <strong>1689<\/strong><br \/>(-22 for losing)
|raw|Cumown's rating: 1687 &rarr; <strong>1708<\/strong><br \/>(+21 for winning)