|join|cloud storm
|join|Cumown
|player|p1|cloud storm|274
|player|p2|Cumown|287
|gametype|singles
|gen|6
|tier|OU
|rated
|clearpoke
|poke|p1|Politoed, F
|poke|p1|Swampert, M
|poke|p1|Thundurus, M
|poke|p1|Ferrothorn, M
|poke|p1|Kingdra, M
|poke|p1|Azumarill, F
|poke|p2|Sceptile, F
|poke|p2|Clefable, F
|poke|p2|Porygon2
|poke|p2|Rotom-Wash
|poke|p2|Tentacruel, F
|poke|p2|Gothitelle, F
|rule|Swagger Clause: Swagger is banned
|rule|Baton Pass Clause: Limit one PokÃ©mon knowing Baton Pass
|rule|Sleep Clause Mod: Limit one foe put to sleep
|rule|Species Clause: Limit one of each PokÃ©mon
|rule|OHKO Clause: OHKO moves are banned
|rule|Moody Clause: Moody is banned
|rule|Evasion Moves Clause: Evasion moves are banned
|rule|Endless Battle Clause: Forcing endless battles is banned
|rule|HP Percentage Mod: HP is shown in percentages
|teampreview
|
|start
|switch|p1a: Ferrothorn|Ferrothorn, M|352\/352
|switch|p2a: Sceptile|Sceptile, F|281\/281
|turn|1
|
|detailschange|p2a: Sceptile|Sceptile-Mega, F
|-mega|p2a: Sceptile|Sceptile|Sceptilite
|move|p2a: Sceptile|Substitute|p2a: Sceptile
|-start|p2a: Sceptile|Substitute
|-damage|p2a: Sceptile|211\/281
|move|p1a: Ferrothorn|Stealth Rock|p2a: Sceptile
|-sidestart|p2: Cumown|move: Stealth Rock
|
|turn|2
|
|move|p2a: Sceptile|Hidden Power|p1a: Ferrothorn
|-crit|p1a: Ferrothorn
|-supereffective|p1a: Ferrothorn
|-damage|p1a: Ferrothorn|0 fnt
|faint|p1a: Ferrothorn
|
|
|switch|p1a: Thundurus|Thundurus, M|299\/299
|turn|3
|
|move|p2a: Sceptile|Dragon Pulse|p1a: Thundurus
|-damage|p1a: Thundurus|92\/299
|move|p1a: Thundurus|Hidden Power|p2a: Sceptile
|-crit|p2a: Sceptile
|-supereffective|p2a: Sceptile
|-end|p2a: Sceptile|Substitute
|-damage|p1a: Thundurus|63\/299|[from] item: Life Orb
|
|turn|4
|
|move|p1a: Thundurus|Taunt|p2a: Sceptile
|-start|p2a: Sceptile|move: Taunt
|cant|p2a: Sceptile|move: Taunt|Substitute
|
|turn|5
|
|switch|p1a: Azumarill|Azumarill, F|403\/403
|move|p2a: Sceptile|Dragon Pulse|p1a: Azumarill
|-immune|p1a: Azumarill|[msg]
|
|turn|6
|
|switch|p2a: Rotom-Wash|Rotom-Wash|304\/304
|-damage|p2a: Rotom-Wash|266\/304|[from] Stealth Rock
|move|p1a: Azumarill|Play Rough|p2a: Rotom-Wash
|-damage|p2a: Rotom-Wash|119\/304
|
|-heal|p2a: Rotom-Wash|138\/304|[from] item: Leftovers
|turn|7
|
|switch|p1a: Kingdra|Kingdra, M|328\/328
|move|p2a: Rotom-Wash|Will-O-Wisp|p1a: Kingdra
|-status|p1a: Kingdra|brn
|
|-heal|p2a: Rotom-Wash|157\/304|[from] item: Leftovers
|-damage|p1a: Kingdra|287\/328 brn|[from] brn
|turn|8
|
|switch|p2a: Porygon2|Porygon2|374\/374
|-damage|p2a: Porygon2|328\/374|[from] Stealth Rock
|-ability|p2a: Porygon2|Swift Swim|[from] ability: Trace|[of] p1a: Kingdra
|move|p1a: Kingdra|Surf|p2a: Porygon2
|-damage|p2a: Porygon2|195\/374
|-damage|p1a: Kingdra|255\/328 brn|[from] item: Life Orb
|
|-damage|p1a: Kingdra|214\/328 brn|[from] brn
|turn|9
|
|switch|p1a: Politoed|Politoed, F|384\/384
|-weather|RainDance
|move|p2a: Porygon2|Recover|p2a: Porygon2
|-heal|p2a: Porygon2|374\/374
|
|-weather|RainDance|[upkeep]
|turn|10
|
|switch|p2a: Gothitelle|Gothitelle, F|301\/301
|-damage|p2a: Gothitelle|264\/301|[from] Stealth Rock
|move|p1a: Politoed|Toxic|p2a: Gothitelle
|-status|p2a: Gothitelle|tox
|
|-weather|RainDance|[upkeep]
|-damage|p2a: Gothitelle|246\/301 tox|[from] psn
|turn|11
|
|move|p2a: Gothitelle|Trick|p1a: Politoed
|-activate|p2a: Gothitelle|move: Trick|[of] p1a: Politoed
|-item|p1a: Politoed|Choice Scarf|[from] move: Trick
|-item|p2a: Gothitelle|Damp Rock|[from] move: Trick
|move|p1a: Politoed|Encore|p2a: Gothitelle
|-start|p2a: Gothitelle|Encore
|
|-weather|RainDance|[upkeep]
|-damage|p2a: Gothitelle|210\/301 tox|[from] psn
|turn|12
|
|move|p1a: Politoed|Encore|p2a: Gothitelle
|-fail|p2a: Gothitelle
|move|p2a: Gothitelle|Trick|p1a: Politoed
|-activate|p2a: Gothitelle|move: Trick|[of] p1a: Politoed
|-item|p1a: Politoed|Damp Rock|[from] move: Trick
|-item|p2a: Gothitelle|Choice Scarf|[from] move: Trick
|
|-weather|RainDance|[upkeep]
|-damage|p2a: Gothitelle|156\/301 tox|[from] psn
|turn|13
|
|move|p2a: Gothitelle|Trick|p1a: Politoed
|-activate|p2a: Gothitelle|move: Trick|[of] p1a: Politoed
|-item|p1a: Politoed|Choice Scarf|[from] move: Trick
|-item|p2a: Gothitelle|Damp Rock|[from] move: Trick
|move|p1a: Politoed|Scald|p2a: Gothitelle
|-damage|p2a: Gothitelle|36\/301 tox
|
|-weather|RainDance|[upkeep]
|-damage|p2a: Gothitelle|0 fnt|[from] psn
|faint|p2a: Gothitelle
|
|switch|p2a: Sceptile|Sceptile-Mega, F|211\/281
|-damage|p2a: Sceptile|176\/281|[from] Stealth Rock
|turn|14
|
|move|p2a: Sceptile|Substitute|p2a: Sceptile
|-start|p2a: Sceptile|Substitute
|-damage|p2a: Sceptile|106\/281
|move|p1a: Politoed|Scald|p2a: Sceptile
|-resisted|p2a: Sceptile
|-activate|p2a: Sceptile|Substitute|[damage]
|
|-weather|RainDance|[upkeep]
|turn|15
|
|move|p2a: Sceptile|Giga Drain|p1a: Politoed
|-supereffective|p1a: Politoed
|-damage|p1a: Politoed|76\/384
|-heal|p2a: Sceptile|260\/281|[from] drain|[of] p1a: Politoed
|move|p1a: Politoed|Scald|p2a: Sceptile
|-resisted|p2a: Sceptile
|-end|p2a: Sceptile|Substitute
|
|-weather|RainDance|[upkeep]
|turn|16
|c|âcloud storm|this thing destroys me
|
|move|p2a: Sceptile|Substitute|p2a: Sceptile
|-start|p2a: Sceptile|Substitute
|-damage|p2a: Sceptile|190\/281
|move|p1a: Politoed|Scald|p2a: Sceptile
|-crit|p2a: Sceptile
|-resisted|p2a: Sceptile
|-activate|p2a: Sceptile|Substitute|[damage]
|
|-weather|none
|turn|17
|c|âCumown|and most hyper offense, I like it
|
|move|p2a: Sceptile|Giga Drain|p1a: Politoed
|-supereffective|p1a: Politoed
|-damage|p1a: Politoed|0 fnt
|-heal|p2a: Sceptile|228\/281|[from] drain|[of] p1a: Politoed
|faint|p1a: Politoed
|
|
|switch|p1a: Azumarill|Azumarill, F|403\/403
|turn|18
|
|move|p2a: Sceptile|Giga Drain|p1a: Azumarill
|-supereffective|p1a: Azumarill
|-damage|p1a: Azumarill|59\/403
|-heal|p2a: Sceptile|281\/281|[from] drain|[of] p1a: Azumarill
|-enditem|p1a: Azumarill|Sitrus Berry|[eat]
|-heal|p1a: Azumarill|159\/403|[from] item: Sitrus Berry
|move|p1a: Azumarill|Play Rough|p2a: Sceptile
|-supereffective|p2a: Sceptile
|-end|p2a: Sceptile|Substitute
|
|turn|19
|c|âcloud storm|yhh this is gd game
|-message|cloud storm forfeited.
|leave|cloud storm
|
|win|Cumown
|raw|Ladder updating...
|player|p1
|raw|cloud storm's rating: 1382 &rarr; <strong>1359<\/strong><br \/>(-23 for losing)
|raw|Cumown's rating: 1321 &rarr; <strong>1344<\/strong><br \/>(+23 for winning)
|c|âCumown|gg