|join|TITRATION
|join|Cumown
|player|p1|TITRATION|73
|player|p2|Cumown|102
|gametype|singles
|gen|6
|tier|OU
|rated
|clearpoke
|poke|p1|Sableye, M
|poke|p1|Excadrill, F
|poke|p1|Greninja, F
|poke|p1|Gyarados, F
|poke|p1|Clefable, M
|poke|p1|Manectric, F
|poke|p2|Hydreigon, M
|poke|p2|Ferrothorn, F
|poke|p2|Slowbro, M
|poke|p2|Gardevoir, F
|poke|p2|Starmie
|poke|p2|Clefable, F
|rule|Swagger Clause: Swagger is banned
|rule|Baton Pass Clause: Limit one PokÃ©mon knowing Baton Pass
|rule|Sleep Clause Mod: Limit one foe put to sleep
|rule|Species Clause: Limit one of each PokÃ©mon
|rule|OHKO Clause: OHKO moves are banned
|rule|Moody Clause: Moody is banned
|rule|Evasion Moves Clause: Evasion moves are banned
|rule|Endless Battle Clause: Forcing endless battles is banned
|rule|HP Percentage Mod: HP is shown in percentages
|teampreview
|
|start
|switch|p1a: Manectric|Manectric, F|281\/281
|switch|p2a: Gardevoir|Gardevoir, F|277\/277
|-ability|p2a: Gardevoir|Lightning Rod|[from] ability: Trace|[of] p1a: Manectric
|turn|1
|
|detailschange|p1a: Manectric|Manectric-Mega, F
|-mega|p1a: Manectric|Manectric|Manectite
|-ability|p1a: Manectric|Intimidate|[of] p2a: Gardevoir
|-unboost|p2a: Gardevoir|atk|1
|detailschange|p2a: Gardevoir|Gardevoir-Mega, F
|-mega|p2a: Gardevoir|Gardevoir|Gardevoirite
|move|p1a: Manectric|Volt Switch|p2a: Gardevoir
|-damage|p2a: Gardevoir|174\/277
|
|switch|p1a: Excadrill|Excadrill, F|393\/393
|-ability|p1a: Excadrill|Mold Breaker
|move|p2a: Gardevoir|Hyper Voice|p1a: Excadrill
|-resisted|p1a: Excadrill
|-damage|p1a: Excadrill|294\/393
|
|turn|2
|
|switch|p2a: Slowbro|Slowbro, M|394\/394
|move|p1a: Excadrill|Earthquake|p2a: Slowbro
|-damage|p2a: Slowbro|271\/394
|
|-heal|p2a: Slowbro|295\/394|[from] item: Leftovers
|turn|3
|
|switch|p1a: Gyarados|Gyarados, F|393\/393
|-ability|p1a: Gyarados|Intimidate|[of] p2a: Slowbro
|-unboost|p2a: Slowbro|atk|1
|move|p2a: Slowbro|Thunder Wave|p1a: Gyarados
|-status|p1a: Gyarados|par
|
|-heal|p2a: Slowbro|319\/394|[from] item: Leftovers
|turn|4
|
|switch|p2a: Ferrothorn|Ferrothorn, F|352\/352
|switch|p1a: Manectric|Manectric-Mega, F|281\/281
|-ability|p1a: Manectric|Intimidate|[of] p2a: Ferrothorn
|-unboost|p2a: Ferrothorn|atk|1
|
|turn|5
|
|switch|p2a: Hydreigon|Hydreigon, M|337\/337
|move|p1a: Manectric|Overheat|p2a: Hydreigon
|-resisted|p2a: Hydreigon
|-damage|p2a: Hydreigon|251\/337
|-unboost|p1a: Manectric|spa|2
|
|turn|6
|
|switch|p1a: Clefable|Clefable, M|394\/394
|move|p2a: Hydreigon|Draco Meteor|p1a: Clefable
|-immune|p1a: Clefable|[msg]
|
|turn|7
|
|switch|p2a: Slowbro|Slowbro, M|394\/394
|move|p1a: Clefable|Aromatherapy|p1a: Clefable
|-cureteam|p1a: Clefable|[from] move: Aromatherapy
|
|turn|8
|
|move|p1a: Clefable|Wish|p1a: Clefable
|move|p2a: Slowbro|Scald|p1a: Clefable
|-damage|p1a: Clefable|298\/394
|
|-heal|p1a: Clefable|322\/394|[from] item: Leftovers
|turn|9
|
|switch|p1a: Manectric|Manectric-Mega, F|281\/281
|-ability|p1a: Manectric|Intimidate|[of] p2a: Slowbro
|-unboost|p2a: Slowbro|atk|1
|switch|p2a: Clefable|Clefable, F|394\/394
|
|turn|10
|
|move|p1a: Manectric|Volt Switch|p2a: Clefable
|-damage|p2a: Clefable|268\/394
|
|switch|p1a: Excadrill|Excadrill, F|294\/393
|-ability|p1a: Excadrill|Mold Breaker
|move|p2a: Clefable|Knock Off|p1a: Excadrill
|-damage|p1a: Excadrill|220\/393
|-enditem|p1a: Excadrill|Assault Vest|[from] move: Knock Off|[of] p2a: Clefable
|
|-heal|p2a: Clefable|292\/394|[from] item: Leftovers
|turn|11
|
|switch|p2a: Ferrothorn|Ferrothorn, F|352\/352
|move|p1a: Excadrill|Earthquake|p2a: Ferrothorn
|-damage|p2a: Ferrothorn|231\/352
|
|-heal|p2a: Ferrothorn|253\/352|[from] item: Leftovers
|turn|12
|
|switch|p1a: Gyarados|Gyarados, F|393\/393
|-ability|p1a: Gyarados|Intimidate|[of] p2a: Ferrothorn
|-unboost|p2a: Ferrothorn|atk|1
|move|p2a: Ferrothorn|Stealth Rock|p1a: Gyarados
|-sidestart|p1: TITRATION|move: Stealth Rock
|
|-heal|p2a: Ferrothorn|275\/352|[from] item: Leftovers
|turn|13
|
|move|p1a: Gyarados|Substitute|p1a: Gyarados
|-start|p1a: Gyarados|Substitute
|-damage|p1a: Gyarados|295\/393
|move|p2a: Ferrothorn|Power Whip|p1a: Gyarados
|-end|p1a: Gyarados|Substitute
|
|-heal|p1a: Gyarados|319\/393|[from] item: Leftovers
|-heal|p2a: Ferrothorn|297\/352|[from] item: Leftovers
|turn|14
|
|move|p1a: Gyarados|Substitute|p1a: Gyarados
|-start|p1a: Gyarados|Substitute
|-damage|p1a: Gyarados|221\/393
|move|p2a: Ferrothorn|Power Whip|p1a: Gyarados
|-end|p1a: Gyarados|Substitute
|
|-heal|p1a: Gyarados|245\/393|[from] item: Leftovers
|-heal|p2a: Ferrothorn|319\/352|[from] item: Leftovers
|turn|15
|
|switch|p1a: Sableye|Sableye, M|303\/303
|-damage|p1a: Sableye|266\/303|[from] Stealth Rock
|move|p2a: Ferrothorn|Power Whip|p1a: Sableye
|-damage|p1a: Sableye|191\/303
|
|-heal|p1a: Sableye|209\/303|[from] item: Leftovers
|-heal|p2a: Ferrothorn|341\/352|[from] item: Leftovers
|turn|16
|
|switch|p2a: Clefable|Clefable, F|292\/394
|move|p1a: Sableye|Taunt|p2a: Clefable
|-start|p2a: Clefable|move: Taunt
|
|-heal|p2a: Clefable|316\/394|[from] item: Leftovers
|-heal|p1a: Sableye|227\/303|[from] item: Leftovers
|turn|17
|
|move|p2a: Clefable|Moonblast|p1a: Sableye
|-crit|p1a: Sableye
|-supereffective|p1a: Sableye
|-damage|p1a: Sableye|0 fnt
|faint|p1a: Sableye
|
|-heal|p2a: Clefable|340\/394|[from] item: Leftovers
|
|switch|p1a: Greninja|Greninja, F|285\/285
|-damage|p1a: Greninja|250\/285|[from] Stealth Rock
|turn|18
|
|switch|p2a: Ferrothorn|Ferrothorn, F|341\/352
|move|p1a: Greninja|Gunk Shot|p2a: Ferrothorn
|-start|p1a: Greninja|typechange|Poison|[from] Protean
|-immune|p2a: Ferrothorn|[msg]
|
|-heal|p2a: Ferrothorn|352\/352|[from] item: Leftovers
|turn|19
|
|move|p2a: Ferrothorn|Protect|p2a: Ferrothorn
|-singleturn|p2a: Ferrothorn|Protect
|move|p1a: Greninja|U-turn|p2a: Ferrothorn
|-start|p1a: Greninja|typechange|Bug|[from] Protean
|-activate|p2a: Ferrothorn|Protect
|
|turn|20
|
|move|p1a: Greninja|U-turn|p2a: Ferrothorn
|-damage|p2a: Ferrothorn|289\/352
|-damage|p1a: Greninja|215\/285|[from] ability: Iron Barbs|[of] p2a: Ferrothorn
|
|switch|p1a: Manectric|Manectric-Mega, F|281\/281
|-damage|p1a: Manectric|246\/281|[from] Stealth Rock
|-ability|p1a: Manectric|Intimidate|[of] p2a: Ferrothorn
|-unboost|p2a: Ferrothorn|atk|1
|move|p2a: Ferrothorn|Power Whip|p1a: Manectric
|-damage|p1a: Manectric|132\/281
|
|-heal|p2a: Ferrothorn|311\/352|[from] item: Leftovers
|turn|21
|
|switch|p2a: Hydreigon|Hydreigon, M|251\/337
|move|p1a: Manectric|Thunderbolt|p2a: Hydreigon
|-resisted|p2a: Hydreigon
|-damage|p2a: Hydreigon|167\/337
|-status|p2a: Hydreigon|par
|
|turn|22
|
|move|p1a: Manectric|Volt Switch|p2a: Hydreigon
|-resisted|p2a: Hydreigon
|-damage|p2a: Hydreigon|98\/337 par
|
|switch|p1a: Excadrill|Excadrill, F|220\/393
|-damage|p1a: Excadrill|208\/393|[from] Stealth Rock
|-ability|p1a: Excadrill|Mold Breaker
|cant|p2a: Hydreigon|par
|
|turn|23
|
|move|p1a: Excadrill|Rapid Spin|p2a: Hydreigon
|-damage|p2a: Hydreigon|70\/337 par
|-sideend|p1: TITRATION|Stealth Rock|[from] move: Rapid Spin|[of] p1a: Excadrill
|move|p2a: Hydreigon|Flamethrower|p1a: Excadrill
|-crit|p1a: Excadrill
|-supereffective|p1a: Excadrill
|-damage|p1a: Excadrill|0 fnt
|faint|p1a: Excadrill
|
|
|switch|p1a: Manectric|Manectric-Mega, F|132\/281
|-ability|p1a: Manectric|Intimidate|[of] p2a: Hydreigon
|-unboost|p2a: Hydreigon|atk|1
|turn|24
|
|move|p1a: Manectric|Thunderbolt|p2a: Hydreigon
|-resisted|p2a: Hydreigon
|-damage|p2a: Hydreigon|0 fnt
|faint|p2a: Hydreigon
|
|
|switch|p2a: Clefable|Clefable, F|340\/394
|turn|25
|
|move|p1a: Manectric|Volt Switch|p2a: Clefable
|-damage|p2a: Clefable|232\/394
|
|switch|p1a: Clefable|Clefable, M|322\/394
|move|p2a: Clefable|Moonblast|p1a: Clefable
|-damage|p1a: Clefable|196\/394
|
|-heal|p1a: Clefable|220\/394|[from] item: Leftovers
|-heal|p2a: Clefable|256\/394|[from] item: Leftovers
|turn|26
|
|move|p2a: Clefable|Soft-Boiled|p2a: Clefable
|-heal|p2a: Clefable|394\/394
|move|p1a: Clefable|Wish|p1a: Clefable
|
|-heal|p1a: Clefable|244\/394|[from] item: Leftovers
|turn|27
|
|move|p2a: Clefable|Knock Off|p1a: Clefable
|-crit|p1a: Clefable
|-resisted|p1a: Clefable
|-damage|p1a: Clefable|212\/394
|-enditem|p1a: Clefable|Leftovers|[from] move: Knock Off|[of] p2a: Clefable
|move|p1a: Clefable|Thunder Wave|p2a: Clefable
|-status|p2a: Clefable|par
|
|-heal|p1a: Clefable|394\/394|[from] move: Wish|[wisher] Clefable
|turn|28
|
|switch|p1a: Greninja|Greninja, F|215\/285
|switch|p2a: Ferrothorn|Ferrothorn, F|311\/352
|
|-heal|p2a: Ferrothorn|333\/352|[from] item: Leftovers
|turn|29
|
|move|p1a: Greninja|Low Kick|p2a: Ferrothorn
|-start|p1a: Greninja|typechange|Fighting|[from] Protean
|-supereffective|p2a: Ferrothorn
|-damage|p2a: Ferrothorn|93\/352
|-damage|p1a: Greninja|180\/285|[from] ability: Iron Barbs|[of] p2a: Ferrothorn
|move|p2a: Ferrothorn|Power Whip|p1a: Greninja
|-damage|p1a: Greninja|2\/285
|
|-heal|p2a: Ferrothorn|115\/352|[from] item: Leftovers
|turn|30
|
|switch|p2a: Starmie|Starmie|323\/323
|move|p1a: Greninja|Ice Beam|p2a: Starmie
|-start|p1a: Greninja|typechange|Ice|[from] Protean
|-resisted|p2a: Starmie
|-damage|p2a: Starmie|261\/323
|
|-heal|p2a: Starmie|281\/323|[from] item: Leftovers
|turn|31
|
|move|p1a: Greninja|U-turn|p2a: Starmie
|-start|p1a: Greninja|typechange|Bug|[from] Protean
|-crit|p2a: Starmie
|-supereffective|p2a: Starmie
|-damage|p2a: Starmie|0 fnt
|faint|p2a: Starmie
|
|switch|p1a: Manectric|Manectric-Mega, F|132\/281
|
|
|switch|p2a: Gardevoir|Gardevoir-Mega, F|174\/277
|turn|32
|
|move|p1a: Manectric|Volt Switch|p2a: Gardevoir
|-damage|p2a: Gardevoir|74\/277
|
|switch|p1a: Clefable|Clefable, M|394\/394
|move|p2a: Gardevoir|Hyper Voice|p1a: Clefable
|-damage|p1a: Clefable|108\/394
|
|turn|33
|
|move|p2a: Gardevoir|Hyper Voice|p1a: Clefable
|-damage|p1a: Clefable|0 fnt
|faint|p1a: Clefable
|
|
|switch|p1a: Manectric|Manectric-Mega, F|132\/281
|-ability|p1a: Manectric|Intimidate|[of] p2a: Gardevoir
|-unboost|p2a: Gardevoir|atk|1
|turn|34
|
|switch|p2a: Ferrothorn|Ferrothorn, F|115\/352
|move|p1a: Manectric|Thunderbolt|p2a: Ferrothorn
|-resisted|p2a: Ferrothorn
|-damage|p2a: Ferrothorn|48\/352
|
|-heal|p2a: Ferrothorn|70\/352|[from] item: Leftovers
|turn|35
|
|switch|p2a: Clefable|Clefable, F|394\/394 par
|move|p1a: Manectric|Overheat|p2a: Clefable
|-damage|p2a: Clefable|238\/394 par
|-unboost|p1a: Manectric|spa|2
|
|-heal|p2a: Clefable|262\/394 par|[from] item: Leftovers
|turn|36
|
|move|p1a: Manectric|Volt Switch|p2a: Clefable
|-damage|p2a: Clefable|202\/394 par
|
|switch|p1a: Greninja|Greninja, F|2\/285
|move|p2a: Clefable|Moonblast|p1a: Greninja
|-supereffective|p1a: Greninja
|-damage|p1a: Greninja|0 fnt
|faint|p1a: Greninja
|
|-heal|p2a: Clefable|226\/394 par|[from] item: Leftovers
|
|switch|p1a: Gyarados|Gyarados, F|245\/393
|-ability|p1a: Gyarados|Intimidate|[of] p2a: Clefable
|-unboost|p2a: Clefable|atk|1
|turn|37
|
|move|p1a: Gyarados|Dragon Dance|p1a: Gyarados
|-boost|p1a: Gyarados|atk|1
|-boost|p1a: Gyarados|spe|1
|move|p2a: Clefable|Moonblast|p1a: Gyarados
|-damage|p1a: Gyarados|131\/393
|
|-heal|p1a: Gyarados|155\/393|[from] item: Leftovers
|-heal|p2a: Clefable|250\/394 par|[from] item: Leftovers
|turn|38
|
|move|p1a: Gyarados|Waterfall|p2a: Clefable
|-damage|p2a: Clefable|66\/394 par
|move|p2a: Clefable|Moonblast|p1a: Gyarados
|-damage|p1a: Gyarados|44\/393
|
|-heal|p1a: Gyarados|68\/393|[from] item: Leftovers
|-heal|p2a: Clefable|90\/394 par|[from] item: Leftovers
|turn|39
|
|move|p1a: Gyarados|Bounce|p2a: Clefable|[still]
|-prepare|p1a: Gyarados|Bounce|p2a: Clefable
|cant|p2a: Clefable|par
|
|-heal|p1a: Gyarados|92\/393|[from] item: Leftovers
|-heal|p2a: Clefable|114\/394 par|[from] item: Leftovers
|turn|40
|
|switch|p2a: Ferrothorn|Ferrothorn, F|70\/352
|move|p1a: Gyarados|Bounce|p2a: Ferrothorn
|-damage|p2a: Ferrothorn|0 fnt
|-damage|p1a: Gyarados|43\/393|[from] ability: Iron Barbs|[of] p2a: Ferrothorn
|faint|p2a: Ferrothorn
|
|-heal|p1a: Gyarados|67\/393|[from] item: Leftovers
|
|switch|p2a: Slowbro|Slowbro, M|394\/394
|turn|41
|
|move|p1a: Gyarados|Bounce|p2a: Slowbro|[still]
|-prepare|p1a: Gyarados|Bounce|p2a: Slowbro
|move|p2a: Slowbro|Thunder Wave|p1a: Gyarados|[miss]
|-miss|p2a: Slowbro|p1a: Gyarados
|
|-heal|p1a: Gyarados|91\/393|[from] item: Leftovers
|turn|42
|
|move|p1a: Gyarados|Bounce|p2a: Slowbro|[miss]
|-miss|p1a: Gyarados|p2a: Slowbro
|move|p2a: Slowbro|Thunder Wave|p1a: Gyarados
|-status|p1a: Gyarados|par
|
|-heal|p1a: Gyarados|115\/393 par|[from] item: Leftovers
|turn|43
|
|move|p1a: Gyarados|Waterfall|p2a: Slowbro
|-resisted|p2a: Slowbro
|-damage|p2a: Slowbro|332\/394
|move|p2a: Slowbro|Psyshock|p1a: Gyarados
|-damage|p1a: Gyarados|0 fnt
|faint|p1a: Gyarados
|
|-heal|p2a: Slowbro|356\/394|[from] item: Leftovers
|
|switch|p1a: Manectric|Manectric-Mega, F|132\/281
|-ability|p1a: Manectric|Intimidate|[of] p2a: Slowbro
|-unboost|p2a: Slowbro|atk|1
|turn|44
|
|switch|p2a: Clefable|Clefable, F|114\/394 par
|move|p1a: Manectric|Thunderbolt|p2a: Clefable
|-damage|p2a: Clefable|0 fnt
|faint|p2a: Clefable
|
|
|switch|p2a: Slowbro|Slowbro, M|394\/394
|turn|45
|
|move|p1a: Manectric|Thunderbolt|p2a: Slowbro
|-supereffective|p2a: Slowbro
|-damage|p2a: Slowbro|28\/394
|move|p2a: Slowbro|Scald|p1a: Manectric
|-damage|p1a: Manectric|11\/281
|-status|p1a: Manectric|brn
|
|-heal|p2a: Slowbro|52\/394|[from] item: Leftovers
|-damage|p1a: Manectric|0 fnt|[from] brn
|faint|p1a: Manectric
|
|win|Cumown
|raw|Ladder updating...
|raw|TITRATION's rating: 1515 &rarr; <strong>1495<\/strong><br \/>(-20 for losing)
|raw|Cumown's rating: 1512 &rarr; <strong>1532<\/strong><br \/>(+20 for winning)
|c|âTITRATION|lucky you
|leave|TITRATION
|player|p1