|join|subzeromkx
|join|Cumown
|player|p1|subzeromkx|20
|player|p2|Cumown|287
|gametype|singles
|gen|6
|tier|OU
|rated
|clearpoke
|poke|p1|Landorus, M
|poke|p1|Gardevoir, F, shiny
|poke|p1|Breloom, M
|poke|p1|Bisharp, F
|poke|p1|Latias, F
|poke|p1|Garchomp, M
|poke|p2|Mamoswine, F
|poke|p2|Rotom-Wash
|poke|p2|Gothitelle, F
|poke|p2|Hydreigon, M
|poke|p2|Clefable, M
|poke|p2|Scizor, F
|rule|Swagger Clause: Swagger is banned
|rule|Baton Pass Clause: Limit one PokÃ©mon knowing Baton Pass
|rule|Sleep Clause Mod: Limit one foe put to sleep
|rule|Species Clause: Limit one of each PokÃ©mon
|rule|OHKO Clause: OHKO moves are banned
|rule|Moody Clause: Moody is banned
|rule|Evasion Moves Clause: Evasion moves are banned
|rule|Endless Battle Clause: Forcing endless battles is banned
|rule|HP Percentage Mod: HP is shown in percentages
|teampreview
|
|start
|switch|p1a: Hilda|Gardevoir, F, shiny|314\/314
|switch|p2a: Gothitelle|Gothitelle, F|301\/301
|-ability|p1a: Hilda|Shadow Tag|[from] ability: Trace|[of] p2a: Gothitelle
|turn|1
|
|switch|p2a: Scizor|Scizor, F|342\/342
|detailschange|p1a: Hilda|Gardevoir-Mega, F, shiny
|-mega|p1a: Hilda|Gardevoir|Gardevoirite
|move|p1a: Hilda|Hyper Voice|p2a: Scizor
|-resisted|p2a: Scizor
|-damage|p2a: Scizor|179\/342
|
|turn|2
|
|switch|p1a: Kisame|Garchomp, M|419\/419
|detailschange|p2a: Scizor|Scizor-Mega, F
|-mega|p2a: Scizor|Scizor|Scizorite
|move|p2a: Scizor|Roost|p2a: Scizor
|-heal|p2a: Scizor|342\/342
|
|turn|3
|
|switch|p2a: Clefable|Clefable, M|394\/394
|move|p1a: Kisame|Stealth Rock|p2a: Clefable
|-sidestart|p2: Cumown|move: Stealth Rock
|
|turn|4
|
|switch|p1a: Hilda|Gardevoir-Mega, F, shiny|314\/314
|move|p2a: Clefable|Stealth Rock|p1a: Hilda
|-sidestart|p1: subzeromkx|move: Stealth Rock
|
|turn|5
|
|switch|p2a: Scizor|Scizor-Mega, F|342\/342
|-damage|p2a: Scizor|300\/342|[from] Stealth Rock
|move|p1a: Hilda|Hyper Voice|p2a: Scizor
|-resisted|p2a: Scizor
|-damage|p2a: Scizor|175\/342
|
|turn|6
|
|move|p1a: Hilda|Taunt|p2a: Scizor
|-start|p2a: Scizor|move: Taunt
|cant|p2a: Scizor|move: Taunt|Roost
|
|turn|7
|
|switch|p1a: Kisame|Garchomp, M|419\/419
|-damage|p1a: Kisame|393\/419|[from] Stealth Rock
|switch|p2a: Gothitelle|Gothitelle, F|301\/301
|-damage|p2a: Gothitelle|264\/301|[from] Stealth Rock
|
|turn|8
|
|move|p2a: Gothitelle|Trick|p1a: Kisame
|-activate|p2a: Gothitelle|move: Trick|[of] p1a: Kisame
|-item|p1a: Kisame|Choice Scarf|[from] move: Trick
|-item|p2a: Gothitelle|Rocky Helmet|[from] move: Trick
|move|p1a: Kisame|Earthquake|p2a: Gothitelle
|-damage|p2a: Gothitelle|120\/301
|
|turn|9
|
|switch|p2a: Hydreigon|Hydreigon, M|325\/325
|-damage|p2a: Hydreigon|285\/325|[from] Stealth Rock
|move|p1a: Kisame|Earthquake|p2a: Hydreigon
|-immune|p2a: Hydreigon|[msg]
|
|turn|10
|
|switch|p1a: Bisharp|Bisharp, F|290\/290
|-damage|p1a: Bisharp|272\/290|[from] Stealth Rock
|move|p2a: Hydreigon|U-turn|p1a: Bisharp
|-damage|p1a: Bisharp|216\/290
|
|switch|p2a: Scizor|Scizor-Mega, F|175\/342
|-damage|p2a: Scizor|133\/342|[from] Stealth Rock
|
|turn|11
|
|switch|p1a: Kisame|Garchomp, M|393\/419
|-damage|p1a: Kisame|367\/419|[from] Stealth Rock
|move|p2a: Scizor|Roost|p2a: Scizor
|-heal|p2a: Scizor|304\/342
|
|turn|12
|
|switch|p1a: Hilda|Gardevoir-Mega, F, shiny|314\/314
|-damage|p1a: Hilda|275\/314|[from] Stealth Rock
|switch|p2a: Clefable|Clefable, M|394\/394
|
|turn|13
|
|move|p1a: Hilda|Hyper Voice|p2a: Clefable
|-damage|p2a: Clefable|142\/394
|move|p2a: Clefable|Thunder Wave|p1a: Hilda
|-status|p1a: Hilda|par
|
|-heal|p2a: Clefable|166\/394|[from] item: Leftovers
|turn|14
|
|switch|p1a: Ugo|Landorus, M|319\/319
|-damage|p1a: Ugo|280\/319|[from] Stealth Rock
|move|p2a: Clefable|Soft-Boiled|p2a: Clefable
|-heal|p2a: Clefable|363\/394
|
|-heal|p2a: Clefable|387\/394|[from] item: Leftovers
|turn|15
|
|move|p1a: Ugo|Sludge Wave|p2a: Clefable
|-supereffective|p2a: Clefable
|-damage|p2a: Clefable|62\/394
|move|p2a: Clefable|Moonblast|p1a: Ugo
|-damage|p1a: Ugo|144\/319
|-unboost|p1a: Ugo|spa|1
|
|-heal|p2a: Clefable|86\/394|[from] item: Leftovers
|turn|16
|
|switch|p2a: Hydreigon|Hydreigon, M|285\/325
|-damage|p2a: Hydreigon|245\/325|[from] Stealth Rock
|move|p1a: Ugo|Earth Power|p2a: Hydreigon
|-immune|p2a: Hydreigon|[msg]
|
|turn|17
|
|move|p2a: Hydreigon|Dark Pulse|p1a: Ugo
|-crit|p1a: Ugo
|-damage|p1a: Ugo|0 fnt
|faint|p1a: Ugo
|
|
|switch|p1a: Kensei|Breloom, M|278\/278
|-damage|p1a: Kensei|261\/278|[from] Stealth Rock
|turn|18
|
|switch|p2a: Gothitelle|Gothitelle, F|120\/301
|-damage|p2a: Gothitelle|83\/301|[from] Stealth Rock
|move|p1a: Kensei|Swords Dance|p1a: Kensei
|-boost|p1a: Kensei|atk|2
|
|turn|19
|
|move|p1a: Kensei|Mach Punch|p2a: Gothitelle
|-resisted|p2a: Gothitelle
|-damage|p2a: Gothitelle|0 fnt
|-damage|p1a: Kensei|215\/278|[from] item: Rocky Helmet|[of] p2a: Gothitelle
|-damage|p1a: Kensei|188\/278|[from] item: Life Orb
|faint|p2a: Gothitelle
|
|
|switch|p2a: Mamoswine|Mamoswine, F|361\/361
|-damage|p2a: Mamoswine|316\/361|[from] Stealth Rock
|turn|20
|
|switch|p1a: Bisharp|Bisharp, F|216\/290
|-damage|p1a: Bisharp|198\/290|[from] Stealth Rock
|move|p2a: Mamoswine|Ice Shard|p1a: Bisharp
|-resisted|p1a: Bisharp
|-damage|p1a: Bisharp|155\/290
|-damage|p2a: Mamoswine|280\/361|[from] item: Life Orb
|
|turn|21
|
|switch|p2a: Scizor|Scizor-Mega, F|304\/342
|-damage|p2a: Scizor|262\/342|[from] Stealth Rock
|move|p1a: Bisharp|Sucker Punch|p2a: Scizor
|-fail|p2a: Scizor
|
|turn|22
|
|switch|p1a: Kisame|Garchomp, M|367\/419
|-damage|p1a: Kisame|341\/419|[from] Stealth Rock
|move|p2a: Scizor|Swords Dance|p2a: Scizor
|-boost|p2a: Scizor|atk|2
|
|turn|23
|
|switch|p2a: Rotom-Wash|Rotom-Wash|304\/304
|-damage|p2a: Rotom-Wash|266\/304|[from] Stealth Rock
|move|p1a: Kisame|Fire Blast|p2a: Rotom-Wash
|-resisted|p2a: Rotom-Wash
|-damage|p2a: Rotom-Wash|235\/304
|
|-heal|p2a: Rotom-Wash|254\/304|[from] item: Leftovers
|turn|24
|
|switch|p1a: Latias|Latias, F|301\/301
|-damage|p1a: Latias|264\/301|[from] Stealth Rock
|move|p2a: Rotom-Wash|Volt Switch|p1a: Latias
|-resisted|p1a: Latias
|-damage|p1a: Latias|229\/301
|
|switch|p2a: Hydreigon|Hydreigon, M|245\/325
|-damage|p2a: Hydreigon|205\/325|[from] Stealth Rock
|
|turn|25
|
|switch|p1a: Bisharp|Bisharp, F|155\/290
|-damage|p1a: Bisharp|137\/290|[from] Stealth Rock
|move|p2a: Hydreigon|Dark Pulse|p1a: Bisharp
|-resisted|p1a: Bisharp
|-damage|p1a: Bisharp|74\/290
|
|turn|26
|
|move|p2a: Hydreigon|Dark Pulse|p1a: Bisharp
|-resisted|p1a: Bisharp
|-damage|p1a: Bisharp|12\/290
|move|p1a: Bisharp|Knock Off|p2a: Hydreigon
|-resisted|p2a: Hydreigon
|-damage|p2a: Hydreigon|100\/325
|-enditem|p2a: Hydreigon|Choice Scarf|[from] move: Knock Off|[of] p1a: Bisharp
|
|turn|27
|
|move|p2a: Hydreigon|Dark Pulse|p1a: Bisharp
|-resisted|p1a: Bisharp
|-damage|p1a: Bisharp|0 fnt
|faint|p1a: Bisharp
|
|
|switch|p1a: Kensei|Breloom, M|188\/278
|-damage|p1a: Kensei|171\/278|[from] Stealth Rock
|turn|28
|
|move|p1a: Kensei|Mach Punch|p2a: Hydreigon
|-supereffective|p2a: Hydreigon
|-damage|p2a: Hydreigon|0 fnt
|-damage|p1a: Kensei|144\/278|[from] item: Life Orb
|faint|p2a: Hydreigon
|
|
|switch|p2a: Mamoswine|Mamoswine, F|280\/361
|-damage|p2a: Mamoswine|235\/361|[from] Stealth Rock
|turn|29
|
|move|p2a: Mamoswine|Ice Shard|p1a: Kensei
|-supereffective|p1a: Kensei
|-damage|p1a: Kensei|0 fnt
|-damage|p2a: Mamoswine|199\/361|[from] item: Life Orb
|faint|p1a: Kensei
|
|-message|subzeromkx forfeited.
|
|win|Cumown
|raw|Ladder updating...
|raw|subzeromkx's rating: 1674 &rarr; <strong>1655<\/strong><br \/>(-19 for losing)
|raw|Cumown's rating: 1683 &rarr; <strong>1703<\/strong><br \/>(+20 for winning)
|leave|subzeromkx
|player|p1