|join|Angels cry
|join|Cumown
|player|p1|Angels cry|168
|player|p2|Cumown|102
|gametype|singles
|gen|6
|tier|OU
|rated
|clearpoke
|poke|p1|Thundurus, M
|poke|p1|Bisharp, F
|poke|p1|Greninja, F
|poke|p1|Garchomp, F
|poke|p1|Scizor, M
|poke|p1|Landorus-Therian, M
|poke|p2|Gothitelle, F
|poke|p2|Ferrothorn, F
|poke|p2|Lopunny, M
|poke|p2|Slowbro, F
|poke|p2|Clefable, M
|poke|p2|Tentacruel, M
|rule|Swagger Clause: Swagger is banned
|rule|Baton Pass Clause: Limit one PokÃ©mon knowing Baton Pass
|rule|Sleep Clause Mod: Limit one foe put to sleep
|rule|Species Clause: Limit one of each PokÃ©mon
|rule|OHKO Clause: OHKO moves are banned
|rule|Moody Clause: Moody is banned
|rule|Evasion Moves Clause: Evasion moves are banned
|rule|Endless Battle Clause: Forcing endless battles is banned
|rule|HP Percentage Mod: HP is shown in percentages
|teampreview
|
|start
|switch|p1a: Landorus-Therian|Landorus-Therian, M|320\/320
|switch|p2a: Lopunny|Lopunny, M|271\/271
|-ability|p1a: Landorus-Therian|Intimidate|[of] p2a: Lopunny
|-unboost|p2a: Lopunny|atk|1
|turn|1
|
|detailschange|p2a: Lopunny|Lopunny-Mega, M
|-mega|p2a: Lopunny|Lopunny|Lopunnite
|move|p2a: Lopunny|Fake Out|p1a: Landorus-Therian
|-damage|p1a: Landorus-Therian|265\/320
|cant|p1a: Landorus-Therian|flinch
|
|turn|2
|
|switch|p2a: Ferrothorn|Ferrothorn, F|352\/352
|move|p1a: Landorus-Therian|Superpower|p2a: Ferrothorn
|-supereffective|p2a: Ferrothorn
|-damage|p2a: Ferrothorn|138\/352
|-damage|p1a: Landorus-Therian|225\/320|[from] ability: Iron Barbs|[of] p2a: Ferrothorn
|-unboost|p1a: Landorus-Therian|atk|1
|-unboost|p1a: Landorus-Therian|def|1
|
|-heal|p2a: Ferrothorn|160\/352|[from] item: Leftovers
|turn|3
|
|switch|p1a: Garchomp|Garchomp, F|357\/357
|move|p2a: Ferrothorn|Leech Seed|p1a: Garchomp
|-start|p1a: Garchomp|move: Leech Seed
|
|-heal|p2a: Ferrothorn|182\/352|[from] item: Leftovers
|-damage|p1a: Garchomp|313\/357|[from] Leech Seed|[of] p2a: Ferrothorn
|-heal|p2a: Ferrothorn|226\/352|[silent]
|turn|4
|
|switch|p1a: Bisharp|Bisharp, F|272\/272
|switch|p2a: Clefable|Clefable, M|394\/394
|
|turn|5
|
|switch|p2a: Lopunny|Lopunny-Mega, M|271\/271
|move|p1a: Bisharp|Knock Off|p2a: Lopunny
|-resisted|p2a: Lopunny
|-damage|p2a: Lopunny|189\/271
|-damage|p1a: Bisharp|245\/272|[from] item: Life Orb
|
|turn|6
|
|switch|p1a: Scizor|Scizor, M|282\/282
|move|p2a: Lopunny|Return|p1a: Scizor
|-resisted|p1a: Scizor
|-damage|p1a: Scizor|183\/282
|
|turn|7
|
|detailschange|p1a: Scizor|Scizor-Mega, M
|-mega|p1a: Scizor|Scizor|Scizorite
|move|p1a: Scizor|Bullet Punch|p2a: Lopunny
|-damage|p2a: Lopunny|54\/271
|move|p2a: Lopunny|Fire Punch|p1a: Scizor
|-supereffective|p1a: Scizor
|-damage|p1a: Scizor|0 fnt
|faint|p1a: Scizor
|
|
|switch|p1a: Landorus-Therian|Landorus-Therian, M|225\/320
|-ability|p1a: Landorus-Therian|Intimidate|[of] p2a: Lopunny
|-unboost|p2a: Lopunny|atk|1
|turn|8
|
|switch|p2a: Ferrothorn|Ferrothorn, F|226\/352
|move|p1a: Landorus-Therian|Earthquake|p2a: Ferrothorn
|-damage|p2a: Ferrothorn|81\/352
|
|-heal|p2a: Ferrothorn|103\/352|[from] item: Leftovers
|turn|9
|
|move|p2a: Ferrothorn|Protect|p2a: Ferrothorn
|-singleturn|p2a: Ferrothorn|Protect
|move|p1a: Landorus-Therian|Earthquake|p2a: Ferrothorn
|-activate|p2a: Ferrothorn|Protect
|
|-heal|p2a: Ferrothorn|125\/352|[from] item: Leftovers
|turn|10
|
|switch|p1a: Bisharp|Bisharp, F|245\/272
|switch|p2a: Slowbro|Slowbro, F|394\/394
|
|turn|11
|
|move|p1a: Bisharp|Knock Off|p2a: Slowbro
|-supereffective|p2a: Slowbro
|-damage|p2a: Slowbro|121\/394
|-enditem|p2a: Slowbro|Leftovers|[from] move: Knock Off|[of] p1a: Bisharp
|-damage|p1a: Bisharp|218\/272|[from] item: Life Orb
|move|p2a: Slowbro|Thunder Wave|p1a: Bisharp
|-status|p1a: Bisharp|par
|
|turn|12
|
|move|p2a: Slowbro|Slack Off|p2a: Slowbro
|-heal|p2a: Slowbro|318\/394
|cant|p1a: Bisharp|par
|
|turn|13
|
|switch|p1a: Thundurus|Thundurus, M|299\/299
|move|p2a: Slowbro|Scald|p1a: Thundurus
|-damage|p1a: Thundurus|184\/299
|
|turn|14
|
|switch|p2a: Ferrothorn|Ferrothorn, F|125\/352
|move|p1a: Thundurus|Thunderbolt|p2a: Ferrothorn
|-resisted|p2a: Ferrothorn
|-damage|p2a: Ferrothorn|62\/352
|
|-heal|p2a: Ferrothorn|84\/352|[from] item: Leftovers
|turn|15
|
|move|p1a: Thundurus|Superpower|p2a: Ferrothorn
|-crit|p2a: Ferrothorn
|-supereffective|p2a: Ferrothorn
|-damage|p2a: Ferrothorn|0 fnt
|-damage|p1a: Thundurus|147\/299|[from] ability: Iron Barbs|[of] p2a: Ferrothorn
|-unboost|p1a: Thundurus|atk|1
|-unboost|p1a: Thundurus|def|1
|faint|p2a: Ferrothorn
|
|
|switch|p2a: Clefable|Clefable, M|394\/394
|turn|16
|
|switch|p1a: Landorus-Therian|Landorus-Therian, M|225\/320
|-ability|p1a: Landorus-Therian|Intimidate|[of] p2a: Clefable
|-unboost|p2a: Clefable|atk|1
|move|p2a: Clefable|Stealth Rock|p1a: Landorus-Therian
|-sidestart|p1: Angels cry|move: Stealth Rock
|
|turn|17
|
|move|p1a: Landorus-Therian|U-turn|p2a: Clefable
|-resisted|p2a: Clefable
|-damage|p2a: Clefable|343\/394
|
|switch|p1a: Bisharp|Bisharp, F|218\/272 par
|-damage|p1a: Bisharp|201\/272 par|[from] Stealth Rock
|move|p2a: Clefable|Moonblast|p1a: Bisharp
|-damage|p1a: Bisharp|54\/272 par
|
|-heal|p2a: Clefable|367\/394|[from] item: Leftovers
|turn|18
|
|move|p1a: Bisharp|Sucker Punch|p2a: Clefable
|-resisted|p2a: Clefable
|-damage|p2a: Clefable|264\/394
|-damage|p1a: Bisharp|27\/272 par|[from] item: Life Orb
|move|p2a: Clefable|Moonblast|p1a: Bisharp
|-damage|p1a: Bisharp|0 fnt
|faint|p1a: Bisharp
|
|-heal|p2a: Clefable|288\/394|[from] item: Leftovers
|
|switch|p1a: Garchomp|Garchomp, F|313\/357
|-damage|p1a: Garchomp|291\/357|[from] Stealth Rock
|turn|19
|
|move|p1a: Garchomp|Stealth Rock|p2a: Clefable
|-sidestart|p2: Cumown|move: Stealth Rock
|move|p2a: Clefable|Moonblast|p1a: Garchomp
|-supereffective|p1a: Garchomp
|-damage|p1a: Garchomp|9\/357
|
|-heal|p2a: Clefable|312\/394|[from] item: Leftovers
|turn|20
|
|move|p1a: Garchomp|Earthquake|p2a: Clefable
|-damage|p2a: Clefable|119\/394
|move|p2a: Clefable|Moonblast|p1a: Garchomp
|-supereffective|p1a: Garchomp
|-damage|p1a: Garchomp|0 fnt
|faint|p1a: Garchomp
|
|-heal|p2a: Clefable|143\/394|[from] item: Leftovers
|
|switch|p1a: Greninja|Greninja, F|286\/286
|-damage|p1a: Greninja|251\/286|[from] Stealth Rock
|turn|21
|
|switch|p2a: Tentacruel|Tentacruel, M|360\/360
|-damage|p2a: Tentacruel|315\/360|[from] Stealth Rock
|move|p1a: Greninja|Spikes|p2a: Tentacruel
|-start|p1a: Greninja|typechange|Ground|[from] Protean
|-sidestart|p2: Cumown|Spikes
|
|-heal|p2a: Tentacruel|337\/360|[from] item: Black Sludge
|turn|22
|
|move|p1a: Greninja|Hidden Power|p2a: Tentacruel
|-start|p1a: Greninja|typechange|Grass|[from] Protean
|-damage|p2a: Tentacruel|263\/360
|-damage|p1a: Greninja|223\/286|[from] item: Life Orb
|move|p2a: Tentacruel|Rapid Spin|p1a: Greninja
|-damage|p1a: Greninja|211\/286
|-sideend|p2: Cumown|Spikes|[from] move: Rapid Spin|[of] p2a: Tentacruel
|-sideend|p2: Cumown|Stealth Rock|[from] move: Rapid Spin|[of] p2a: Tentacruel
|
|-heal|p2a: Tentacruel|285\/360|[from] item: Black Sludge
|turn|23
|-message|Angels cry forfeited.
|
|win|Cumown
|raw|Ladder updating...
|leave|Angels cry
|player|p1
|raw|Angels cry's rating: 1645 &rarr; <strong>1625<\/strong><br \/>(-20 for losing)
|raw|Cumown's rating: 1643 &rarr; <strong>1663<\/strong><br \/>(+20 for winning)