|join|Cumown
|join|LAMFO
|player|p1|Cumown|287
|player|p2|LAMFO|265
|gametype|singles
|gen|6
|tier|OU (suspect test)
|rated
|clearpoke
|poke|p1|Sceptile, F
|poke|p1|Clefable, F
|poke|p1|Porygon2
|poke|p1|Rotom-Wash
|poke|p1|Tentacruel, M
|poke|p1|Gothitelle, M
|poke|p2|Weavile, M
|poke|p2|Terrakion
|poke|p2|Gardevoir, M
|poke|p2|Latias, F
|poke|p2|Rotom-Wash
|poke|p2|Scizor, F
|rule|Swagger Clause: Swagger is banned
|rule|Baton Pass Clause: Limit one PokÃ©mon knowing Baton Pass
|rule|Sleep Clause Mod: Limit one foe put to sleep
|rule|Species Clause: Limit one of each PokÃ©mon
|rule|OHKO Clause: OHKO moves are banned
|rule|Moody Clause: Moody is banned
|rule|Evasion Moves Clause: Evasion moves are banned
|rule|Endless Battle Clause: Forcing endless battles is banned
|rule|HP Percentage Mod: HP is shown in percentages
|teampreview
|join|kektus the good
|join|Upvoted Kanto
|
|start
|switch|p1a: Rotom-Wash|Rotom-Wash|304\/304
|switch|p2a: Terrakion|Terrakion|323\/323
|turn|1
|c| kektus the good|cum
|c| kektus the good|LOL
|join|updated kiddo
|
|move|p2a: Terrakion|Stealth Rock|p1a: Rotom-Wash
|-sidestart|p1: Cumown|move: Stealth Rock
|move|p1a: Rotom-Wash|Will-O-Wisp|p2a: Terrakion
|-status|p2a: Terrakion|brn
|
|-damage|p2a: Terrakion|283\/323 brn|[from] brn
|turn|2
|
|switch|p2a: Latias|Latias, F|299\/299
|move|p1a: Rotom-Wash|Volt Switch|p2a: Latias
|-resisted|p2a: Latias
|-damage|p2a: Latias|264\/299
|
|switch|p1a: Clefable|Clefable, F|394\/394
|
|turn|3
|
|switch|p2a: Terrakion|Terrakion|283\/323 brn
|move|p1a: Clefable|Stealth Rock|p2a: Terrakion
|-sidestart|p2: LAMFO|move: Stealth Rock
|
|-damage|p2a: Terrakion|243\/323 brn|[from] brn
|turn|4
|join|They Call me Good
|
|move|p2a: Terrakion|Stone Edge|p1a: Clefable
|-damage|p1a: Clefable|306\/394
|move|p1a: Clefable|Moonblast|p2a: Terrakion
|-supereffective|p2a: Terrakion
|-damage|p2a: Terrakion|0 fnt
|faint|p2a: Terrakion
|
|-heal|p1a: Clefable|330\/394|[from] item: Leftovers
|
|switch|p2a: Gardevoir|Gardevoir, M|277\/277
|-damage|p2a: Gardevoir|243\/277|[from] Stealth Rock
|-ability|p2a: Gardevoir|Magic Guard|[from] ability: Trace|[of] p1a: Clefable
|turn|5
|
|detailschange|p2a: Gardevoir|Gardevoir-Mega, M
|-mega|p2a: Gardevoir|Gardevoir|Gardevoirite
|move|p2a: Gardevoir|Hyper Voice|p1a: Clefable
|-damage|p1a: Clefable|110\/394
|move|p1a: Clefable|Thunder Wave|p2a: Gardevoir
|-status|p2a: Gardevoir|par
|
|-heal|p1a: Clefable|134\/394|[from] item: Leftovers
|turn|6
|c|âLAMFO|ok?
|
|switch|p1a: Gothitelle|Gothitelle, M|301\/301
|-damage|p1a: Gothitelle|264\/301|[from] Stealth Rock
|cant|p2a: Gardevoir|par
|
|turn|7
|c|âLAMFO|the good set
|c|âLAMFO|also nice
|
|move|p1a: Gothitelle|Psychic|p2a: Gardevoir
|-resisted|p2a: Gardevoir
|-damage|p2a: Gardevoir|194\/277 par
|move|p2a: Gardevoir|Hyper Voice|p1a: Gothitelle
|-damage|p1a: Gothitelle|21\/301
|
|turn|8
|
|move|p1a: Gothitelle|Psychic|p2a: Gardevoir
|-resisted|p2a: Gardevoir
|-damage|p2a: Gardevoir|142\/277 par
|move|p2a: Gardevoir|Psyshock|p1a: Gothitelle
|-resisted|p1a: Gothitelle
|-damage|p1a: Gothitelle|0 fnt
|faint|p1a: Gothitelle
|
|
|switch|p1a: Porygon2|Porygon2|374\/374
|-damage|p1a: Porygon2|328\/374|[from] Stealth Rock
|-ability|p1a: Porygon2|Pixilate|[from] ability: Trace|[of] p2a: Gardevoir
|turn|9
|
|switch|p2a: Scizor|Scizor, F|343\/343
|-damage|p2a: Scizor|301\/343|[from] Stealth Rock
|move|p1a: Porygon2|Foul Play|p2a: Scizor
|-damage|p2a: Scizor|231\/343
|
|-heal|p2a: Scizor|252\/343|[from] item: Leftovers
|turn|10
|
|switch|p1a: Rotom-Wash|Rotom-Wash|304\/304
|-damage|p1a: Rotom-Wash|266\/304|[from] Stealth Rock
|move|p2a: Scizor|Knock Off|p1a: Rotom-Wash
|-crit|p1a: Rotom-Wash
|-damage|p1a: Rotom-Wash|175\/304
|-enditem|p1a: Rotom-Wash|Leftovers|[from] move: Knock Off|[of] p2a: Scizor
|
|-heal|p2a: Scizor|273\/343|[from] item: Leftovers
|turn|11
|
|switch|p2a: Latias|Latias, F|264\/299
|-damage|p2a: Latias|227\/299|[from] Stealth Rock
|move|p1a: Rotom-Wash|Volt Switch|p2a: Latias
|-resisted|p2a: Latias
|-damage|p2a: Latias|190\/299
|
|switch|p1a: Sceptile|Sceptile, F|281\/281
|-damage|p1a: Sceptile|246\/281|[from] Stealth Rock
|
|turn|12
|
|switch|p2a: Rotom-Wash|Rotom-Wash|303\/303
|-damage|p2a: Rotom-Wash|266\/303|[from] Stealth Rock
|detailschange|p1a: Sceptile|Sceptile-Mega, F
|-mega|p1a: Sceptile|Sceptile|Sceptilite
|move|p1a: Sceptile|Dragon Pulse|p2a: Rotom-Wash
|-damage|p2a: Rotom-Wash|110\/303
|
|-heal|p2a: Rotom-Wash|128\/303|[from] item: Leftovers
|turn|13
|leave|kektus the good
|
|move|p1a: Sceptile|Substitute|p1a: Sceptile
|-start|p1a: Sceptile|Substitute
|-damage|p1a: Sceptile|176\/281
|move|p2a: Rotom-Wash|Hydro Pump|p1a: Sceptile
|-resisted|p1a: Sceptile
|-activate|p1a: Sceptile|Substitute|[damage]
|
|-heal|p2a: Rotom-Wash|146\/303|[from] item: Leftovers
|turn|14
|
|move|p1a: Sceptile|Giga Drain|p2a: Rotom-Wash
|-supereffective|p2a: Rotom-Wash
|-damage|p2a: Rotom-Wash|0 fnt
|-heal|p1a: Sceptile|249\/281|[from] drain|[of] p2a: Rotom-Wash
|faint|p2a: Rotom-Wash
|
|
|switch|p2a: Scizor|Scizor, F|273\/343
|-damage|p2a: Scizor|231\/343|[from] Stealth Rock
|turn|15
|
|move|p1a: Sceptile|Hidden Power|p2a: Scizor
|-supereffective|p2a: Scizor
|-damage|p2a: Scizor|0 fnt
|faint|p2a: Scizor
|
|c|âLAMFO|i was cteamed
|-message|LAMFO forfeited.
|leave|LAMFO
|c|âCumown|gg
|
|win|Cumown
|raw|Ladder updating...
|leave|Upvoted Kanto
|player|p2
|raw|Cumown's rating: 1514 &rarr; <strong>1534<\/strong><br \/>(+20 for winning)
|raw|LAMFO's rating: 1512 &rarr; <strong>1492<\/strong><br \/>(-20 for losing)