|join|CleanerThanRotom-W
|join|Cumown
|player|p1|CleanerThanRotom-W|226
|player|p2|Cumown|287
|gametype|singles
|gen|6
|tier|OU (suspect test)
|rated
|clearpoke
|poke|p1|Sableye, M
|poke|p1|Chansey, F
|poke|p1|Cresselia, F
|poke|p1|Gothitelle, M
|poke|p1|Skarmory, F
|poke|p1|Quagsire, F
|poke|p2|Sceptile, M
|poke|p2|Clefable, M
|poke|p2|Porygon2
|poke|p2|Rotom-Wash
|poke|p2|Tentacruel, F
|poke|p2|Gothitelle, F
|rule|Swagger Clause: Swagger is banned
|rule|Baton Pass Clause: Limit one PokÃ©mon knowing Baton Pass
|rule|Sleep Clause Mod: Limit one foe put to sleep
|rule|Species Clause: Limit one of each PokÃ©mon
|rule|OHKO Clause: OHKO moves are banned
|rule|Moody Clause: Moody is banned
|rule|Evasion Moves Clause: Evasion moves are banned
|rule|Endless Battle Clause: Forcing endless battles is banned
|rule|HP Percentage Mod: HP is shown in percentages
|teampreview
|
|start
|switch|p1a: Sableye|Sableye, M|303\/303
|switch|p2a: Rotom-Wash|Rotom-Wash|304\/304
|turn|1
|
|detailschange|p1a: Sableye|Sableye-Mega, M
|-mega|p1a: Sableye|Sableye|Sablenite
|move|p1a: Sableye|Will-O-Wisp|p2a: Rotom-Wash
|-status|p2a: Rotom-Wash|brn
|move|p2a: Rotom-Wash|Volt Switch|p1a: Sableye
|-damage|p1a: Sableye|245\/303
|
|switch|p2a: Sceptile|Sceptile, M|281\/281
|
|turn|2
|
|detailschange|p2a: Sceptile|Sceptile-Mega, M
|-mega|p2a: Sceptile|Sceptile|Sceptilite
|move|p2a: Sceptile|Substitute|p2a: Sceptile
|-start|p2a: Sceptile|Substitute
|-damage|p2a: Sceptile|211\/281
|move|p1a: Sableye|Recover|p1a: Sableye
|-heal|p1a: Sableye|303\/303
|
|turn|3
|
|move|p2a: Sceptile|Dragon Pulse|p1a: Sableye
|-damage|p1a: Sableye|191\/303
|move|p1a: Sableye|Calm Mind|p1a: Sableye
|-boost|p1a: Sableye|spa|1
|-boost|p1a: Sableye|spd|1
|
|turn|4
|
|move|p2a: Sceptile|Giga Drain|p1a: Sableye
|-damage|p1a: Sableye|124\/303
|-heal|p2a: Sceptile|245\/281|[from] drain|[of] p1a: Sableye
|move|p1a: Sableye|Recover|p1a: Sableye
|-heal|p1a: Sableye|276\/303
|
|turn|5
|
|switch|p2a: Tentacruel|Tentacruel, F|364\/364
|move|p1a: Sableye|Snarl|p2a: Tentacruel
|-damage|p2a: Tentacruel|310\/364
|-unboost|p2a: Tentacruel|spa|1
|
|-heal|p2a: Tentacruel|332\/364|[from] item: Black Sludge
|turn|6
|
|move|p2a: Tentacruel|Acid Spray|p1a: Sableye
|-resisted|p1a: Sableye
|-damage|p1a: Sableye|270\/303
|-unboost|p1a: Sableye|spd|2
|move|p1a: Sableye|Will-O-Wisp|p2a: Tentacruel
|-status|p2a: Tentacruel|brn
|
|-heal|p2a: Tentacruel|354\/364 brn|[from] item: Black Sludge
|-damage|p2a: Tentacruel|309\/364 brn|[from] brn
|turn|7
|join|praj.pran
|
|move|p2a: Tentacruel|Scald|p1a: Sableye
|-damage|p1a: Sableye|216\/303
|move|p1a: Sableye|Snarl|p2a: Tentacruel
|-damage|p2a: Tentacruel|257\/364 brn
|-unboost|p2a: Tentacruel|spa|1
|
|-heal|p2a: Tentacruel|279\/364 brn|[from] item: Black Sludge
|-damage|p2a: Tentacruel|234\/364 brn|[from] brn
|turn|8
|
|switch|p1a: Gothitelle|Gothitelle, M|301\/301
|move|p2a: Tentacruel|Acid Spray|p1a: Gothitelle
|-damage|p1a: Gothitelle|282\/301
|-unboost|p1a: Gothitelle|spd|2
|
|-heal|p2a: Tentacruel|256\/364 brn|[from] item: Black Sludge
|-damage|p2a: Tentacruel|211\/364 brn|[from] brn
|turn|9
|
|move|p1a: Gothitelle|Psychic|p2a: Tentacruel
|-supereffective|p2a: Tentacruel
|-damage|p2a: Tentacruel|41\/364 brn
|move|p2a: Tentacruel|Toxic Spikes|p1a: Gothitelle
|-sidestart|p1: CleanerThanRotom-W|move: Toxic Spikes
|
|-heal|p2a: Tentacruel|63\/364 brn|[from] item: Black Sludge
|-damage|p2a: Tentacruel|18\/364 brn|[from] brn
|turn|10
|
|move|p1a: Gothitelle|Psychic|p2a: Tentacruel
|-supereffective|p2a: Tentacruel
|-damage|p2a: Tentacruel|0 fnt
|faint|p2a: Tentacruel
|
|
|switch|p2a: Sceptile|Sceptile-Mega, M|245\/281
|turn|11
|
|switch|p1a: Skarmory|Skarmory, F|334\/334
|move|p2a: Sceptile|Dragon Pulse|p1a: Skarmory
|-crit|p1a: Skarmory
|-resisted|p1a: Skarmory
|-damage|p1a: Skarmory|183\/334
|
|turn|12
|
|switch|p1a: Cresselia|Cresselia, F|444\/444
|move|p2a: Sceptile|Hidden Power|p1a: Cresselia
|-crit|p1a: Cresselia
|-damage|p1a: Cresselia|372\/444
|
|-heal|p1a: Cresselia|399\/444|[from] item: Leftovers
|turn|13
|
|move|p2a: Sceptile|Substitute|p2a: Sceptile
|-start|p2a: Sceptile|Substitute
|-damage|p2a: Sceptile|175\/281
|move|p1a: Cresselia|Toxic|p2a: Sceptile
|
|-heal|p1a: Cresselia|426\/444|[from] item: Leftovers
|turn|14
|
|move|p2a: Sceptile|Giga Drain|p1a: Cresselia
|-damage|p1a: Cresselia|330\/444
|-heal|p2a: Sceptile|223\/281|[from] drain|[of] p1a: Cresselia
|move|p1a: Cresselia|Psyshock|p2a: Sceptile
|-end|p2a: Sceptile|Substitute
|
|-heal|p1a: Cresselia|357\/444|[from] item: Leftovers
|turn|15
|
|switch|p2a: Gothitelle|Gothitelle, F|301\/301
|move|p1a: Cresselia|Toxic|p2a: Gothitelle
|-status|p2a: Gothitelle|tox
|
|-heal|p1a: Cresselia|384\/444|[from] item: Leftovers
|-damage|p2a: Gothitelle|283\/301 tox|[from] psn
|turn|16
|
|move|p2a: Gothitelle|Trick|p1a: Cresselia
|-activate|p2a: Gothitelle|move: Trick|[of] p1a: Cresselia
|-item|p1a: Cresselia|Choice Scarf|[from] move: Trick
|-item|p2a: Gothitelle|Leftovers|[from] move: Trick
|move|p1a: Cresselia|Skill Swap|p2a: Gothitelle
|-activate|p1a: Cresselia|move: Skill Swap|Shadow Tag|Levitate|[of] p2a: Gothitelle
|
|-heal|p2a: Gothitelle|301\/301 tox|[from] item: Leftovers
|-damage|p2a: Gothitelle|265\/301 tox|[from] psn
|turn|17
|
|switch|p1a: Gothitelle|Gothitelle, M|282\/301
|-status|p1a: Gothitelle|psn
|move|p2a: Gothitelle|Psychic|p1a: Gothitelle
|-resisted|p1a: Gothitelle
|-damage|p1a: Gothitelle|222\/301 psn
|
|-heal|p2a: Gothitelle|283\/301 tox|[from] item: Leftovers
|-damage|p1a: Gothitelle|185\/301 psn|[from] psn
|-damage|p2a: Gothitelle|229\/301 tox|[from] psn
|turn|18
|
|move|p1a: Gothitelle|Trick|p2a: Gothitelle
|-activate|p1a: Gothitelle|move: Trick|[of] p2a: Gothitelle
|-item|p2a: Gothitelle|Choice Scarf|[from] move: Trick
|-item|p1a: Gothitelle|Leftovers|[from] move: Trick
|move|p2a: Gothitelle|Trick|p1a: Gothitelle
|-activate|p2a: Gothitelle|move: Trick|[of] p1a: Gothitelle
|-item|p1a: Gothitelle|Choice Scarf|[from] move: Trick
|-item|p2a: Gothitelle|Leftovers|[from] move: Trick
|
|-heal|p2a: Gothitelle|247\/301 tox|[from] item: Leftovers
|-damage|p1a: Gothitelle|148\/301 psn|[from] psn
|-damage|p2a: Gothitelle|175\/301 tox|[from] psn
|turn|19
|
|move|p1a: Gothitelle|Rest|p1a: Gothitelle
|-status|p1a: Gothitelle|slp
|-heal|p1a: Gothitelle|301\/301 slp|[silent]
|-status|p1a: Gothitelle|slp|[from] move: Rest
|move|p2a: Gothitelle|Psychic|p1a: Gothitelle
|-resisted|p1a: Gothitelle
|-damage|p1a: Gothitelle|240\/301 slp
|
|-heal|p2a: Gothitelle|193\/301 tox|[from] item: Leftovers
|-damage|p2a: Gothitelle|103\/301 tox|[from] psn
|turn|20
|
|cant|p1a: Gothitelle|slp
|move|p2a: Gothitelle|Psychic|p1a: Gothitelle
|-resisted|p1a: Gothitelle
|-damage|p1a: Gothitelle|181\/301 slp
|
|-heal|p2a: Gothitelle|121\/301 tox|[from] item: Leftovers
|-damage|p2a: Gothitelle|13\/301 tox|[from] psn
|turn|21
|
|cant|p1a: Gothitelle|slp
|move|p2a: Gothitelle|Psychic|p1a: Gothitelle
|-resisted|p1a: Gothitelle
|-damage|p1a: Gothitelle|126\/301 slp
|
|-heal|p2a: Gothitelle|31\/301 tox|[from] item: Leftovers
|-damage|p2a: Gothitelle|0 fnt|[from] psn
|faint|p2a: Gothitelle
|
|switch|p2a: Sceptile|Sceptile-Mega, M|223\/281
|turn|22
|
|switch|p1a: Cresselia|Cresselia, F|384\/444
|move|p2a: Sceptile|Dragon Pulse|p1a: Cresselia
|-crit|p1a: Cresselia
|-damage|p1a: Cresselia|219\/444
|
|turn|23
|
|move|p2a: Sceptile|Substitute|p2a: Sceptile
|-start|p2a: Sceptile|Substitute
|-damage|p2a: Sceptile|153\/281
|move|p1a: Cresselia|Moonlight|p1a: Cresselia
|-heal|p1a: Cresselia|441\/444
|
|turn|24
|
|switch|p1a: Chansey|Chansey, F|703\/703
|-status|p1a: Chansey|psn
|move|p2a: Sceptile|Giga Drain|p1a: Chansey
|-crit|p1a: Chansey
|-damage|p1a: Chansey|558\/703 psn
|-heal|p2a: Sceptile|226\/281|[from] drain|[of] p1a: Chansey
|
|-damage|p1a: Chansey|471\/703 psn|[from] psn
|turn|25
|leave|praj.pran
|
|move|p2a: Sceptile|Giga Drain|p1a: Chansey
|-damage|p1a: Chansey|384\/703 psn
|-heal|p2a: Sceptile|270\/281|[from] drain|[of] p1a: Chansey
|move|p1a: Chansey|Heal Bell|p1a: Chansey
|-cureteam|p1a: Chansey|[from] move: HealBell
|
|turn|26
|
|move|p2a: Sceptile|Giga Drain|p1a: Chansey
|-damage|p1a: Chansey|288\/703
|-heal|p2a: Sceptile|281\/281|[from] drain|[of] p1a: Chansey
|move|p1a: Chansey|Soft-Boiled|p1a: Chansey
|-heal|p1a: Chansey|640\/703
|
|turn|27
|
|switch|p2a: Clefable|Clefable, M|394\/394
|move|p1a: Chansey|Seismic Toss|p2a: Clefable
|-damage|p2a: Clefable|294\/394
|
|-heal|p2a: Clefable|318\/394|[from] item: Leftovers
|turn|28
|
|switch|p2a: Rotom-Wash|Rotom-Wash|304\/304 brn
|move|p1a: Chansey|Seismic Toss|p2a: Rotom-Wash
|-damage|p2a: Rotom-Wash|204\/304 brn
|
|-heal|p2a: Rotom-Wash|223\/304 brn|[from] item: Leftovers
|-damage|p2a: Rotom-Wash|185\/304 brn|[from] brn
|turn|29
|
|move|p2a: Rotom-Wash|Pain Split|p1a: Chansey
|-sethp|p1a: Chansey|412\/703|p2a: Rotom-Wash|304\/304 brn|[from] move: Pain Split
|move|p1a: Chansey|Seismic Toss|p2a: Rotom-Wash
|-damage|p2a: Rotom-Wash|204\/304 brn
|
|-heal|p2a: Rotom-Wash|223\/304 brn|[from] item: Leftovers
|-damage|p2a: Rotom-Wash|185\/304 brn|[from] brn
|turn|30
|
|move|p2a: Rotom-Wash|Volt Switch|p1a: Chansey
|-damage|p1a: Chansey|360\/703
|
|switch|p2a: Porygon2|Porygon2|374\/374
|-ability|p2a: Porygon2|Natural Cure|[from] ability: Trace|[of] p1a: Chansey
|move|p1a: Chansey|Soft-Boiled|p1a: Chansey
|-heal|p1a: Chansey|703\/703
|
|turn|31
|
|switch|p2a: Rotom-Wash|Rotom-Wash|185\/304 brn
|move|p1a: Chansey|Seismic Toss|p2a: Rotom-Wash
|-damage|p2a: Rotom-Wash|85\/304 brn
|
|-heal|p2a: Rotom-Wash|104\/304 brn|[from] item: Leftovers
|-damage|p2a: Rotom-Wash|66\/304 brn|[from] brn
|turn|32
|
|switch|p1a: Gothitelle|Gothitelle, M|126\/301
|-status|p1a: Gothitelle|psn
|move|p2a: Rotom-Wash|Pain Split|p1a: Gothitelle
|-sethp|p1a: Gothitelle|96\/301 psn|p2a: Rotom-Wash|96\/304 brn|[from] move: Pain Split
|
|-heal|p2a: Rotom-Wash|115\/304 brn|[from] item: Leftovers
|-damage|p1a: Gothitelle|59\/301 psn|[from] psn
|-damage|p2a: Rotom-Wash|77\/304 brn|[from] brn
|turn|33
|
|move|p1a: Gothitelle|Psychic|p2a: Rotom-Wash
|-damage|p2a: Rotom-Wash|0 fnt
|faint|p2a: Rotom-Wash
|
|-damage|p1a: Gothitelle|22\/301 psn|[from] psn
|
|switch|p2a: Sceptile|Sceptile-Mega, M|281\/281
|turn|34
|
|switch|p1a: Chansey|Chansey, F|703\/703
|-status|p1a: Chansey|psn
|move|p2a: Sceptile|Giga Drain|p1a: Chansey
|-damage|p1a: Chansey|615\/703 psn
|
|-damage|p1a: Chansey|528\/703 psn|[from] psn
|turn|35
|
|move|p2a: Sceptile|Substitute|p2a: Sceptile
|-start|p2a: Sceptile|Substitute
|-damage|p2a: Sceptile|211\/281
|move|p1a: Chansey|Heal Bell|p1a: Chansey
|-cureteam|p1a: Chansey|[from] move: HealBell
|
|turn|36
|
|move|p2a: Sceptile|Giga Drain|p1a: Chansey
|-damage|p1a: Chansey|434\/703
|-heal|p2a: Sceptile|258\/281|[from] drain|[of] p1a: Chansey
|move|p1a: Chansey|Seismic Toss|p2a: Sceptile
|-end|p2a: Sceptile|Substitute
|
|turn|37
|
|switch|p2a: Clefable|Clefable, M|318\/394
|move|p1a: Chansey|Soft-Boiled|p1a: Chansey
|-heal|p1a: Chansey|703\/703
|
|-heal|p2a: Clefable|342\/394|[from] item: Leftovers
|turn|38
|
|switch|p1a: Skarmory|Skarmory, F|183\/334
|move|p2a: Clefable|Stealth Rock|p1a: Skarmory
|-sidestart|p1: CleanerThanRotom-W|move: Stealth Rock
|
|-heal|p2a: Clefable|366\/394|[from] item: Leftovers
|turn|39
|
|switch|p2a: Sceptile|Sceptile-Mega, M|258\/281
|move|p1a: Skarmory|Defog|p2a: Sceptile
|-unboost|p2a: Sceptile|evasion|1
|-sideend|p1: CleanerThanRotom-W|Toxic Spikes|[from] move: Defog|[of] p1a: Skarmory
|-sideend|p1: CleanerThanRotom-W|Stealth Rock|[from] move: Defog|[of] p1a: Skarmory
|
|turn|40
|
|switch|p2a: Clefable|Clefable, M|366\/394
|switch|p1a: Chansey|Chansey, F|703\/703
|
|-heal|p2a: Clefable|390\/394|[from] item: Leftovers
|turn|41
|
|switch|p1a: Gothitelle|Gothitelle, M|22\/301
|move|p2a: Clefable|Moonblast|p1a: Gothitelle
|-damage|p1a: Gothitelle|0 fnt
|faint|p1a: Gothitelle
|
|-heal|p2a: Clefable|394\/394|[from] item: Leftovers
|
|switch|p1a: Cresselia|Cresselia, F|441\/444
|turn|42
|
|move|p1a: Cresselia|Toxic|p2a: Clefable
|-status|p2a: Clefable|tox
|move|p2a: Clefable|Moonblast|p1a: Cresselia
|-damage|p1a: Cresselia|375\/444
|
|turn|43
|
|switch|p1a: Chansey|Chansey, F|703\/703
|move|p2a: Clefable|Moonblast|p1a: Chansey
|-crit|p1a: Chansey
|-damage|p1a: Chansey|607\/703
|-unboost|p1a: Chansey|spa|1
|
|turn|44
|
|move|p2a: Clefable|Moonblast|p1a: Chansey
|-damage|p1a: Chansey|540\/703
|move|p1a: Chansey|Seismic Toss|p2a: Clefable
|-damage|p2a: Clefable|294\/394 tox
|
|-heal|p2a: Clefable|318\/394 tox|[from] item: Leftovers
|turn|45
|
|move|p2a: Clefable|Thunder Wave|p1a: Chansey
|-status|p1a: Chansey|par
|move|p1a: Chansey|Seismic Toss|p2a: Clefable
|-damage|p2a: Clefable|218\/394 tox
|
|-heal|p2a: Clefable|242\/394 tox|[from] item: Leftovers
|turn|46
|
|move|p2a: Clefable|Stealth Rock|p1a: Chansey
|-sidestart|p1: CleanerThanRotom-W|move: Stealth Rock
|move|p1a: Chansey|Seismic Toss|p2a: Clefable
|-damage|p2a: Clefable|142\/394 tox
|
|-heal|p2a: Clefable|166\/394 tox|[from] item: Leftovers
|turn|47
|
|move|p2a: Clefable|Moonblast|p1a: Chansey
|-damage|p1a: Chansey|474\/703 par
|move|p1a: Chansey|Stealth Rock|p2a: Clefable
|-sidestart|p2: Cumown|move: Stealth Rock
|
|-heal|p2a: Clefable|190\/394 tox|[from] item: Leftovers
|turn|48
|
|switch|p1a: Cresselia|Cresselia, F|375\/444
|-damage|p1a: Cresselia|320\/444|[from] Stealth Rock
|move|p2a: Clefable|Soft-Boiled|p2a: Clefable
|-heal|p2a: Clefable|387\/394 tox
|
|-heal|p2a: Clefable|394\/394 tox|[from] item: Leftovers
|turn|49
|
|switch|p2a: Porygon2|Porygon2|374\/374
|-damage|p2a: Porygon2|328\/374|[from] Stealth Rock
|-ability|p2a: Porygon2|Levitate|[from] ability: Trace|[of] p1a: Cresselia
|move|p1a: Cresselia|Skill Swap|p2a: Porygon2
|-activate|p1a: Cresselia|move: Skill Swap|Levitate|Levitate|[of] p2a: Porygon2
|
|turn|50
|
|switch|p1a: Chansey|Chansey, F|474\/703
|-damage|p1a: Chansey|387\/703|[from] Stealth Rock
|move|p2a: Porygon2|Ice Beam|p1a: Chansey
|-damage|p1a: Chansey|343\/703
|
|turn|51
|
|switch|p2a: Clefable|Clefable, M|394\/394 tox
|move|p1a: Chansey|Soft-Boiled|p1a: Chansey
|-heal|p1a: Chansey|695\/703
|
|turn|52
|
|move|p2a: Clefable|Moonblast|p1a: Chansey
|-damage|p1a: Chansey|625\/703
|move|p1a: Chansey|Seismic Toss|p2a: Clefable
|-damage|p2a: Clefable|294\/394 tox
|
|-heal|p2a: Clefable|318\/394 tox|[from] item: Leftovers
|turn|53
|
|move|p2a: Clefable|Thunder Wave|p1a: Chansey
|-status|p1a: Chansey|par
|move|p1a: Chansey|Seismic Toss|p2a: Clefable
|-damage|p2a: Clefable|218\/394 tox
|
|-heal|p2a: Clefable|242\/394 tox|[from] item: Leftovers
|turn|54
|
|move|p2a: Clefable|Thunder Wave|p1a: Chansey
|-fail|p1a: Chansey|par
|move|p1a: Chansey|Seismic Toss|p2a: Clefable
|-damage|p2a: Clefable|142\/394 tox
|
|-heal|p2a: Clefable|166\/394 tox|[from] item: Leftovers
|turn|55
|
|move|p2a: Clefable|Soft-Boiled|p2a: Clefable
|-heal|p2a: Clefable|363\/394 tox
|move|p1a: Chansey|Seismic Toss|p2a: Clefable
|-damage|p2a: Clefable|263\/394 tox
|
|-heal|p2a: Clefable|287\/394 tox|[from] item: Leftovers
|turn|56
|
|switch|p2a: Porygon2|Porygon2|328\/374
|-damage|p2a: Porygon2|282\/374|[from] Stealth Rock
|-ability|p2a: Porygon2|Natural Cure|[from] ability: Trace|[of] p1a: Chansey
|move|p1a: Chansey|Stealth Rock|p2a: Porygon2
|-fail|p2a: Porygon2
|
|turn|57
|
|move|p2a: Porygon2|Foul Play|p1a: Chansey
|-damage|p1a: Chansey|619\/703 par
|move|p1a: Chansey|Seismic Toss|p2a: Porygon2
|-damage|p2a: Porygon2|182\/374
|
|turn|58
|
|move|p2a: Porygon2|Ice Beam|p1a: Chansey
|-damage|p1a: Chansey|569\/703 par
|move|p1a: Chansey|Seismic Toss|p2a: Porygon2
|-damage|p2a: Porygon2|82\/374
|
|turn|59
|
|move|p2a: Porygon2|Recover|p2a: Porygon2
|-heal|p2a: Porygon2|269\/374
|move|p1a: Chansey|Seismic Toss|p2a: Porygon2
|-damage|p2a: Porygon2|169\/374
|
|turn|60
|
|move|p2a: Porygon2|Recover|p2a: Porygon2
|-heal|p2a: Porygon2|356\/374
|move|p1a: Chansey|Seismic Toss|p2a: Porygon2
|-damage|p2a: Porygon2|256\/374
|
|turn|61
|
|switch|p2a: Clefable|Clefable, M|287\/394 tox
|move|p1a: Chansey|Stealth Rock|p2a: Clefable
|-fail|p2a: Clefable
|
|-heal|p2a: Clefable|311\/394 tox|[from] item: Leftovers
|turn|62
|
|switch|p1a: Skarmory|Skarmory, F|183\/334
|-damage|p1a: Skarmory|142\/334|[from] Stealth Rock
|move|p2a: Clefable|Stealth Rock|p1a: Skarmory
|-fail|p1a: Skarmory
|
|-heal|p2a: Clefable|335\/394 tox|[from] item: Leftovers
|turn|63
|
|move|p1a: Skarmory|Roost|p1a: Skarmory
|-heal|p1a: Skarmory|309\/334
|move|p2a: Clefable|Stealth Rock|p1a: Skarmory
|-fail|p1a: Skarmory
|
|-heal|p2a: Clefable|359\/394 tox|[from] item: Leftovers
|turn|64
|
|move|p1a: Skarmory|Spikes|p2a: Clefable
|-sidestart|p2: Cumown|Spikes
|move|p2a: Clefable|Thunder Wave|p1a: Skarmory
|-status|p1a: Skarmory|par
|
|-heal|p2a: Clefable|383\/394 tox|[from] item: Leftovers
|turn|65
|
|move|p2a: Clefable|Moonblast|p1a: Skarmory
|-resisted|p1a: Skarmory
|-damage|p1a: Skarmory|231\/334 par
|move|p1a: Skarmory|Spikes|p2a: Clefable
|-sidestart|p2: Cumown|Spikes
|
|-heal|p2a: Clefable|394\/394 tox|[from] item: Leftovers
|turn|66
|
|move|p2a: Clefable|Moonblast|p1a: Skarmory
|-resisted|p1a: Skarmory
|-damage|p1a: Skarmory|156\/334 par
|move|p1a: Skarmory|Spikes|p2a: Clefable
|-sidestart|p2: Cumown|Spikes
|
|turn|67
|
|move|p2a: Clefable|Moonblast|p1a: Skarmory
|-resisted|p1a: Skarmory
|-damage|p1a: Skarmory|81\/334 par
|move|p1a: Skarmory|Roost|p1a: Skarmory
|-heal|p1a: Skarmory|248\/334 par
|
|turn|68
|
|move|p2a: Clefable|Moonblast|p1a: Skarmory
|-resisted|p1a: Skarmory
|-damage|p1a: Skarmory|173\/334 par
|cant|p1a: Skarmory|par
|
|turn|69
|
|move|p2a: Clefable|Moonblast|p1a: Skarmory
|-resisted|p1a: Skarmory
|-damage|p1a: Skarmory|106\/334 par
|move|p1a: Skarmory|Roost|p1a: Skarmory
|-heal|p1a: Skarmory|273\/334 par
|
|turn|70
|
|switch|p2a: Porygon2|Porygon2|256\/374
|-damage|p2a: Porygon2|210\/374|[from] Stealth Rock
|-damage|p2a: Porygon2|117\/374|[from] Spikes
|-ability|p2a: Porygon2|Sturdy|[from] ability: Trace|[of] p1a: Skarmory
|move|p1a: Skarmory|Roost|p1a: Skarmory
|-heal|p1a: Skarmory|334\/334 par
|
|turn|71
|
|switch|p1a: Sableye|Sableye-Mega, M|216\/303
|-damage|p1a: Sableye|179\/303|[from] Stealth Rock
|move|p2a: Porygon2|Recover|p2a: Porygon2
|-heal|p2a: Porygon2|304\/374
|
|turn|72
|
|switch|p2a: Clefable|Clefable, M|394\/394 tox
|move|p1a: Sableye|Recover|p1a: Sableye
|-heal|p1a: Sableye|303\/303
|
|turn|73
|
|switch|p2a: Porygon2|Porygon2|304\/374
|-damage|p2a: Porygon2|211\/374|[from] Spikes
|-damage|p2a: Porygon2|165\/374|[from] Stealth Rock
|-ability|p2a: Porygon2|Magic Bounce|[from] ability: Trace|[of] p1a: Sableye
|switch|p1a: Skarmory|Skarmory, F|334\/334 par
|-damage|p1a: Skarmory|293\/334 par|[from] Stealth Rock
|
|turn|74
|
|switch|p1a: Sableye|Sableye-Mega, M|303\/303
|-damage|p1a: Sableye|266\/303|[from] Stealth Rock
|move|p2a: Porygon2|Recover|p2a: Porygon2
|-heal|p2a: Porygon2|352\/374
|
|turn|75
|
|move|p2a: Porygon2|Ice Beam|p1a: Sableye
|-crit|p1a: Sableye
|-damage|p1a: Sableye|190\/303
|-status|p1a: Sableye|frz
|cant|p1a: Sableye|frz
|
|turn|76
|
|switch|p1a: Chansey|Chansey, F|569\/703
|-damage|p1a: Chansey|482\/703|[from] Stealth Rock
|move|p2a: Porygon2|Ice Beam|p1a: Chansey
|-damage|p1a: Chansey|438\/703
|
|turn|77
|
|move|p2a: Porygon2|Foul Play|p1a: Chansey
|-damage|p1a: Chansey|432\/703
|move|p1a: Chansey|Heal Bell|p1a: Chansey
|-cureteam|p1a: Chansey|[from] move: HealBell
|
|turn|78
|
|move|p2a: Porygon2|Thunder Wave|p1a: Chansey
|-status|p1a: Chansey|par
|move|p1a: Chansey|Soft-Boiled|p1a: Chansey
|-heal|p1a: Chansey|703\/703 par
|
|turn|79
|
|switch|p1a: Sableye|Sableye-Mega, M|190\/303
|-damage|p1a: Sableye|153\/303|[from] Stealth Rock
|move|p2a: Porygon2|Ice Beam|p1a: Sableye
|-damage|p1a: Sableye|104\/303
|
|turn|80
|
|move|p2a: Porygon2|Foul Play|p1a: Sableye
|-damage|p1a: Sableye|63\/303
|move|p1a: Sableye|Recover|p1a: Sableye
|-heal|p1a: Sableye|215\/303
|
|turn|81
|
|move|p2a: Porygon2|Foul Play|p1a: Sableye
|-damage|p1a: Sableye|176\/303
|move|p1a: Sableye|Recover|p1a: Sableye
|-heal|p1a: Sableye|303\/303
|
|turn|82
|
|move|p2a: Porygon2|Ice Beam|p1a: Sableye
|-damage|p1a: Sableye|257\/303
|move|p1a: Sableye|Calm Mind|p1a: Sableye
|-boost|p1a: Sableye|spa|1
|-boost|p1a: Sableye|spd|1
|
|turn|83
|
|move|p2a: Porygon2|Ice Beam|p1a: Sableye
|-damage|p1a: Sableye|223\/303
|move|p1a: Sableye|Snarl|p2a: Porygon2
|-damage|p2a: Porygon2|294\/374
|-unboost|p2a: Porygon2|spa|1
|
|turn|84
|
|switch|p2a: Clefable|Clefable, M|394\/394 tox
|move|p1a: Sableye|Recover|p1a: Sableye
|-heal|p1a: Sableye|303\/303
|
|turn|85
|
|move|p2a: Clefable|Moonblast|p1a: Sableye
|-supereffective|p1a: Sableye
|-damage|p1a: Sableye|217\/303
|move|p1a: Sableye|Snarl|p2a: Clefable
|-resisted|p2a: Clefable
|-damage|p2a: Clefable|352\/394 tox
|-unboost|p2a: Clefable|spa|1
|
|-heal|p2a: Clefable|376\/394 tox|[from] item: Leftovers
|turn|86
|
|move|p2a: Clefable|Moonblast|p1a: Sableye
|-supereffective|p1a: Sableye
|-damage|p1a: Sableye|157\/303
|move|p1a: Sableye|Calm Mind|p1a: Sableye
|-boost|p1a: Sableye|spa|1
|-boost|p1a: Sableye|spd|1
|
|-heal|p2a: Clefable|394\/394 tox|[from] item: Leftovers
|turn|87
|
|move|p2a: Clefable|Moonblast|p1a: Sableye
|-crit|p1a: Sableye
|-supereffective|p1a: Sableye
|-damage|p1a: Sableye|0 fnt
|faint|p1a: Sableye
|
|c|âCleanerThanRotom-W|k
|
|switch|p1a: Cresselia|Cresselia, F|320\/444
|-damage|p1a: Cresselia|265\/444|[from] Stealth Rock
|turn|88
|
|move|p1a: Cresselia|Toxic|p2a: Clefable
|-fail|p2a: Clefable|tox
|move|p2a: Clefable|Thunder Wave|p1a: Cresselia
|-status|p1a: Cresselia|par
|
|turn|89
|
|switch|p1a: Quagsire|Quagsire, F|393\/393
|-damage|p1a: Quagsire|369\/393|[from] Stealth Rock
|move|p2a: Clefable|Moonblast|p1a: Quagsire
|-damage|p1a: Quagsire|216\/393
|
|-heal|p1a: Quagsire|240\/393|[from] item: Leftovers
|turn|90
|join|PuddlesA1
|
|move|p2a: Clefable|Moonblast|p1a: Quagsire
|-crit|p1a: Quagsire
|-damage|p1a: Quagsire|23\/393
|move|p1a: Quagsire|Recover|p1a: Quagsire
|-heal|p1a: Quagsire|220\/393
|
|-heal|p1a: Quagsire|244\/393|[from] item: Leftovers
|turn|91
|
|move|p2a: Clefable|Moonblast|p1a: Quagsire
|-damage|p1a: Quagsire|90\/393
|-unboost|p1a: Quagsire|spa|1
|move|p1a: Quagsire|Recover|p1a: Quagsire
|-heal|p1a: Quagsire|287\/393
|
|-heal|p1a: Quagsire|311\/393|[from] item: Leftovers
|turn|92
|
|move|p2a: Clefable|Moonblast|p1a: Quagsire
|-damage|p1a: Quagsire|148\/393
|-unboost|p1a: Quagsire|spa|1
|move|p1a: Quagsire|Recover|p1a: Quagsire
|-heal|p1a: Quagsire|345\/393
|
|-heal|p1a: Quagsire|369\/393|[from] item: Leftovers
|turn|93
|
|move|p2a: Clefable|Moonblast|p1a: Quagsire
|-damage|p1a: Quagsire|212\/393
|-unboost|p1a: Quagsire|spa|1
|move|p1a: Quagsire|Earthquake|p2a: Clefable
|-damage|p2a: Clefable|283\/394 tox
|
|-heal|p2a: Clefable|307\/394 tox|[from] item: Leftovers
|-heal|p1a: Quagsire|236\/393|[from] item: Leftovers
|turn|94
|
|switch|p2a: Sceptile|Sceptile-Mega, M|258\/281
|-damage|p2a: Sceptile|188\/281|[from] Spikes
|-damage|p2a: Sceptile|153\/281|[from] Stealth Rock
|move|p1a: Quagsire|Recover|p1a: Quagsire
|-heal|p1a: Quagsire|393\/393
|
|turn|95
|
|switch|p1a: Chansey|Chansey, F|703\/703
|-damage|p1a: Chansey|616\/703|[from] Stealth Rock
|move|p2a: Sceptile|Giga Drain|p1a: Chansey
|-damage|p1a: Chansey|516\/703
|-heal|p2a: Sceptile|203\/281|[from] drain|[of] p1a: Chansey
|
|turn|96
|
|switch|p2a: Porygon2|Porygon2|294\/374
|-damage|p2a: Porygon2|248\/374|[from] Stealth Rock
|-damage|p2a: Porygon2|155\/374|[from] Spikes
|-ability|p2a: Porygon2|Natural Cure|[from] ability: Trace|[of] p1a: Chansey
|move|p1a: Chansey|Seismic Toss|p2a: Porygon2
|-damage|p2a: Porygon2|55\/374
|
|turn|97
|
|switch|p1a: Quagsire|Quagsire, F|393\/393
|-damage|p1a: Quagsire|369\/393|[from] Stealth Rock
|move|p2a: Porygon2|Recover|p2a: Porygon2
|-heal|p2a: Porygon2|242\/374
|
|-heal|p1a: Quagsire|393\/393|[from] item: Leftovers
|turn|98
|
|move|p2a: Porygon2|Recover|p2a: Porygon2
|-heal|p2a: Porygon2|374\/374
|move|p1a: Quagsire|Toxic|p2a: Porygon2|[miss]
|-miss|p1a: Quagsire|p2a: Porygon2
|
|turn|99
|c|âCleanerThanRotom-W|kkk
|
|switch|p2a: Clefable|Clefable, M|307\/394 tox
|move|p1a: Quagsire|Toxic|p2a: Clefable
|-fail|p2a: Clefable|tox
|
|-heal|p2a: Clefable|331\/394 tox|[from] item: Leftovers
|turn|100
|c|âCumown|naural cure dude
|
|move|p2a: Clefable|Thunder Wave|p1a: Quagsire
|-immune|p1a: Quagsire|[msg]
|move|p1a: Quagsire|Earthquake|p2a: Clefable
|-damage|p2a: Clefable|231\/394 tox
|
|-heal|p2a: Clefable|255\/394 tox|[from] item: Leftovers
|turn|101
|
|move|p2a: Clefable|Thunder Wave|p1a: Quagsire
|-immune|p1a: Quagsire|[msg]
|move|p1a: Quagsire|Earthquake|p2a: Clefable
|-crit|p2a: Clefable
|-damage|p2a: Clefable|87\/394 tox
|
|-heal|p2a: Clefable|111\/394 tox|[from] item: Leftovers
|turn|102
|
|move|p2a: Clefable|Soft-Boiled|p2a: Clefable
|-heal|p2a: Clefable|308\/394 tox
|move|p1a: Quagsire|Earthquake|p2a: Clefable
|-damage|p2a: Clefable|208\/394 tox
|
|-heal|p2a: Clefable|232\/394 tox|[from] item: Leftovers
|turn|103
|
|move|p2a: Clefable|Moonblast|p1a: Quagsire
|-damage|p1a: Quagsire|239\/393
|-unboost|p1a: Quagsire|spa|1
|move|p1a: Quagsire|Earthquake|p2a: Clefable
|-damage|p2a: Clefable|130\/394 tox
|
|-heal|p2a: Clefable|154\/394 tox|[from] item: Leftovers
|-heal|p1a: Quagsire|263\/393|[from] item: Leftovers
|turn|104
|
|move|p2a: Clefable|Moonblast|p1a: Quagsire
|-damage|p1a: Quagsire|124\/393
|-unboost|p1a: Quagsire|spa|1
|move|p1a: Quagsire|Recover|p1a: Quagsire
|-heal|p1a: Quagsire|321\/393
|
|-heal|p2a: Clefable|178\/394 tox|[from] item: Leftovers
|-heal|p1a: Quagsire|345\/393|[from] item: Leftovers
|turn|105
|
|move|p2a: Clefable|Soft-Boiled|p2a: Clefable
|-heal|p2a: Clefable|375\/394 tox
|move|p1a: Quagsire|Recover|p1a: Quagsire
|-heal|p1a: Quagsire|393\/393
|
|-heal|p2a: Clefable|394\/394 tox|[from] item: Leftovers
|turn|106
|
|switch|p2a: Sceptile|Sceptile-Mega, M|203\/281
|-damage|p2a: Sceptile|168\/281|[from] Stealth Rock
|-damage|p2a: Sceptile|98\/281|[from] Spikes
|move|p1a: Quagsire|Earthquake|p2a: Sceptile
|-resisted|p2a: Sceptile
|-damage|p2a: Sceptile|38\/281
|
|turn|107
|join|Prankster
|
|switch|p1a: Chansey|Chansey, F|516\/703
|-damage|p1a: Chansey|429\/703|[from] Stealth Rock
|move|p2a: Sceptile|Giga Drain|p1a: Chansey
|-damage|p1a: Chansey|342\/703
|-heal|p2a: Sceptile|82\/281|[from] drain|[of] p1a: Chansey
|
|turn|108
|
|move|p2a: Sceptile|Giga Drain|p1a: Chansey
|-damage|p1a: Chansey|248\/703
|-heal|p2a: Sceptile|129\/281|[from] drain|[of] p1a: Chansey
|move|p1a: Chansey|Soft-Boiled|p1a: Chansey
|-heal|p1a: Chansey|600\/703
|
|turn|109
|leave|Prankster
|
|switch|p2a: Clefable|Clefable, M|394\/394 tox
|move|p1a: Chansey|Seismic Toss|p2a: Clefable
|-damage|p2a: Clefable|294\/394 tox
|
|-heal|p2a: Clefable|318\/394 tox|[from] item: Leftovers
|turn|110
|
|switch|p1a: Quagsire|Quagsire, F|393\/393
|-damage|p1a: Quagsire|369\/393|[from] Stealth Rock
|move|p2a: Clefable|Thunder Wave|p1a: Quagsire
|-immune|p1a: Quagsire|[msg]
|
|-heal|p2a: Clefable|342\/394 tox|[from] item: Leftovers
|-heal|p1a: Quagsire|393\/393|[from] item: Leftovers
|turn|111
|
|move|p2a: Clefable|Moonblast|p1a: Quagsire
|-damage|p1a: Quagsire|240\/393
|move|p1a: Quagsire|Earthquake|p2a: Clefable
|-damage|p2a: Clefable|239\/394 tox
|
|-heal|p2a: Clefable|263\/394 tox|[from] item: Leftovers
|-heal|p1a: Quagsire|264\/393|[from] item: Leftovers
|turn|112
|
|move|p2a: Clefable|Moonblast|p1a: Quagsire
|-damage|p1a: Quagsire|105\/393
|move|p1a: Quagsire|Recover|p1a: Quagsire
|-heal|p1a: Quagsire|302\/393
|
|-heal|p2a: Clefable|287\/394 tox|[from] item: Leftovers
|-heal|p1a: Quagsire|326\/393|[from] item: Leftovers
|turn|113
|
|move|p2a: Clefable|Moonblast|p1a: Quagsire
|-damage|p1a: Quagsire|187\/393
|move|p1a: Quagsire|Recover|p1a: Quagsire
|-heal|p1a: Quagsire|384\/393
|
|-heal|p2a: Clefable|311\/394 tox|[from] item: Leftovers
|-heal|p1a: Quagsire|393\/393|[from] item: Leftovers
|turn|114
|
|move|p2a: Clefable|Stealth Rock|p1a: Quagsire
|-fail|p1a: Quagsire
|move|p1a: Quagsire|Earthquake|p2a: Clefable
|-damage|p2a: Clefable|200\/394 tox
|
|-heal|p2a: Clefable|224\/394 tox|[from] item: Leftovers
|turn|115
|
|move|p2a: Clefable|Soft-Boiled|p2a: Clefable
|-heal|p2a: Clefable|394\/394 tox
|move|p1a: Quagsire|Earthquake|p2a: Clefable
|-damage|p2a: Clefable|282\/394 tox
|
|-heal|p2a: Clefable|306\/394 tox|[from] item: Leftovers
|turn|116
|
|move|p2a: Clefable|Stealth Rock|p1a: Quagsire
|-fail|p1a: Quagsire
|move|p1a: Quagsire|Earthquake|p2a: Clefable
|-damage|p2a: Clefable|206\/394 tox
|
|-heal|p2a: Clefable|230\/394 tox|[from] item: Leftovers
|turn|117
|
|move|p2a: Clefable|Soft-Boiled|p2a: Clefable
|-heal|p2a: Clefable|394\/394 tox
|move|p1a: Quagsire|Earthquake|p2a: Clefable
|-damage|p2a: Clefable|283\/394 tox
|
|-heal|p2a: Clefable|307\/394 tox|[from] item: Leftovers
|turn|118
|
|move|p2a: Clefable|Stealth Rock|p1a: Quagsire
|-fail|p1a: Quagsire
|move|p1a: Quagsire|Scald|p2a: Clefable
|-damage|p2a: Clefable|250\/394 tox
|
|-heal|p2a: Clefable|274\/394 tox|[from] item: Leftovers
|turn|119
|
|switch|p1a: Skarmory|Skarmory, F|293\/334
|-damage|p1a: Skarmory|252\/334|[from] Stealth Rock
|move|p2a: Clefable|Stealth Rock|p1a: Skarmory
|-fail|p1a: Skarmory
|
|-heal|p2a: Clefable|298\/394 tox|[from] item: Leftovers
|turn|120
|
|move|p1a: Skarmory|Roost|p1a: Skarmory
|-heal|p1a: Skarmory|334\/334
|move|p2a: Clefable|Stealth Rock|p1a: Skarmory
|-fail|p1a: Skarmory
|
|-heal|p2a: Clefable|322\/394 tox|[from] item: Leftovers
|turn|121
|
|move|p1a: Skarmory|Spikes|p2a: Clefable
|-fail|p2a: Clefable
|move|p2a: Clefable|Thunder Wave|p1a: Skarmory
|-status|p1a: Skarmory|par
|
|-heal|p2a: Clefable|346\/394 tox|[from] item: Leftovers
|turn|122
|leave|PuddlesA1
|
|move|p2a: Clefable|Thunder Wave|p1a: Skarmory
|-fail|p1a: Skarmory|par
|move|p1a: Skarmory|Spikes|p2a: Clefable
|-fail|p2a: Clefable
|
|-heal|p2a: Clefable|370\/394 tox|[from] item: Leftovers
|turn|123
|
|move|p2a: Clefable|Thunder Wave|p1a: Skarmory
|-fail|p1a: Skarmory|par
|move|p1a: Skarmory|Spikes|p2a: Clefable
|-fail|p2a: Clefable
|
|-heal|p2a: Clefable|394\/394 tox|[from] item: Leftovers
|turn|124
|
|move|p2a: Clefable|Stealth Rock|p1a: Skarmory
|-fail|p1a: Skarmory
|move|p1a: Skarmory|Spikes|p2a: Clefable
|-fail|p2a: Clefable
|
|turn|125
|
|move|p2a: Clefable|Stealth Rock|p1a: Skarmory
|-fail|p1a: Skarmory
|move|p1a: Skarmory|Spikes|p2a: Clefable
|-fail|p2a: Clefable
|
|turn|126
|
|move|p2a: Clefable|Stealth Rock|p1a: Skarmory
|-fail|p1a: Skarmory
|move|p1a: Skarmory|Spikes|p2a: Clefable
|-fail|p2a: Clefable
|
|turn|127
|join|Omegasization
|
|move|p2a: Clefable|Stealth Rock|p1a: Skarmory
|-fail|p1a: Skarmory
|move|p1a: Skarmory|Spikes|p2a: Clefable
|-fail|p2a: Clefable
|
|turn|128
|
|move|p2a: Clefable|Stealth Rock|p1a: Skarmory
|-fail|p1a: Skarmory
|cant|p1a: Skarmory|par
|
|turn|129
|
|move|p2a: Clefable|Stealth Rock|p1a: Skarmory
|-fail|p1a: Skarmory
|move|p1a: Skarmory|Spikes|p2a: Clefable
|-fail|p2a: Clefable
|
|turn|130
|
|move|p2a: Clefable|Stealth Rock|p1a: Skarmory
|-fail|p1a: Skarmory
|cant|p1a: Skarmory|par
|
|turn|131
|
|move|p2a: Clefable|Stealth Rock|p1a: Skarmory
|-fail|p1a: Skarmory
|cant|p1a: Skarmory|par
|
|turn|132
|
|move|p2a: Clefable|Stealth Rock|p1a: Skarmory
|-fail|p1a: Skarmory
|move|p1a: Skarmory|Spikes|p2a: Clefable
|-fail|p2a: Clefable
|
|turn|133
|
|move|p2a: Clefable|Stealth Rock|p1a: Skarmory
|-fail|p1a: Skarmory
|move|p1a: Skarmory|Spikes|p2a: Clefable
|-fail|p2a: Clefable
|
|turn|134
|c| Omegasization|PP STALLING
|c| Omegasization|yay
|
|move|p2a: Clefable|Stealth Rock|p1a: Skarmory
|-fail|p1a: Skarmory
|cant|p1a: Skarmory|par
|
|turn|135
|c|âCleanerThanRotom-W|ill win this pp war anyways
|
|move|p2a: Clefable|Stealth Rock|p1a: Skarmory
|-fail|p1a: Skarmory
|move|p1a: Skarmory|Spikes|p2a: Clefable
|-fail|p2a: Clefable
|
|turn|136
|
|move|p2a: Clefable|Stealth Rock|p1a: Skarmory
|-fail|p1a: Skarmory
|move|p1a: Skarmory|Spikes|p2a: Clefable
|-fail|p2a: Clefable
|
|turn|137
|
|move|p2a: Clefable|Stealth Rock|p1a: Skarmory
|-fail|p1a: Skarmory
|move|p1a: Skarmory|Spikes|p2a: Clefable
|-fail|p2a: Clefable
|
|turn|138
|
|move|p2a: Clefable|Stealth Rock|p1a: Skarmory
|-fail|p1a: Skarmory
|move|p1a: Skarmory|Spikes|p2a: Clefable
|-fail|p2a: Clefable
|
|turn|139
|
|move|p2a: Clefable|Stealth Rock|p1a: Skarmory
|-fail|p1a: Skarmory
|move|p1a: Skarmory|Spikes|p2a: Clefable
|-fail|p2a: Clefable
|
|turn|140
|
|switch|p2a: Sceptile|Sceptile-Mega, M|129\/281
|-damage|p2a: Sceptile|94\/281|[from] Stealth Rock
|-damage|p2a: Sceptile|24\/281|[from] Spikes
|move|p1a: Skarmory|Spikes|p2a: Sceptile
|-fail|p2a: Sceptile
|
|turn|141
|-message|Cumown lost due to inactivity.
|
|win|CleanerThanRotom-W
|raw|Ladder updating...
|raw|CleanerThanRotom-W's rating: 1501 &rarr; <strong>1523<\/strong><br \/>(+22 for winning)
|raw|Cumown's rating: 1535 &rarr; <strong>1513<\/strong><br \/>(-22 for losing)