|join|Cumown
|join|rank1 marth
|player|p1|Cumown|287
|player|p2|rank1 marth|266
|gametype|singles
|gen|6
|tier|OU (suspect test)
|rated
|clearpoke
|poke|p1|Sceptile, F
|poke|p1|Clefable, F
|poke|p1|Porygon2
|poke|p1|Rotom-Wash
|poke|p1|Tentacruel, F
|poke|p1|Gothitelle, F
|poke|p2|Sableye, F
|poke|p2|Tyranitar, F
|poke|p2|Slowbro, F
|poke|p2|Heatran, M
|poke|p2|Ferrothorn, M
|poke|p2|Gliscor, M
|rule|Swagger Clause: Swagger is banned
|rule|Baton Pass Clause: Limit one PokÃ©mon knowing Baton Pass
|rule|Sleep Clause Mod: Limit one foe put to sleep
|rule|Species Clause: Limit one of each PokÃ©mon
|rule|OHKO Clause: OHKO moves are banned
|rule|Moody Clause: Moody is banned
|rule|Evasion Moves Clause: Evasion moves are banned
|rule|Endless Battle Clause: Forcing endless battles is banned
|rule|HP Percentage Mod: HP is shown in percentages
|teampreview
|
|start
|switch|p1a: Sceptile|Sceptile, F|281\/281
|switch|p2a: Sableye|Sableye, F|303\/303
|turn|1
|
|switch|p1a: Clefable|Clefable, F|394\/394
|detailschange|p2a: Sableye|Sableye-Mega, F
|-mega|p2a: Sableye|Sableye|Sablenite
|move|p2a: Sableye|Will-O-Wisp|p1a: Clefable
|-status|p1a: Clefable|brn
|
|turn|2
|
|switch|p2a: Heatran|Heatran, M|386\/386
|move|p1a: Clefable|Moonblast|p2a: Heatran
|-resisted|p2a: Heatran
|-damage|p2a: Heatran|362\/386
|
|-heal|p2a: Heatran|386\/386|[from] item: Leftovers
|turn|3
|
|move|p2a: Heatran|Stealth Rock|p1a: Clefable
|-sidestart|p1: Cumown|move: Stealth Rock
|move|p1a: Clefable|Stealth Rock|p2a: Heatran
|-sidestart|p2: rank1 marth|move: Stealth Rock
|
|turn|4
|
|move|p2a: Heatran|Lava Plume|p1a: Clefable
|-damage|p1a: Clefable|288\/394 brn
|move|p1a: Clefable|Thunder Wave|p2a: Heatran
|-status|p2a: Heatran|par
|
|-heal|p1a: Clefable|312\/394 brn|[from] item: Leftovers
|turn|5
|
|switch|p1a: Gothitelle|Gothitelle, F|301\/301
|-damage|p1a: Gothitelle|264\/301|[from] Stealth Rock
|switch|p2a: Ferrothorn|Ferrothorn, M|352\/352
|-damage|p2a: Ferrothorn|330\/352|[from] Stealth Rock
|
|-heal|p2a: Ferrothorn|352\/352|[from] item: Leftovers
|turn|6
|
|move|p1a: Gothitelle|Trick|p2a: Ferrothorn
|-activate|p1a: Gothitelle|move: Trick|[of] p2a: Ferrothorn
|-item|p2a: Ferrothorn|Choice Scarf|[from] move: Trick
|-item|p1a: Gothitelle|Leftovers|[from] move: Trick
|move|p2a: Ferrothorn|Spikes|p1a: Gothitelle
|-sidestart|p1: Cumown|Spikes
|
|-heal|p1a: Gothitelle|282\/301|[from] item: Leftovers
|turn|7
|
|move|p1a: Gothitelle|Calm Mind|p1a: Gothitelle
|-boost|p1a: Gothitelle|spa|1
|-boost|p1a: Gothitelle|spd|1
|move|p2a: Ferrothorn|Spikes|p1a: Gothitelle
|-sidestart|p1: Cumown|Spikes
|
|-heal|p1a: Gothitelle|300\/301|[from] item: Leftovers
|turn|8
|
|move|p1a: Gothitelle|Calm Mind|p1a: Gothitelle
|-boost|p1a: Gothitelle|spa|1
|-boost|p1a: Gothitelle|spd|1
|move|p2a: Ferrothorn|Spikes|p1a: Gothitelle
|-sidestart|p1: Cumown|Spikes
|
|-heal|p1a: Gothitelle|301\/301|[from] item: Leftovers
|turn|9
|
|move|p1a: Gothitelle|Calm Mind|p1a: Gothitelle
|-boost|p1a: Gothitelle|spa|1
|-boost|p1a: Gothitelle|spd|1
|move|p2a: Ferrothorn|Spikes|p1a: Gothitelle
|-fail|p1a: Gothitelle
|
|turn|10
|
|move|p1a: Gothitelle|Calm Mind|p1a: Gothitelle
|-boost|p1a: Gothitelle|spa|1
|-boost|p1a: Gothitelle|spd|1
|move|p2a: Ferrothorn|Spikes|p1a: Gothitelle
|-fail|p1a: Gothitelle
|
|turn|11
|
|move|p1a: Gothitelle|Calm Mind|p1a: Gothitelle
|-boost|p1a: Gothitelle|spa|1
|-boost|p1a: Gothitelle|spd|1
|move|p2a: Ferrothorn|Spikes|p1a: Gothitelle
|-fail|p1a: Gothitelle
|
|turn|12
|
|move|p1a: Gothitelle|Psychic|p2a: Ferrothorn
|-resisted|p2a: Ferrothorn
|-damage|p2a: Ferrothorn|157\/352
|move|p2a: Ferrothorn|Spikes|p1a: Gothitelle
|-fail|p1a: Gothitelle
|
|turn|13
|
|move|p1a: Gothitelle|Calm Mind|p1a: Gothitelle
|-boost|p1a: Gothitelle|spa|1
|-boost|p1a: Gothitelle|spd|1
|move|p2a: Ferrothorn|Spikes|p1a: Gothitelle
|-fail|p1a: Gothitelle
|
|turn|14
|
|move|p1a: Gothitelle|Calm Mind|p1a: Gothitelle
|-fail|p1a: Gothitelle
|move|p2a: Ferrothorn|Spikes|p1a: Gothitelle
|-fail|p1a: Gothitelle
|
|turn|15
|
|move|p1a: Gothitelle|Calm Mind|p1a: Gothitelle
|-fail|p1a: Gothitelle
|move|p2a: Ferrothorn|Spikes|p1a: Gothitelle
|-fail|p1a: Gothitelle
|
|turn|16
|
|move|p1a: Gothitelle|Calm Mind|p1a: Gothitelle
|-fail|p1a: Gothitelle
|move|p2a: Ferrothorn|Spikes|p1a: Gothitelle
|-fail|p1a: Gothitelle
|
|turn|17
|c|ârank1 marth|??
|
|move|p1a: Gothitelle|Calm Mind|p1a: Gothitelle
|-fail|p1a: Gothitelle
|move|p2a: Ferrothorn|Spikes|p1a: Gothitelle
|-fail|p1a: Gothitelle
|
|turn|18
|c|ârank1 marth|wtf r u doign lol
|
|move|p1a: Gothitelle|Calm Mind|p1a: Gothitelle
|-fail|p1a: Gothitelle
|move|p2a: Ferrothorn|Spikes|p1a: Gothitelle
|-fail|p1a: Gothitelle
|
|turn|19
|c|ârank1 marth|you have max stats anyway
|
|move|p1a: Gothitelle|Calm Mind|p1a: Gothitelle
|-fail|p1a: Gothitelle
|move|p2a: Ferrothorn|Spikes|p1a: Gothitelle
|-fail|p1a: Gothitelle
|
|turn|20
|
|move|p1a: Gothitelle|Calm Mind|p1a: Gothitelle
|-fail|p1a: Gothitelle
|move|p2a: Ferrothorn|Spikes|p1a: Gothitelle
|-fail|p1a: Gothitelle
|
|turn|21
|
|move|p1a: Gothitelle|Calm Mind|p1a: Gothitelle
|-fail|p1a: Gothitelle
|move|p2a: Ferrothorn|Spikes|p1a: Gothitelle
|-fail|p1a: Gothitelle
|
|turn|22
|
|move|p1a: Gothitelle|Calm Mind|p1a: Gothitelle
|-fail|p1a: Gothitelle
|move|p2a: Ferrothorn|Spikes|p1a: Gothitelle
|-fail|p1a: Gothitelle
|
|turn|23
|
|move|p1a: Gothitelle|Calm Mind|p1a: Gothitelle
|-fail|p1a: Gothitelle
|move|p2a: Ferrothorn|Spikes|p1a: Gothitelle
|-fail|p1a: Gothitelle
|
|turn|24
|
|move|p1a: Gothitelle|Rest|p1a: Gothitelle
|-fail|p1a: Gothitelle
|move|p2a: Ferrothorn|Spikes|p1a: Gothitelle
|-fail|p1a: Gothitelle
|
|turn|25
|c|ârank1 marth|LOOOOOL
|
|move|p1a: Gothitelle|Rest|p1a: Gothitelle
|-fail|p1a: Gothitelle
|move|p2a: Ferrothorn|Spikes|p1a: Gothitelle
|-fail|p1a: Gothitelle
|
|turn|26
|
|move|p1a: Gothitelle|Calm Mind|p1a: Gothitelle
|-fail|p1a: Gothitelle
|move|p2a: Ferrothorn|Spikes|p1a: Gothitelle
|-fail|p1a: Gothitelle
|
|turn|27
|
|move|p1a: Gothitelle|Rest|p1a: Gothitelle
|-fail|p1a: Gothitelle
|move|p2a: Ferrothorn|Spikes|p1a: Gothitelle
|-fail|p1a: Gothitelle
|
|turn|28
|
|move|p1a: Gothitelle|Calm Mind|p1a: Gothitelle
|-fail|p1a: Gothitelle
|move|p2a: Ferrothorn|Spikes|p1a: Gothitelle
|-fail|p1a: Gothitelle
|
|turn|29
|
|move|p1a: Gothitelle|Calm Mind|p1a: Gothitelle
|-fail|p1a: Gothitelle
|move|p2a: Ferrothorn|Spikes|p1a: Gothitelle
|-fail|p1a: Gothitelle
|
|turn|30
|
|move|p1a: Gothitelle|Calm Mind|p1a: Gothitelle
|-fail|p1a: Gothitelle
|move|p2a: Ferrothorn|Spikes|p1a: Gothitelle
|-fail|p1a: Gothitelle
|
|turn|31
|
|move|p1a: Gothitelle|Rest|p1a: Gothitelle
|-fail|p1a: Gothitelle
|move|p2a: Ferrothorn|Spikes|p1a: Gothitelle
|-fail|p1a: Gothitelle
|
|turn|32
|
|move|p1a: Gothitelle|Rest|p1a: Gothitelle
|-fail|p1a: Gothitelle
|move|p2a: Ferrothorn|Spikes|p1a: Gothitelle
|-fail|p1a: Gothitelle
|
|turn|33
|
|move|p1a: Gothitelle|Rest|p1a: Gothitelle
|-fail|p1a: Gothitelle
|move|p2a: Ferrothorn|Spikes|p1a: Gothitelle
|-fail|p1a: Gothitelle
|
|turn|34
|
|move|p1a: Gothitelle|Rest|p1a: Gothitelle
|-fail|p1a: Gothitelle
|move|p2a: Ferrothorn|Spikes|p1a: Gothitelle
|-fail|p1a: Gothitelle
|
|turn|35
|
|move|p1a: Gothitelle|Rest|p1a: Gothitelle
|-fail|p1a: Gothitelle
|move|p2a: Ferrothorn|Spikes|p1a: Gothitelle
|-fail|p1a: Gothitelle
|
|turn|36
|
|move|p1a: Gothitelle|Rest|p1a: Gothitelle
|-fail|p1a: Gothitelle
|move|p2a: Ferrothorn|Spikes|p1a: Gothitelle
|-fail|p1a: Gothitelle
|
|turn|37
|
|move|p1a: Gothitelle|Calm Mind|p1a: Gothitelle
|-fail|p1a: Gothitelle
|move|p2a: Ferrothorn|Spikes|p1a: Gothitelle
|-fail|p1a: Gothitelle
|
|turn|38
|
|move|p1a: Gothitelle|Calm Mind|p1a: Gothitelle
|-fail|p1a: Gothitelle
|move|p2a: Ferrothorn|Struggle|p1a: Gothitelle
|-damage|p1a: Gothitelle|259\/301
|-damage|p2a: Ferrothorn|69\/352
|
|-heal|p1a: Gothitelle|277\/301|[from] item: Leftovers
|turn|39
|
|move|p1a: Gothitelle|Trick|p2a: Ferrothorn
|-activate|p1a: Gothitelle|move: Trick|[of] p2a: Ferrothorn
|-item|p2a: Ferrothorn|Leftovers|[from] move: Trick
|-item|p1a: Gothitelle|Choice Scarf|[from] move: Trick
|move|p2a: Ferrothorn|Struggle|p1a: Gothitelle
|-damage|p1a: Gothitelle|241\/301
|-damage|p2a: Ferrothorn|0 fnt
|faint|p2a: Ferrothorn
|
|
|switch|p2a: Tyranitar|Tyranitar, F|342\/342
|-damage|p2a: Tyranitar|300\/342|[from] Stealth Rock
|-weather|Sandstorm
|turn|40
|
|switch|p1a: Clefable|Clefable, F|312\/394 brn
|move|p2a: Tyranitar|Crunch|p1a: Clefable
|-resisted|p1a: Clefable
|-damage|p1a: Clefable|240\/394 brn
|
|-weather|Sandstorm|[upkeep]
|-heal|p1a: Clefable|264\/394 brn|[from] item: Leftovers
|turn|41
|
|switch|p2a: Heatran|Heatran, M|386\/386 par
|-damage|p2a: Heatran|338\/386 par|[from] Stealth Rock
|move|p1a: Clefable|Thunder Wave|p2a: Heatran
|-fail|p2a: Heatran|par
|
|-weather|Sandstorm|[upkeep]
|-heal|p1a: Clefable|288\/394 brn|[from] item: Leftovers
|-heal|p2a: Heatran|362\/386 par|[from] item: Leftovers
|turn|42
|
|move|p1a: Clefable|Soft-Boiled|p1a: Clefable
|-heal|p1a: Clefable|394\/394 brn
|move|p2a: Heatran|Lava Plume|p1a: Clefable
|-damage|p1a: Clefable|292\/394 brn
|
|-weather|Sandstorm|[upkeep]
|-heal|p1a: Clefable|316\/394 brn|[from] item: Leftovers
|-heal|p2a: Heatran|386\/386 par|[from] item: Leftovers
|turn|43
|
|move|p1a: Clefable|Moonblast|p2a: Heatran
|-resisted|p2a: Heatran
|-damage|p2a: Heatran|363\/386 par
|cant|p2a: Heatran|par
|
|-weather|Sandstorm|[upkeep]
|-heal|p1a: Clefable|340\/394 brn|[from] item: Leftovers
|-heal|p2a: Heatran|386\/386 par|[from] item: Leftovers
|turn|44
|
|move|p1a: Clefable|Moonblast|p2a: Heatran
|-resisted|p2a: Heatran
|-damage|p2a: Heatran|364\/386 par
|-unboost|p2a: Heatran|spa|1
|move|p2a: Heatran|Roar|p1a: Clefable
|drag|p1a: Gothitelle|Gothitelle, F|241\/301
|-damage|p1a: Gothitelle|166\/301|[from] Spikes
|-damage|p1a: Gothitelle|129\/301|[from] Stealth Rock
|
|-weather|none
|-heal|p2a: Heatran|386\/386 par|[from] item: Leftovers
|turn|45
|
|move|p1a: Gothitelle|Trick|p2a: Heatran
|-activate|p1a: Gothitelle|move: Trick|[of] p2a: Heatran
|-item|p2a: Heatran|Choice Scarf|[from] move: Trick
|-item|p1a: Gothitelle|Leftovers|[from] move: Trick
|move|p2a: Heatran|Lava Plume|p1a: Gothitelle
|-damage|p1a: Gothitelle|56\/301
|-status|p1a: Gothitelle|brn
|
|-heal|p1a: Gothitelle|74\/301 brn|[from] item: Leftovers
|-damage|p1a: Gothitelle|37\/301 brn|[from] brn
|turn|46
|
|move|p1a: Gothitelle|Rest|p1a: Gothitelle
|-status|p1a: Gothitelle|slp
|-heal|p1a: Gothitelle|301\/301 slp|[silent]
|-status|p1a: Gothitelle|slp|[from] move: Rest
|cant|p2a: Heatran|par
|
|turn|47
|
|cant|p1a: Gothitelle|slp
|move|p2a: Heatran|Lava Plume|p1a: Gothitelle
|-damage|p1a: Gothitelle|226\/301 slp
|
|-heal|p1a: Gothitelle|244\/301 slp|[from] item: Leftovers
|turn|48
|
|cant|p1a: Gothitelle|slp
|move|p2a: Heatran|Lava Plume|p1a: Gothitelle
|-damage|p1a: Gothitelle|172\/301 slp
|
|-heal|p1a: Gothitelle|190\/301 slp|[from] item: Leftovers
|turn|49
|
|-curestatus|p1a: Gothitelle|slp
|move|p1a: Gothitelle|Calm Mind|p1a: Gothitelle
|-boost|p1a: Gothitelle|spa|1
|-boost|p1a: Gothitelle|spd|1
|move|p2a: Heatran|Lava Plume|p1a: Gothitelle
|-damage|p1a: Gothitelle|142\/301
|-status|p1a: Gothitelle|brn
|
|-heal|p1a: Gothitelle|160\/301 brn|[from] item: Leftovers
|-damage|p1a: Gothitelle|123\/301 brn|[from] brn
|turn|50
|
|move|p1a: Gothitelle|Rest|p1a: Gothitelle
|-status|p1a: Gothitelle|slp
|-heal|p1a: Gothitelle|301\/301 slp|[silent]
|-status|p1a: Gothitelle|slp|[from] move: Rest
|move|p2a: Heatran|Lava Plume|p1a: Gothitelle
|-damage|p1a: Gothitelle|252\/301 slp
|
|-heal|p1a: Gothitelle|270\/301 slp|[from] item: Leftovers
|turn|51
|
|cant|p1a: Gothitelle|slp
|move|p2a: Heatran|Lava Plume|p1a: Gothitelle
|-crit|p1a: Gothitelle
|-damage|p1a: Gothitelle|96\/301 slp
|
|-heal|p1a: Gothitelle|114\/301 slp|[from] item: Leftovers
|turn|52
|
|cant|p1a: Gothitelle|slp
|move|p2a: Heatran|Lava Plume|p1a: Gothitelle
|-damage|p1a: Gothitelle|60\/301 slp
|
|-heal|p1a: Gothitelle|78\/301 slp|[from] item: Leftovers
|turn|53
|
|-curestatus|p1a: Gothitelle|slp
|move|p1a: Gothitelle|Rest|p1a: Gothitelle
|-status|p1a: Gothitelle|slp
|-heal|p1a: Gothitelle|301\/301 slp|[silent]
|-status|p1a: Gothitelle|slp|[from] move: Rest
|move|p2a: Heatran|Lava Plume|p1a: Gothitelle
|-damage|p1a: Gothitelle|252\/301 slp
|
|-heal|p1a: Gothitelle|270\/301 slp|[from] item: Leftovers
|turn|54
|
|cant|p1a: Gothitelle|slp
|move|p2a: Heatran|Lava Plume|p1a: Gothitelle
|-damage|p1a: Gothitelle|224\/301 slp
|
|-heal|p1a: Gothitelle|242\/301 slp|[from] item: Leftovers
|turn|55
|
|cant|p1a: Gothitelle|slp
|cant|p2a: Heatran|par
|
|-heal|p1a: Gothitelle|260\/301 slp|[from] item: Leftovers
|turn|56
|
|-curestatus|p1a: Gothitelle|slp
|move|p1a: Gothitelle|Calm Mind|p1a: Gothitelle
|-boost|p1a: Gothitelle|spa|1
|-boost|p1a: Gothitelle|spd|1
|move|p2a: Heatran|Lava Plume|p1a: Gothitelle
|-damage|p1a: Gothitelle|221\/301
|-status|p1a: Gothitelle|brn
|
|-heal|p1a: Gothitelle|239\/301 brn|[from] item: Leftovers
|-damage|p1a: Gothitelle|202\/301 brn|[from] brn
|turn|57
|
|move|p1a: Gothitelle|Calm Mind|p1a: Gothitelle
|-boost|p1a: Gothitelle|spa|1
|-boost|p1a: Gothitelle|spd|1
|move|p2a: Heatran|Lava Plume|p1a: Gothitelle
|-damage|p1a: Gothitelle|172\/301 brn
|
|-heal|p1a: Gothitelle|190\/301 brn|[from] item: Leftovers
|-damage|p1a: Gothitelle|153\/301 brn|[from] brn
|turn|58
|
|move|p1a: Gothitelle|Rest|p1a: Gothitelle
|-status|p1a: Gothitelle|slp
|-heal|p1a: Gothitelle|301\/301 slp|[silent]
|-status|p1a: Gothitelle|slp|[from] move: Rest
|cant|p2a: Heatran|par
|
|turn|59
|
|cant|p1a: Gothitelle|slp
|move|p2a: Heatran|Lava Plume|p1a: Gothitelle
|-damage|p1a: Gothitelle|271\/301 slp
|
|-heal|p1a: Gothitelle|289\/301 slp|[from] item: Leftovers
|turn|60
|
|cant|p1a: Gothitelle|slp
|move|p2a: Heatran|Lava Plume|p1a: Gothitelle
|-damage|p1a: Gothitelle|259\/301 slp
|
|-heal|p1a: Gothitelle|277\/301 slp|[from] item: Leftovers
|turn|61
|
|-curestatus|p1a: Gothitelle|slp
|move|p1a: Gothitelle|Calm Mind|p1a: Gothitelle
|-boost|p1a: Gothitelle|spa|1
|-boost|p1a: Gothitelle|spd|1
|cant|p2a: Heatran|par
|
|-heal|p1a: Gothitelle|295\/301|[from] item: Leftovers
|turn|62
|
|move|p1a: Gothitelle|Psychic|p2a: Heatran
|-resisted|p2a: Heatran
|-damage|p2a: Heatran|225\/386 par
|-unboost|p2a: Heatran|spd|1
|move|p2a: Heatran|Lava Plume|p1a: Gothitelle
|-damage|p1a: Gothitelle|270\/301
|-status|p1a: Gothitelle|brn
|
|-heal|p1a: Gothitelle|288\/301 brn|[from] item: Leftovers
|-damage|p1a: Gothitelle|251\/301 brn|[from] brn
|turn|63
|
|move|p1a: Gothitelle|Calm Mind|p1a: Gothitelle
|-boost|p1a: Gothitelle|spa|1
|-boost|p1a: Gothitelle|spd|1
|move|p2a: Heatran|Lava Plume|p1a: Gothitelle
|-damage|p1a: Gothitelle|227\/301 brn
|
|-heal|p1a: Gothitelle|245\/301 brn|[from] item: Leftovers
|-damage|p1a: Gothitelle|208\/301 brn|[from] brn
|turn|64
|
|move|p1a: Gothitelle|Calm Mind|p1a: Gothitelle
|-boost|p1a: Gothitelle|spa|1
|-boost|p1a: Gothitelle|spd|1
|move|p2a: Heatran|Lava Plume|p1a: Gothitelle
|-crit|p1a: Gothitelle
|-damage|p1a: Gothitelle|48\/301 brn
|
|-heal|p1a: Gothitelle|66\/301 brn|[from] item: Leftovers
|-damage|p1a: Gothitelle|29\/301 brn|[from] brn
|turn|65
|
|move|p1a: Gothitelle|Rest|p1a: Gothitelle
|-status|p1a: Gothitelle|slp
|-heal|p1a: Gothitelle|301\/301 slp|[silent]
|-status|p1a: Gothitelle|slp|[from] move: Rest
|move|p2a: Heatran|Lava Plume|p1a: Gothitelle
|-damage|p1a: Gothitelle|283\/301 slp
|
|-heal|p1a: Gothitelle|301\/301 slp|[from] item: Leftovers
|turn|66
|
|cant|p1a: Gothitelle|slp
|cant|p2a: Heatran|par
|
|turn|67
|
|cant|p1a: Gothitelle|slp
|cant|p2a: Heatran|par
|
|turn|68
|
|-curestatus|p1a: Gothitelle|slp
|move|p1a: Gothitelle|Trick|p2a: Heatran
|-activate|p1a: Gothitelle|move: Trick|[of] p2a: Heatran
|-item|p2a: Heatran|Leftovers|[from] move: Trick
|-item|p1a: Gothitelle|Choice Scarf|[from] move: Trick
|move|p2a: Heatran|Lava Plume|p1a: Gothitelle
|-damage|p1a: Gothitelle|282\/301
|
|-heal|p2a: Heatran|249\/386 par|[from] item: Leftovers
|turn|69
|
|move|p1a: Gothitelle|Psychic|p2a: Heatran
|-resisted|p2a: Heatran
|-damage|p2a: Heatran|0 fnt
|faint|p2a: Heatran
|
|
|switch|p2a: Tyranitar|Tyranitar, F|300\/342
|-damage|p2a: Tyranitar|258\/342|[from] Stealth Rock
|-weather|Sandstorm
|turn|70
|
|move|p2a: Tyranitar|Pursuit|p1a: Gothitelle|[from]Pursuit
|-supereffective|p1a: Gothitelle
|-damage|p1a: Gothitelle|0 fnt
|faint|p1a: Gothitelle
|
|-weather|Sandstorm|[upkeep]
|
|switch|p1a: Tentacruel|Tentacruel, F|364\/364
|-damage|p1a: Tentacruel|319\/364|[from] Stealth Rock
|-damage|p1a: Tentacruel|228\/364|[from] Spikes
|turn|71
|
|switch|p2a: Sableye|Sableye-Mega, F|303\/303
|-damage|p2a: Sableye|266\/303|[from] Stealth Rock
|move|p1a: Tentacruel|Acid Spray|p2a: Sableye
|-resisted|p2a: Sableye
|-damage|p2a: Sableye|249\/303
|-unboost|p2a: Sableye|spd|2
|
|-weather|Sandstorm|[upkeep]
|-damage|p1a: Tentacruel|206\/364|[from] sandstorm
|-damage|p2a: Sableye|231\/303|[from] sandstorm
|-heal|p1a: Tentacruel|228\/364|[from] item: Black Sludge
|turn|72
|
|switch|p2a: Slowbro|Slowbro, F|393\/393
|-damage|p2a: Slowbro|344\/393|[from] Stealth Rock
|move|p1a: Tentacruel|Scald|p2a: Slowbro
|-resisted|p2a: Slowbro
|-damage|p2a: Slowbro|294\/393
|
|-weather|Sandstorm|[upkeep]
|-damage|p1a: Tentacruel|206\/364|[from] sandstorm
|-damage|p2a: Slowbro|270\/393|[from] sandstorm
|-heal|p1a: Tentacruel|228\/364|[from] item: Black Sludge
|-heal|p2a: Slowbro|294\/393|[from] item: Leftovers
|turn|73
|leave|Cumown
|player|p1
|join|Cumown
|player|p1|Cumown|287
|
|switch|p2a: Sableye|Sableye-Mega, F|231\/303
|-damage|p2a: Sableye|194\/303|[from] Stealth Rock
|move|p1a: Tentacruel|Rapid Spin|p2a: Sableye
|-immune|p2a: Sableye|[msg]
|
|-weather|Sandstorm|[upkeep]
|-damage|p1a: Tentacruel|206\/364|[from] sandstorm
|-damage|p2a: Sableye|176\/303|[from] sandstorm
|-heal|p1a: Tentacruel|228\/364|[from] item: Black Sludge
|turn|74
|
|move|p1a: Tentacruel|Scald|p2a: Sableye
|-damage|p2a: Sableye|112\/303
|move|p2a: Sableye|Will-O-Wisp|p1a: Tentacruel
|-status|p1a: Tentacruel|brn
|
|-weather|none
|-heal|p1a: Tentacruel|250\/364 brn|[from] item: Black Sludge
|-damage|p1a: Tentacruel|205\/364 brn|[from] brn
|turn|75
|
|move|p1a: Tentacruel|Acid Spray|p2a: Sableye
|-resisted|p2a: Sableye
|-damage|p2a: Sableye|96\/303
|-unboost|p2a: Sableye|spd|2
|move|p2a: Sableye|Recover|p2a: Sableye
|-heal|p2a: Sableye|248\/303
|
|-heal|p1a: Tentacruel|227\/364 brn|[from] item: Black Sludge
|-damage|p1a: Tentacruel|182\/364 brn|[from] brn
|turn|76
|
|move|p1a: Tentacruel|Rapid Spin|p2a: Sableye
|-immune|p2a: Sableye|[msg]
|move|p2a: Sableye|Dark Pulse|p1a: Tentacruel
|-crit|p1a: Tentacruel
|-damage|p1a: Tentacruel|95\/364 brn
|
|-heal|p1a: Tentacruel|117\/364 brn|[from] item: Black Sludge
|-damage|p1a: Tentacruel|72\/364 brn|[from] brn
|turn|77
|
|switch|p2a: Tyranitar|Tyranitar, F|258\/342
|-damage|p2a: Tyranitar|216\/342|[from] Stealth Rock
|-weather|Sandstorm
|move|p1a: Tentacruel|Rapid Spin|p2a: Tyranitar
|-resisted|p2a: Tyranitar
|-damage|p2a: Tyranitar|213\/342
|-sideend|p1: Cumown|Spikes|[from] move: Rapid Spin|[of] p1a: Tentacruel
|-sideend|p1: Cumown|Stealth Rock|[from] move: Rapid Spin|[of] p1a: Tentacruel
|
|-weather|Sandstorm|[upkeep]
|-damage|p1a: Tentacruel|50\/364 brn|[from] sandstorm
|-heal|p1a: Tentacruel|72\/364 brn|[from] item: Black Sludge
|-damage|p1a: Tentacruel|27\/364 brn|[from] brn
|turn|78
|
|move|p2a: Tyranitar|Pursuit|p1a: Tentacruel
|-damage|p1a: Tentacruel|0 fnt
|faint|p1a: Tentacruel
|
|-weather|Sandstorm|[upkeep]
|
|switch|p1a: Sceptile|Sceptile, F|281\/281
|turn|79
|
|detailschange|p1a: Sceptile|Sceptile-Mega, F
|-mega|p1a: Sceptile|Sceptile|Sceptilite
|move|p1a: Sceptile|Substitute|p1a: Sceptile
|-start|p1a: Sceptile|Substitute
|-damage|p1a: Sceptile|211\/281
|move|p2a: Tyranitar|Pursuit|p1a: Sceptile
|-end|p1a: Sceptile|Substitute
|
|-weather|Sandstorm|[upkeep]
|-damage|p1a: Sceptile|194\/281|[from] sandstorm
|turn|80
|
|move|p1a: Sceptile|Giga Drain|p2a: Tyranitar
|-supereffective|p2a: Tyranitar
|-damage|p2a: Tyranitar|27\/342
|-heal|p1a: Sceptile|281\/281|[from] drain|[of] p2a: Tyranitar
|move|p2a: Tyranitar|Pursuit|p1a: Sceptile
|-crit|p1a: Sceptile
|-damage|p1a: Sceptile|149\/281
|
|-weather|Sandstorm|[upkeep]
|-damage|p1a: Sceptile|132\/281|[from] sandstorm
|turn|81
|
|move|p1a: Sceptile|Giga Drain|p2a: Tyranitar
|-supereffective|p2a: Tyranitar
|-damage|p2a: Tyranitar|0 fnt
|-heal|p1a: Sceptile|146\/281|[from] drain|[of] p2a: Tyranitar
|faint|p2a: Tyranitar
|
|-weather|none
|
|switch|p2a: Sableye|Sableye-Mega, F|248\/303
|-damage|p2a: Sableye|211\/303|[from] Stealth Rock
|turn|82
|
|move|p1a: Sceptile|Dragon Pulse|p2a: Sableye
|-damage|p2a: Sableye|60\/303
|move|p2a: Sableye|Calm Mind|p2a: Sableye
|-boost|p2a: Sableye|spa|1
|-boost|p2a: Sableye|spd|1
|
|turn|83
|
|move|p1a: Sceptile|Dragon Pulse|p2a: Sableye
|-damage|p2a: Sableye|0 fnt
|faint|p2a: Sableye
|
|
|switch|p2a: Gliscor|Gliscor, M|354\/354
|-damage|p2a: Gliscor|310\/354|[from] Stealth Rock
|turn|84
|
|move|p1a: Sceptile|Substitute|p1a: Sceptile
|-start|p1a: Sceptile|Substitute
|-damage|p1a: Sceptile|76\/281
|move|p2a: Gliscor|Facade|p1a: Sceptile
|-activate|p1a: Sceptile|Substitute|[damage]
|
|-status|p2a: Gliscor|tox|[from] item: Toxic Orb
|turn|85
|-message|rank1 marth forfeited.
|leave|rank1 marth
|
|win|Cumown
|raw|Ladder updating...
|player|p2
|raw|Cumown's rating: 1410 &rarr; <strong>1426<\/strong><br \/>(+16 for winning)
|raw|rank1 marth's rating: 1330 &rarr; <strong>1315<\/strong><br \/>(-15 for losing)