|join|Cumown
|join|KStillThinking
|player|p1|Cumown|287
|player|p2|KStillThinking|101
|gametype|singles
|gen|6
|tier|OU (suspect test)
|rated
|clearpoke
|poke|p1|Sceptile, F
|poke|p1|Clefable, F
|poke|p1|Porygon2
|poke|p1|Rotom-Wash
|poke|p1|Tentacruel, M
|poke|p1|Gothitelle, M
|poke|p2|Scizor, M
|poke|p2|Rotom-Wash
|poke|p2|Landorus-Therian, M
|poke|p2|Excadrill, F
|poke|p2|Gardevoir, F
|poke|p2|Dragonite, F
|rule|Swagger Clause: Swagger is banned
|rule|Baton Pass Clause: Limit one PokÃ©mon knowing Baton Pass
|rule|Sleep Clause Mod: Limit one foe put to sleep
|rule|Species Clause: Limit one of each PokÃ©mon
|rule|OHKO Clause: OHKO moves are banned
|rule|Moody Clause: Moody is banned
|rule|Evasion Moves Clause: Evasion moves are banned
|rule|Endless Battle Clause: Forcing endless battles is banned
|rule|HP Percentage Mod: HP is shown in percentages
|teampreview
|
|start
|switch|p1a: Clefable|Clefable, F|394\/394
|switch|p2a: Gardevoir|Gardevoir, F|314\/314
|-ability|p2a: Gardevoir|Magic Guard|[from] ability: Trace|[of] p1a: Clefable
|turn|1
|
|detailschange|p2a: Gardevoir|Gardevoir-Mega, F
|-mega|p2a: Gardevoir|Gardevoir|Gardevoirite
|move|p2a: Gardevoir|Taunt|p1a: Clefable
|-start|p1a: Clefable|move: Taunt
|cant|p1a: Clefable|move: Taunt|Thunder Wave
|
|turn|2
|
|switch|p1a: Tentacruel|Tentacruel, M|364\/364
|move|p2a: Gardevoir|Hyper Voice|p1a: Tentacruel
|-resisted|p1a: Tentacruel
|-damage|p1a: Tentacruel|284\/364
|
|-heal|p1a: Tentacruel|306\/364|[from] item: Black Sludge
|turn|3
|
|switch|p2a: Rotom-Wash|Rotom-Wash|291\/291
|switch|p1a: Porygon2|Porygon2|374\/374
|-ability|p1a: Porygon2|Levitate|[from] ability: Trace|[of] p2a: Rotom-Wash
|
|turn|4
|
|switch|p1a: Clefable|Clefable, F|394\/394
|move|p2a: Rotom-Wash|Will-O-Wisp|p1a: Clefable
|-status|p1a: Clefable|brn
|
|turn|5
|
|move|p2a: Rotom-Wash|Hydro Pump|p1a: Clefable
|-damage|p1a: Clefable|235\/394 brn
|move|p1a: Clefable|Stealth Rock|p2a: Rotom-Wash
|-sidestart|p2: KStillThinking|move: Stealth Rock
|
|-heal|p1a: Clefable|259\/394 brn|[from] item: Leftovers
|turn|6
|
|move|p2a: Rotom-Wash|Volt Switch|p1a: Clefable
|-damage|p1a: Clefable|153\/394 brn
|
|switch|p2a: Gardevoir|Gardevoir-Mega, F|314\/314
|-damage|p2a: Gardevoir|275\/314|[from] Stealth Rock
|move|p1a: Clefable|Soft-Boiled|p1a: Clefable
|-heal|p1a: Clefable|350\/394 brn
|
|-heal|p1a: Clefable|374\/394 brn|[from] item: Leftovers
|turn|7
|
|move|p2a: Gardevoir|Psyshock|p1a: Clefable
|-damage|p1a: Clefable|194\/394 brn
|move|p1a: Clefable|Moonblast|p2a: Gardevoir
|-damage|p2a: Gardevoir|196\/314
|
|-heal|p1a: Clefable|218\/394 brn|[from] item: Leftovers
|turn|8
|
|switch|p2a: Excadrill|Excadrill, F|361\/361
|-damage|p2a: Excadrill|350\/361|[from] Stealth Rock
|-ability|p2a: Excadrill|Mold Breaker
|switch|p1a: Tentacruel|Tentacruel, M|306\/364
|
|-heal|p1a: Tentacruel|328\/364|[from] item: Black Sludge
|turn|9
|
|switch|p1a: Gothitelle|Gothitelle, M|301\/301
|move|p2a: Excadrill|Earthquake|p1a: Gothitelle
|-damage|p1a: Gothitelle|118\/301
|
|turn|10
|
|switch|p1a: Sceptile|Sceptile, F|281\/281
|move|p2a: Excadrill|Earthquake|p1a: Sceptile
|-resisted|p1a: Sceptile
|-damage|p1a: Sceptile|157\/281
|
|turn|11
|
|detailschange|p1a: Sceptile|Sceptile-Mega, F
|-mega|p1a: Sceptile|Sceptile|Sceptilite
|move|p2a: Excadrill|Earthquake|p1a: Sceptile
|-resisted|p1a: Sceptile
|-damage|p1a: Sceptile|50\/281
|move|p1a: Sceptile|Giga Drain|p2a: Excadrill
|-damage|p2a: Excadrill|133\/361
|-heal|p1a: Sceptile|159\/281|[from] drain|[of] p2a: Excadrill
|
|turn|12
|
|switch|p2a: Scizor|Scizor, M|343\/343
|-damage|p2a: Scizor|301\/343|[from] Stealth Rock
|move|p1a: Sceptile|Giga Drain|p2a: Scizor
|-resisted|p2a: Scizor
|-damage|p2a: Scizor|262\/343
|-heal|p1a: Sceptile|179\/281|[from] drain|[of] p2a: Scizor
|
|turn|13
|
|move|p1a: Sceptile|Hidden Power|p2a: Scizor
|-supereffective|p2a: Scizor
|-damage|p2a: Scizor|0 fnt
|faint|p2a: Scizor
|
|
|switch|p2a: Excadrill|Excadrill, F|133\/361
|-damage|p2a: Excadrill|122\/361|[from] Stealth Rock
|-ability|p2a: Excadrill|Mold Breaker
|turn|14
|
|move|p2a: Excadrill|Rapid Spin|p1a: Sceptile
|-damage|p1a: Sceptile|149\/281
|-sideend|p2: KStillThinking|Stealth Rock|[from] move: Rapid Spin|[of] p2a: Excadrill
|move|p1a: Sceptile|Giga Drain|p2a: Excadrill
|-damage|p2a: Excadrill|0 fnt
|-heal|p1a: Sceptile|210\/281|[from] drain|[of] p2a: Excadrill
|faint|p2a: Excadrill
|
|
|switch|p2a: Gardevoir|Gardevoir-Mega, F|196\/314
|turn|15
|
|switch|p1a: Gothitelle|Gothitelle, M|118\/301
|move|p2a: Gardevoir|Psyshock|p1a: Gothitelle
|-resisted|p1a: Gothitelle
|-damage|p1a: Gothitelle|19\/301
|
|turn|16
|
|move|p1a: Gothitelle|Psychic|p2a: Gardevoir
|-resisted|p2a: Gardevoir
|-damage|p2a: Gardevoir|150\/314
|move|p2a: Gardevoir|Psyshock|p1a: Gothitelle
|-resisted|p1a: Gothitelle
|-damage|p1a: Gothitelle|0 fnt
|faint|p1a: Gothitelle
|
|
|switch|p1a: Porygon2|Porygon2|374\/374
|-ability|p1a: Porygon2|Pixilate|[from] ability: Trace|[of] p2a: Gardevoir
|turn|17
|
|switch|p2a: Rotom-Wash|Rotom-Wash|291\/291
|move|p1a: Porygon2|Thunder Wave|p2a: Rotom-Wash
|-fail|p2a: Rotom-Wash
|
|turn|18
|
|switch|p1a: Tentacruel|Tentacruel, M|328\/364
|move|p2a: Rotom-Wash|Will-O-Wisp|p1a: Tentacruel
|-status|p1a: Tentacruel|brn
|
|-heal|p1a: Tentacruel|350\/364 brn|[from] item: Black Sludge
|-damage|p1a: Tentacruel|305\/364 brn|[from] brn
|turn|19
|
|move|p1a: Tentacruel|Toxic Spikes|p2a: Rotom-Wash
|-sidestart|p2: KStillThinking|move: Toxic Spikes
|move|p2a: Rotom-Wash|Volt Switch|p1a: Tentacruel
|-supereffective|p1a: Tentacruel
|-damage|p1a: Tentacruel|155\/364 brn
|
|switch|p2a: Landorus-Therian|Landorus-Therian, M|382\/382
|-ability|p2a: Landorus-Therian|Intimidate|[of] p1a: Tentacruel
|-unboost|p1a: Tentacruel|atk|1
|
|-heal|p1a: Tentacruel|177\/364 brn|[from] item: Black Sludge
|-damage|p1a: Tentacruel|132\/364 brn|[from] brn
|turn|20
|
|move|p1a: Tentacruel|Toxic Spikes|p2a: Landorus-Therian
|-sidestart|p2: KStillThinking|move: Toxic Spikes
|move|p2a: Landorus-Therian|Earthquake|p1a: Tentacruel
|-supereffective|p1a: Tentacruel
|-damage|p1a: Tentacruel|0 fnt
|faint|p1a: Tentacruel
|
|
|switch|p1a: Porygon2|Porygon2|374\/374
|-ability|p1a: Porygon2|Intimidate|[from] ability: Trace|[of] p2a: Landorus-Therian
|-ability|p1a: Porygon2|Intimidate|[of] p2a: Landorus-Therian
|-unboost|p2a: Landorus-Therian|atk|1
|turn|21
|
|switch|p2a: Rotom-Wash|Rotom-Wash|291\/291
|move|p1a: Porygon2|Ice Beam|p2a: Rotom-Wash
|-resisted|p2a: Rotom-Wash
|-damage|p2a: Rotom-Wash|257\/291
|
|-heal|p2a: Rotom-Wash|275\/291|[from] item: Leftovers
|turn|22
|
|switch|p1a: Clefable|Clefable, F|218\/394 brn
|move|p2a: Rotom-Wash|Hydro Pump|p1a: Clefable
|-damage|p1a: Clefable|64\/394 brn
|
|-heal|p2a: Rotom-Wash|291\/291|[from] item: Leftovers
|-heal|p1a: Clefable|88\/394 brn|[from] item: Leftovers
|turn|23
|
|switch|p1a: Sceptile|Sceptile-Mega, F|210\/281
|move|p2a: Rotom-Wash|Volt Switch|p1a: Sceptile
|-boost|p1a: Sceptile|spa|1|[from] ability: Lightning Rod
|
|turn|24
|
|move|p1a: Sceptile|Giga Drain|p2a: Rotom-Wash
|-supereffective|p2a: Rotom-Wash
|-damage|p2a: Rotom-Wash|0 fnt
|-heal|p1a: Sceptile|281\/281|[from] drain|[of] p2a: Rotom-Wash
|faint|p2a: Rotom-Wash
|
|
|switch|p2a: Gardevoir|Gardevoir-Mega, F|150\/314
|-status|p2a: Gardevoir|tox
|turn|25
|
|switch|p1a: Clefable|Clefable, F|88\/394 brn
|move|p2a: Gardevoir|Hyper Voice|p1a: Clefable
|-damage|p1a: Clefable|0 fnt
|faint|p1a: Clefable
|
|-damage|p2a: Gardevoir|131\/314 tox|[from] psn
|
|switch|p1a: Porygon2|Porygon2|374\/374
|-ability|p1a: Porygon2|Pixilate|[from] ability: Trace|[of] p2a: Gardevoir
|turn|26
|
|move|p2a: Gardevoir|Hyper Voice|p1a: Porygon2
|-damage|p1a: Porygon2|199\/374
|move|p1a: Porygon2|Recover|p1a: Porygon2
|-heal|p1a: Porygon2|374\/374
|
|-damage|p2a: Gardevoir|93\/314 tox|[from] psn
|turn|27
|
|switch|p2a: Landorus-Therian|Landorus-Therian, M|382\/382
|-ability|p2a: Landorus-Therian|Intimidate|[of] p1a: Porygon2
|-unboost|p1a: Porygon2|atk|1
|move|p1a: Porygon2|Foul Play|p2a: Landorus-Therian
|-damage|p2a: Landorus-Therian|247\/382
|
|-heal|p2a: Landorus-Therian|270\/382|[from] item: Leftovers
|turn|28
|
|move|p2a: Landorus-Therian|Stealth Rock|p1a: Porygon2
|-sidestart|p1: Cumown|move: Stealth Rock
|move|p1a: Porygon2|Ice Beam|p2a: Landorus-Therian
|-supereffective|p2a: Landorus-Therian
|-damage|p2a: Landorus-Therian|0 fnt
|faint|p2a: Landorus-Therian
|
|
|switch|p2a: Gardevoir|Gardevoir-Mega, F|93\/314 tox
|turn|29
|
|move|p2a: Gardevoir|Taunt|p1a: Porygon2
|-start|p1a: Porygon2|move: Taunt
|move|p1a: Porygon2|Foul Play|p2a: Gardevoir
|-damage|p2a: Gardevoir|8\/314 tox
|
|-damage|p2a: Gardevoir|0 fnt|[from] psn
|faint|p2a: Gardevoir
|
|switch|p2a: Dragonite|Dragonite, F|323\/323
|turn|30
|
|move|p2a: Dragonite|Dragon Dance|p2a: Dragonite
|-boost|p2a: Dragonite|atk|1
|-boost|p2a: Dragonite|spe|1
|move|p1a: Porygon2|Ice Beam|p2a: Dragonite
|-supereffective|p2a: Dragonite
|-damage|p2a: Dragonite|187\/323
|
|turn|31
|
|move|p2a: Dragonite|Outrage|p1a: Porygon2
|-damage|p1a: Porygon2|173\/374
|move|p1a: Porygon2|Ice Beam|p2a: Dragonite
|-supereffective|p2a: Dragonite
|-damage|p2a: Dragonite|0 fnt
|faint|p2a: Dragonite
|
|win|Cumown
|raw|Ladder updating...
|raw|Cumown's rating: 1446 &rarr; <strong>1459<\/strong><br \/>(+13 for winning)
|raw|KStillThinking's rating: 1316 &rarr; <strong>1303<\/strong><br \/>(-13 for losing)
|c|âCumown|ggwp
|leave|KStillThinking
|player|p2