|join|Cumown
|join|ghst me YuTT
|player|p1|Cumown|287
|player|p2|ghst me YuTT|128
|gametype|singles
|gen|6
|tier|OU (suspect test)
|rated
|clearpoke
|poke|p1|Sceptile, M
|poke|p1|Clefable, M
|poke|p1|Porygon2
|poke|p1|Rotom-Wash
|poke|p1|Tentacruel, M
|poke|p1|Gothitelle, F
|poke|p2|Charizard, F
|poke|p2|Tyranitar, M
|poke|p2|Starmie
|poke|p2|Raikou
|poke|p2|Landorus, M
|poke|p2|Celebi
|rule|Swagger Clause: Swagger is banned
|rule|Baton Pass Clause: Limit one PokÃ©mon knowing Baton Pass
|rule|Sleep Clause Mod: Limit one foe put to sleep
|rule|Species Clause: Limit one of each PokÃ©mon
|rule|OHKO Clause: OHKO moves are banned
|rule|Moody Clause: Moody is banned
|rule|Evasion Moves Clause: Evasion moves are banned
|rule|Endless Battle Clause: Forcing endless battles is banned
|rule|HP Percentage Mod: HP is shown in percentages
|teampreview
|
|start
|switch|p1a: Gothitelle|Gothitelle, F|301\/301
|switch|p2a: Tyranitar|Tyranitar, M|359\/359
|-weather|Sandstorm
|turn|1
|
|move|p1a: Gothitelle|Trick|p2a: Tyranitar
|-activate|p1a: Gothitelle|move: Trick|[of] p2a: Tyranitar
|-item|p2a: Tyranitar|Choice Scarf|[from] move: Trick
|-item|p1a: Gothitelle|Roseli Berry|[from] move: Trick
|move|p2a: Tyranitar|Pursuit|p1a: Gothitelle
|-supereffective|p1a: Gothitelle
|-damage|p1a: Gothitelle|137\/301
|
|-weather|Sandstorm|[upkeep]
|-damage|p1a: Gothitelle|119\/301|[from] sandstorm
|turn|2
|
|move|p2a: Tyranitar|Pursuit|p1a: Gothitelle|[from]Pursuit
|-supereffective|p1a: Gothitelle
|-damage|p1a: Gothitelle|0 fnt
|faint|p1a: Gothitelle
|
|-weather|Sandstorm|[upkeep]
|
|switch|p1a: Sceptile|Sceptile, M|281\/281
|turn|3
|
|detailschange|p1a: Sceptile|Sceptile-Mega, M
|-mega|p1a: Sceptile|Sceptile|Sceptilite
|move|p1a: Sceptile|Substitute|p1a: Sceptile
|-start|p1a: Sceptile|Substitute
|-damage|p1a: Sceptile|211\/281
|move|p2a: Tyranitar|Pursuit|p1a: Sceptile
|-end|p1a: Sceptile|Substitute
|
|-weather|Sandstorm|[upkeep]
|-damage|p1a: Sceptile|194\/281|[from] sandstorm
|turn|4
|join|Cienight
|
|move|p1a: Sceptile|Giga Drain|p2a: Tyranitar
|-supereffective|p2a: Tyranitar
|-damage|p2a: Tyranitar|197\/359
|-heal|p1a: Sceptile|275\/281|[from] drain|[of] p2a: Tyranitar
|move|p2a: Tyranitar|Pursuit|p1a: Sceptile
|-damage|p1a: Sceptile|176\/281
|
|-weather|Sandstorm|[upkeep]
|-damage|p1a: Sceptile|159\/281|[from] sandstorm
|turn|5
|join|IAmGingy
|
|switch|p2a: Charizard|Charizard, F|297\/297
|move|p1a: Sceptile|Giga Drain|p2a: Charizard
|-resisted|p2a: Charizard
|-damage|p2a: Charizard|258\/297
|-heal|p1a: Sceptile|179\/281|[from] drain|[of] p2a: Charizard
|
|-weather|none
|turn|6
|join|TyranitarTerror
|
|switch|p1a: Tentacruel|Tentacruel, M|364\/364
|detailschange|p2a: Charizard|Charizard-Mega-Y, F
|-mega|p2a: Charizard|Charizard|Charizardite Y
|-weather|SunnyDay
|move|p2a: Charizard|Flamethrower|p1a: Tentacruel
|-resisted|p1a: Tentacruel
|-damage|p1a: Tentacruel|277\/364
|
|-weather|SunnyDay|[upkeep]
|-heal|p1a: Tentacruel|299\/364|[from] item: Black Sludge
|turn|7
|
|switch|p2a: Celebi|Celebi|374\/374
|move|p1a: Tentacruel|Scald|p2a: Celebi
|-resisted|p2a: Celebi
|-damage|p2a: Celebi|354\/374
|
|-weather|SunnyDay|[upkeep]
|-heal|p2a: Celebi|374\/374|[from] item: Leftovers
|-heal|p1a: Tentacruel|321\/364|[from] item: Black Sludge
|turn|8
|
|switch|p1a: Clefable|Clefable, M|394\/394
|move|p2a: Celebi|Stealth Rock|p1a: Clefable
|-sidestart|p1: Cumown|move: Stealth Rock
|
|-weather|SunnyDay|[upkeep]
|turn|9
|c| Cienight|CM CM CM
|
|switch|p2a: Tyranitar|Tyranitar, M|197\/359
|-weather|Sandstorm
|move|p1a: Clefable|Stealth Rock|p2a: Tyranitar
|-sidestart|p2: ghst me YuTT|move: Stealth Rock
|
|-weather|Sandstorm|[upkeep]
|turn|10
|c| Cienight|CM CM CM
|
|move|p2a: Tyranitar|Iron Head|p1a: Clefable
|-supereffective|p1a: Clefable
|-damage|p1a: Clefable|196\/394
|move|p1a: Clefable|Thunder Wave|p2a: Tyranitar
|-status|p2a: Tyranitar|par
|
|-weather|Sandstorm|[upkeep]
|-heal|p1a: Clefable|220\/394|[from] item: Leftovers
|turn|11
|join|AdityaKhuntia
|c| Cienight|oml
|
|switch|p2a: Landorus|Landorus, M|319\/319
|-damage|p2a: Landorus|280\/319|[from] Stealth Rock
|move|p1a: Clefable|Soft-Boiled|p1a: Clefable
|-heal|p1a: Clefable|394\/394
|
|-weather|Sandstorm|[upkeep]
|turn|12
|c|âghst me YuTT|celebi
|c|âghst me YuTT|needs a move to hit fairies
|c|âghst me YuTT|anything
|
|switch|p1a: Porygon2|Porygon2|374\/374
|-damage|p1a: Porygon2|328\/374|[from] Stealth Rock
|-ability|p1a: Porygon2|Sand Force|[from] ability: Trace|[of] p2a: Landorus
|move|p2a: Landorus|Explosion|p1a: Porygon2
|-damage|p1a: Porygon2|185\/374
|faint|p2a: Landorus
|
|-weather|Sandstorm|[upkeep]
|
|switch|p2a: Charizard|Charizard-Mega-Y, F|258\/297
|-damage|p2a: Charizard|110\/297|[from] Stealth Rock
|-weather|SunnyDay
|turn|13
|
|move|p2a: Charizard|Flamethrower|p1a: Porygon2
|-damage|p1a: Porygon2|0 fnt
|faint|p1a: Porygon2
|
|-weather|SunnyDay|[upkeep]
|join|ollopa
|
|switch|p1a: Sceptile|Sceptile-Mega, M|179\/281
|-damage|p1a: Sceptile|144\/281|[from] Stealth Rock
|turn|14
|
|move|p1a: Sceptile|Dragon Pulse|p2a: Charizard
|-damage|p2a: Charizard|0 fnt
|faint|p2a: Charizard
|
|-weather|SunnyDay|[upkeep]
|join|CleanerThanRotom-W
|
|switch|p2a: Raikou|Raikou|321\/321
|-damage|p2a: Raikou|281\/321|[from] Stealth Rock
|-ability|p2a: Raikou|Pressure
|turn|15
|leave|CleanerThanRotom-W
|
|switch|p1a: Clefable|Clefable, M|394\/394
|move|p2a: Raikou|Hidden Power|p1a: Clefable
|-damage|p1a: Clefable|329\/394
|
|-weather|SunnyDay|[upkeep]
|-heal|p1a: Clefable|353\/394|[from] item: Leftovers
|turn|16
|
|move|p2a: Raikou|Thunderbolt|p1a: Clefable
|-damage|p1a: Clefable|206\/394
|move|p1a: Clefable|Moonblast|p2a: Raikou
|-damage|p2a: Raikou|182\/321
|-unboost|p2a: Raikou|spa|1
|
|-weather|SunnyDay|[upkeep]
|-heal|p1a: Clefable|230\/394|[from] item: Leftovers
|turn|17
|
|move|p2a: Raikou|Volt Switch|p1a: Clefable
|-damage|p1a: Clefable|145\/394
|
|switch|p2a: Celebi|Celebi|374\/374
|-damage|p2a: Celebi|328\/374|[from] Stealth Rock
|move|p1a: Clefable|Soft-Boiled|p1a: Clefable
|-heal|p1a: Clefable|342\/394
|
|-weather|none
|-heal|p2a: Celebi|351\/374|[from] item: Leftovers
|-heal|p1a: Clefable|366\/394|[from] item: Leftovers
|turn|18
|
|move|p2a: Celebi|Earth Power|p1a: Clefable
|-damage|p1a: Clefable|281\/394
|move|p1a: Clefable|Thunder Wave|p2a: Celebi
|-status|p2a: Celebi|par
|
|-heal|p1a: Clefable|305\/394|[from] item: Leftovers
|-heal|p2a: Celebi|374\/374 par|[from] item: Leftovers
|turn|19
|c|âghst me YuTT|omg
|c| IAmGingy|wheres the
|c| IAmGingy|cm
|c| IAmGingy|._.
|c|âghst me YuTT|what can lay rocks
|c|âghst me YuTT|and bait steels
|c| AdityaKhuntia|heatran
|c| ollopa|<-<
|c|âghst me YuTT|i meant
|c|âghst me YuTT|sorry
|c|âghst me YuTT|lure
|c| AdityaKhuntia|Or maybe
|c|âghst me YuTT|a fairy in
|c| AdityaKhuntia|lure
|c|âghst me YuTT|and then snipe it
|
|switch|p2a: Starmie|Starmie|291\/291
|-damage|p2a: Starmie|255\/291|[from] Stealth Rock
|move|p1a: Clefable|Moonblast|p2a: Starmie
|-damage|p2a: Starmie|122\/291
|-unboost|p2a: Starmie|spa|1
|-enditem|p2a: Starmie|Sitrus Berry|[eat]
|-heal|p2a: Starmie|194\/291|[from] item: Sitrus Berry
|
|-heal|p1a: Clefable|329\/394|[from] item: Leftovers
|turn|20
|c| AdityaKhuntia|mega diancie
|c| AdityaKhuntia|with earth power
|join|Omegasization
|
|move|p2a: Starmie|Scald|p1a: Clefable
|-damage|p1a: Clefable|266\/394
|move|p1a: Clefable|Thunder Wave|p2a: Starmie
|-status|p2a: Starmie|par
|
|-heal|p1a: Clefable|290\/394|[from] item: Leftovers
|turn|21
|c| AdityaKhuntia|sr
|
|move|p1a: Clefable|Moonblast|p2a: Starmie
|-damage|p2a: Starmie|79\/291 par
|move|p2a: Starmie|Scald|p1a: Clefable
|-crit|p1a: Clefable
|-damage|p1a: Clefable|145\/394
|-status|p1a: Clefable|brn
|
|-heal|p1a: Clefable|169\/394 brn|[from] item: Leftovers
|turn|22
|
|switch|p2a: Raikou|Raikou|182\/321
|-damage|p2a: Raikou|142\/321|[from] Stealth Rock
|-ability|p2a: Raikou|Pressure
|move|p1a: Clefable|Soft-Boiled|p1a: Clefable
|-heal|p1a: Clefable|366\/394 brn
|
|-heal|p1a: Clefable|390\/394 brn|[from] item: Leftovers
|turn|23
|
|move|p2a: Raikou|Thunderbolt|p1a: Clefable
|-damage|p1a: Clefable|219\/394 brn
|move|p1a: Clefable|Moonblast|p2a: Raikou
|-damage|p2a: Raikou|31\/321
|
|-heal|p1a: Clefable|243\/394 brn|[from] item: Leftovers
|turn|24
|
|move|p2a: Raikou|Thunderbolt|p1a: Clefable
|-damage|p1a: Clefable|72\/394 brn
|move|p1a: Clefable|Soft-Boiled|p1a: Clefable
|-heal|p1a: Clefable|269\/394 brn
|
|-heal|p1a: Clefable|293\/394 brn|[from] item: Leftovers
|turn|25
|
|move|p2a: Raikou|Thunderbolt|p1a: Clefable
|-damage|p1a: Clefable|119\/394 brn
|move|p1a: Clefable|Soft-Boiled|p1a: Clefable
|-heal|p1a: Clefable|316\/394 brn
|
|-heal|p1a: Clefable|340\/394 brn|[from] item: Leftovers
|turn|26
|
|move|p2a: Raikou|Thunderbolt|p1a: Clefable
|-damage|p1a: Clefable|186\/394 brn
|move|p1a: Clefable|Moonblast|p2a: Raikou
|-crit|p2a: Raikou
|-damage|p2a: Raikou|0 fnt
|faint|p2a: Raikou
|
|-heal|p1a: Clefable|210\/394 brn|[from] item: Leftovers
|join|Ghostfear
|-message|ghst me YuTT forfeited.
|
|win|Cumown
|raw|Ladder updating...
|leave|ghst me YuTT
|player|p2
|raw|Cumown's rating: 1405 &rarr; <strong>1421<\/strong><br \/>(+16 for winning)
|raw|ghst me YuTT's rating: 1334 &rarr; <strong>1318<\/strong><br \/>(-16 for losing)
|leave|Cienight
|leave|Omegasization
|leave|AdityaKhuntia
|leave|IAmGingy
|leave|ollopa
|leave|Ghostfear