|join|Gallade Lv. â
|join|The Ess of Johan
|player|p1|Gallade Lv. â|238
|player|p2|The Ess of Johan|253
|gametype|singles
|gen|6
|tier|OU
|rated
|clearpoke
|poke|p1|Azumarill, F
|poke|p1|Latias, F
|poke|p1|Scizor, M
|poke|p1|Keldeo
|poke|p1|Landorus-Therian, M
|poke|p1|Kyurem-Black
|poke|p2|Skarmory, F
|poke|p2|Chansey, F
|poke|p2|Heatran, F
|poke|p2|Venusaur, F
|poke|p2|Landorus-Therian, M
|poke|p2|Quagsire, F
|rule|Swagger Clause: Swagger is banned
|rule|Baton Pass Clause: Limit one PokÃ©mon knowing Baton Pass
|rule|Sleep Clause Mod: Limit one foe put to sleep
|rule|Species Clause: Limit one of each PokÃ©mon
|rule|OHKO Clause: OHKO moves are banned
|rule|Moody Clause: Moody is banned
|rule|Evasion Moves Clause: Evasion moves are banned
|rule|Endless Battle Clause: Forcing endless battles is banned
|rule|HP Percentage Mod: HP is reported as percentages
|teampreview
|
|start
|switch|p1a: Kyurem-Black|Kyurem-Black|447\/447
|switch|p2a: Landorus-Therian|Landorus-Therian, M|320\/320
|-ability|p2a: Landorus-Therian|Intimidate|[of] p1a: Kyurem-Black
|-unboost|p1a: Kyurem-Black|atk|1
|-ability|p1a: Kyurem-Black|Teravolt
|turn|1
|
|move|p2a: Landorus-Therian|U-turn|p1a: Kyurem-Black
|-damage|p1a: Kyurem-Black|344\/447
|
|switch|p2a: Skarmory|Skarmory, F|334\/334
|move|p1a: Kyurem-Black|Ice Beam|p2a: Skarmory
|-damage|p2a: Skarmory|100\/334
|-damage|p1a: Kyurem-Black|300\/447|[from] item: Life Orb
|
|turn|2
|
|switch|p1a: Keldeo|Keldeo|323\/323
|switch|p2a: Chansey|Chansey, F|704\/704
|
|turn|3
|
|switch|p2a: Venusaur|Venusaur, F|364\/364
|move|p1a: Keldeo|Secret Sword|p2a: Venusaur
|-resisted|p2a: Venusaur
|-damage|p2a: Venusaur|273\/364
|
|turn|4
|
|switch|p1a: Latias|Latias, F|364\/364
|detailschange|p2a: Venusaur|Venusaur-Mega, F
|message|Venusaur has Mega Evolved into Mega Venusaur!
|move|p2a: Venusaur|Leech Seed|p1a: Latias
|-start|p1a: Latias|move: Leech Seed
|
|-damage|p1a: Latias|319\/364|[from] Leech Seed|[of] p2a: Venusaur
|-heal|p2a: Venusaur|318\/364|[silent]
|turn|5
|
|switch|p1a: Keldeo|Keldeo|323\/323
|switch|p2a: Heatran|Heatran, F|386\/386
|
|turn|6
|
|switch|p2a: Venusaur|Venusaur-Mega, F|318\/364
|move|p1a: Keldeo|Hydro Pump|p2a: Venusaur
|-resisted|p2a: Venusaur
|-damage|p2a: Venusaur|198\/364
|
|turn|7
|
|switch|p1a: Latias|Latias, F|319\/364
|move|p2a: Venusaur|Leech Seed|p1a: Latias
|-start|p1a: Latias|move: Leech Seed
|
|-damage|p1a: Latias|274\/364|[from] Leech Seed|[of] p2a: Venusaur
|-heal|p2a: Venusaur|243\/364|[silent]
|turn|8
|
|switch|p1a: Keldeo|Keldeo|323\/323
|switch|p2a: Chansey|Chansey, F|704\/704
|
|turn|9
|
|move|p1a: Keldeo|Secret Sword|p2a: Chansey
|-supereffective|p2a: Chansey
|-damage|p2a: Chansey|84\/704
|move|p2a: Chansey|Toxic|p1a: Keldeo
|-status|p1a: Keldeo|tox
|
|-damage|p1a: Keldeo|303\/323 tox|[from] psn
|turn|10
|
|move|p1a: Keldeo|Secret Sword|p2a: Chansey
|-supereffective|p2a: Chansey
|-damage|p2a: Chansey|0 fnt
|faint|p2a: Chansey
|
|-damage|p1a: Keldeo|263\/323 tox|[from] psn
|
|switch|p2a: Landorus-Therian|Landorus-Therian, M|320\/320
|-ability|p2a: Landorus-Therian|Intimidate|[of] p1a: Keldeo
|-unboost|p1a: Keldeo|atk|1
|turn|11
|
|switch|p1a: Landorus-Therian|Landorus-Therian, M|382\/382
|-ability|p1a: Landorus-Therian|Intimidate|[of] p2a: Landorus-Therian
|-unboost|p2a: Landorus-Therian|atk|1
|move|p2a: Landorus-Therian|Knock Off|p1a: Landorus-Therian
|-damage|p1a: Landorus-Therian|279\/382
|-enditem|p1a: Landorus-Therian|Leftovers|[from] move: Knock Off|[of] p2a: Landorus-Therian
|
|turn|12
|
|switch|p2a: Quagsire|Quagsire, F|394\/394
|move|p1a: Landorus-Therian|Stone Edge|p2a: Quagsire|[miss]
|-miss|p1a: Landorus-Therian|p2a: Quagsire
|
|turn|13
|
|switch|p1a: Azumarill|Azumarill, F|404\/404
|switch|p2a: Venusaur|Venusaur-Mega, F|243\/364
|
|turn|14
|chat|Gallade Lv. â|This man makin' plays.
|
|switch|p1a: Scizor|Scizor, M|344\/344
|move|p2a: Venusaur|Synthesis|p2a: Venusaur
|-heal|p2a: Venusaur|364\/364
|
|turn|15
|chat|The Ess of Johan|you're not bad yourself
|
|detailschange|p1a: Scizor|Scizor-Mega, M
|message|Scizor has Mega Evolved into Mega Scizor!
|move|p2a: Venusaur|Leech Seed|p1a: Scizor
|-start|p1a: Scizor|move: Leech Seed
|move|p1a: Scizor|Bug Bite|p2a: Venusaur
|-damage|p2a: Venusaur|232\/364
|
|-damage|p1a: Scizor|301\/344|[from] Leech Seed|[of] p2a: Venusaur
|-heal|p2a: Venusaur|275\/364|[silent]
|turn|16
|
|switch|p1a: Latias|Latias, F|274\/364
|move|p2a: Venusaur|Hidden Power|p1a: Latias
|-resisted|p1a: Latias
|-damage|p1a: Latias|251\/364
|
|turn|17
|
|switch|p2a: Heatran|Heatran, F|386\/386
|move|p1a: Latias|Draco Meteor|p2a: Heatran
|-resisted|p2a: Heatran
|-damage|p2a: Heatran|290\/386
|-unboost|p1a: Latias|spa|2
|-damage|p1a: Latias|215\/364|[from] item: Life Orb
|
|-heal|p2a: Heatran|314\/386|[from] item: Leftovers
|turn|18
|
|switch|p1a: Landorus-Therian|Landorus-Therian, M|279\/382
|-ability|p1a: Landorus-Therian|Intimidate|[of] p2a: Heatran
|-unboost|p2a: Heatran|atk|1
|move|p2a: Heatran|Stealth Rock|p1a: Landorus-Therian
|-sidestart|p1: Gallade Lv. â|move: Stealth Rock
|
|-heal|p2a: Heatran|338\/386|[from] item: Leftovers
|turn|19
|
|switch|p2a: Skarmory|Skarmory, F|100\/334
|move|p1a: Landorus-Therian|Earthquake|p2a: Skarmory
|-immune|p2a: Skarmory|[msg]
|
|turn|20
|
|move|p1a: Landorus-Therian|Stone Edge|p2a: Skarmory
|-damage|p2a: Skarmory|25\/334
|move|p2a: Skarmory|Roost|p2a: Skarmory
|-heal|p2a: Skarmory|192\/334
|
|turn|21
|
|switch|p1a: Keldeo|Keldeo|263\/323 tox
|-damage|p1a: Keldeo|243\/323 tox|[from] Stealth Rock
|move|p2a: Skarmory|Roost|p2a: Skarmory
|-heal|p2a: Skarmory|334\/334
|
|-damage|p1a: Keldeo|223\/323 tox|[from] psn
|turn|22
|
|switch|p1a: Latias|Latias, F|215\/364
|-damage|p1a: Latias|170\/364|[from] Stealth Rock
|switch|p2a: Venusaur|Venusaur-Mega, F|275\/364
|
|turn|23
|
|move|p1a: Latias|Draco Meteor|p2a: Venusaur
|-damage|p2a: Venusaur|29\/364
|-unboost|p1a: Latias|spa|2
|-damage|p1a: Latias|134\/364|[from] item: Life Orb
|move|p2a: Venusaur|Sludge Bomb|p1a: Latias
|-damage|p1a: Latias|28\/364
|
|turn|24
|
|switch|p2a: Heatran|Heatran, F|338\/386
|move|p1a: Latias|Psyshock|p2a: Heatran
|-resisted|p2a: Heatran
|-damage|p2a: Heatran|295\/386
|-damage|p1a: Latias|0 fnt|[from] item: Life Orb
|faint|p1a: Latias
|
|-heal|p2a: Heatran|319\/386|[from] item: Leftovers
|
|switch|p1a: Azumarill|Azumarill, F|404\/404
|-damage|p1a: Azumarill|354\/404|[from] Stealth Rock
|turn|25
|
|switch|p2a: Skarmory|Skarmory, F|334\/334
|move|p1a: Azumarill|Waterfall|p2a: Skarmory
|-damage|p2a: Skarmory|186\/334
|-damage|p1a: Azumarill|287\/404|[from] item: Rocky Helmet|[of] p2a: Skarmory
|
|turn|26
|
|move|p2a: Skarmory|Spikes|p1a: Azumarill
|-sidestart|p1: Gallade Lv. â|Spikes
|move|p1a: Azumarill|Waterfall|p2a: Skarmory
|-damage|p2a: Skarmory|39\/334
|-damage|p1a: Azumarill|220\/404|[from] item: Rocky Helmet|[of] p2a: Skarmory
|
|turn|27
|
|move|p2a: Skarmory|Roost|p2a: Skarmory
|-heal|p2a: Skarmory|206\/334
|move|p1a: Azumarill|Waterfall|p2a: Skarmory
|-damage|p2a: Skarmory|55\/334
|-damage|p1a: Azumarill|153\/404|[from] item: Rocky Helmet|[of] p2a: Skarmory
|
|turn|28
|
|switch|p1a: Kyurem-Black|Kyurem-Black|300\/447
|-damage|p1a: Kyurem-Black|189\/447|[from] Stealth Rock
|-damage|p1a: Kyurem-Black|134\/447|[from] Spikes
|-ability|p1a: Kyurem-Black|Teravolt
|move|p2a: Skarmory|Roost|p2a: Skarmory
|-heal|p2a: Skarmory|222\/334
|
|turn|29
|
|move|p1a: Kyurem-Black|Ice Beam|p2a: Skarmory
|-damage|p2a: Skarmory|2\/334
|-damage|p1a: Kyurem-Black|90\/447|[from] item: Life Orb
|move|p2a: Skarmory|Brave Bird|p1a: Kyurem-Black
|-damage|p1a: Kyurem-Black|0 fnt
|-damage|p2a: Skarmory|0 fnt|[from] recoil|[of] p1a: Kyurem-Black
|faint|p1a: Kyurem-Black
|faint|p2a: Skarmory
|
|
|switch|p1a: Azumarill|Azumarill, F|153\/404
|-damage|p1a: Azumarill|103\/404|[from] Spikes
|-damage|p1a: Azumarill|53\/404|[from] Stealth Rock
|switch|p2a: Quagsire|Quagsire, F|394\/394
|turn|30
|
|move|p1a: Azumarill|Waterfall|p2a: Quagsire
|-damage|p2a: Quagsire|181\/394
|move|p2a: Quagsire|Earthquake|p1a: Azumarill
|-damage|p1a: Azumarill|0 fnt
|faint|p1a: Azumarill
|
|-heal|p2a: Quagsire|205\/394|[from] item: Leftovers
|
|switch|p1a: Landorus-Therian|Landorus-Therian, M|279\/382
|-damage|p1a: Landorus-Therian|232\/382|[from] Stealth Rock
|-ability|p1a: Landorus-Therian|Intimidate|[of] p2a: Quagsire
|-unboost|p2a: Quagsire|atk|1
|turn|31
|
|switch|p2a: Landorus-Therian|Landorus-Therian, M|320\/320
|-ability|p2a: Landorus-Therian|Intimidate|[of] p1a: Landorus-Therian
|-unboost|p1a: Landorus-Therian|atk|1
|move|p1a: Landorus-Therian|Earthquake|p2a: Landorus-Therian
|-immune|p2a: Landorus-Therian|[msg]
|
|turn|32
|
|move|p2a: Landorus-Therian|U-turn|p1a: Landorus-Therian
|-resisted|p1a: Landorus-Therian
|-damage|p1a: Landorus-Therian|177\/382
|
|switch|p2a: Quagsire|Quagsire, F|205\/394
|move|p1a: Landorus-Therian|Stealth Rock|p2a: Quagsire
|-sidestart|p2: The Ess of Johan|move: Stealth Rock
|
|-heal|p2a: Quagsire|229\/394|[from] item: Leftovers
|turn|33
|
|move|p1a: Landorus-Therian|Earthquake|p2a: Quagsire
|-crit|p2a: Quagsire
|-damage|p2a: Quagsire|0 fnt
|faint|p2a: Quagsire
|
|chat|The Ess of Johan|well shit
|
|switch|p2a: Landorus-Therian|Landorus-Therian, M|320\/320
|-damage|p2a: Landorus-Therian|280\/320|[from] Stealth Rock
|-ability|p2a: Landorus-Therian|Intimidate|[of] p1a: Landorus-Therian
|-unboost|p1a: Landorus-Therian|atk|1
|turn|34
|chat|Gallade Lv. â|Heh.
|
|switch|p1a: Keldeo|Keldeo|223\/323 tox
|-damage|p1a: Keldeo|183\/323 tox|[from] Spikes
|-damage|p1a: Keldeo|163\/323 tox|[from] Stealth Rock
|move|p2a: Landorus-Therian|Knock Off|p1a: Keldeo
|-resisted|p1a: Keldeo
|-damage|p1a: Keldeo|86\/323 tox
|-boost|p1a: Keldeo|atk|1|[from] ability: Justified
|-enditem|p1a: Keldeo|Choice Specs|[from] move: Knock Off|[of] p2a: Landorus-Therian
|
|-damage|p1a: Keldeo|66\/323 tox|[from] psn
|turn|35
|chat|Gallade Lv. â|The residual damage is real.
|
|switch|p2a: Venusaur|Venusaur-Mega, F|29\/364
|-damage|p2a: Venusaur|0 fnt|[from] Stealth Rock
|faint|p2a: Venusaur
|move|p1a: Keldeo|Scald|p2: Venusaur|[notarget]
|-notarget
|
|-damage|p1a: Keldeo|26\/323 tox|[from] psn
|
|switch|p2a: Landorus-Therian|Landorus-Therian, M|280\/320
|-damage|p2a: Landorus-Therian|240\/320|[from] Stealth Rock
|-ability|p2a: Landorus-Therian|Intimidate|[of] p1a: Keldeo
|-unboost|p1a: Keldeo|atk|1
|turn|36
|
|move|p2a: Landorus-Therian|U-turn|p1a: Keldeo
|-resisted|p1a: Keldeo
|-damage|p1a: Keldeo|0 fnt
|faint|p1a: Keldeo
|
|switch|p2a: Heatran|Heatran, F|319\/386
|-damage|p2a: Heatran|271\/386|[from] Stealth Rock
|
|-heal|p2a: Heatran|295\/386|[from] item: Leftovers
|
|switch|p1a: Landorus-Therian|Landorus-Therian, M|177\/382
|-damage|p1a: Landorus-Therian|130\/382|[from] Stealth Rock
|-ability|p1a: Landorus-Therian|Intimidate|[of] p2a: Heatran
|-unboost|p2a: Heatran|atk|1
|turn|37
|chat|The Ess of Johan|well gg
|
|switch|p2a: Landorus-Therian|Landorus-Therian, M|240\/320
|-damage|p2a: Landorus-Therian|200\/320|[from] Stealth Rock
|-ability|p2a: Landorus-Therian|Intimidate|[of] p1a: Landorus-Therian
|-unboost|p1a: Landorus-Therian|atk|1
|move|p1a: Landorus-Therian|U-turn|p2a: Landorus-Therian
|-resisted|p2a: Landorus-Therian
|-damage|p2a: Landorus-Therian|161\/320
|
|switch|p1a: Scizor|Scizor-Mega, M|301\/344
|-damage|p1a: Scizor|258\/344|[from] Stealth Rock
|-damage|p1a: Scizor|215\/344|[from] Spikes
|
|turn|38
|chat|Gallade Lv. â|The silliest 2v2 ever.
|chat|The Ess of Johan|yup
|
|move|p2a: Landorus-Therian|U-turn|p1a: Scizor
|-resisted|p1a: Scizor
|-damage|p1a: Scizor|176\/344
|chat|The Ess of Johan|by saying that, it meant you got roost
|
|move|p1a: Scizor|Pursuit|p2a: Landorus-Therian|[from]Pursuit
|-damage|p2a: Landorus-Therian|41\/320
|switch|p2a: Heatran|Heatran, F|295\/386
|-damage|p2a: Heatran|247\/386|[from] Stealth Rock
|
|-heal|p2a: Heatran|271\/386|[from] item: Leftovers
|turn|39
|
|move|p2a: Heatran|Lava Plume|p1a: Scizor
|-supereffective|p1a: Scizor
|-damage|p1a: Scizor|0 fnt
|faint|p1a: Scizor
|
|-heal|p2a: Heatran|295\/386|[from] item: Leftovers
|
|switch|p1a: Landorus-Therian|Landorus-Therian, M|130\/382
|-damage|p1a: Landorus-Therian|83\/382|[from] Stealth Rock
|-ability|p1a: Landorus-Therian|Intimidate|[of] p2a: Heatran
|-unboost|p2a: Heatran|atk|1
|turn|40
|
|move|p1a: Landorus-Therian|Earthquake|p2a: Heatran
|-supereffective|p2a: Heatran
|-damage|p2a: Heatran|0 fnt
|faint|p2a: Heatran
|
|
|switch|p2a: Landorus-Therian|Landorus-Therian, M|41\/320
|-damage|p2a: Landorus-Therian|1\/320|[from] Stealth Rock
|-ability|p2a: Landorus-Therian|Intimidate|[of] p1a: Landorus-Therian
|-unboost|p1a: Landorus-Therian|atk|1
|turn|41
|chat|Gallade Lv. â|Dear god.
|chat|Gallade Lv. â|So damn close xD
|
|move|p2a: Landorus-Therian|Knock Off|p1a: Landorus-Therian
|-damage|p1a: Landorus-Therian|0 fnt
|faint|p1a: Landorus-Therian
|
|win|The Ess of Johan
|raw|Ladder updating...
|raw|Gallade Lv. â's rating: 1542 &rarr; <strong>1520<\/strong><br \/>(-22 for losing)
|raw|The Ess of Johan's rating: 1502 &rarr; <strong>1524<\/strong><br \/>(+22 for winning)
|chat|Gallade Lv. â|Ahh fuck.
|chat|The Ess of Johan|good game
|chat|Gallade Lv. â|Good game,
|chat|The Ess of Johan|could have ended 6 turns earlier if you didnt crit quagsire
|chat|Gallade Lv. â|Yeah.
|leave|Gallade Lv. â
|player|p1