|join|King Tyrel
|join|The Ess of Johan
|player|p1|King Tyrel|101
|player|p2|The Ess of Johan|102
|gametype|singles
|gen|6
|tier|OU
|rated
|clearpoke
|poke|p1|Politoed, F
|poke|p1|Swampert, F
|poke|p1|Kingdra, M
|poke|p1|Klefki, F
|poke|p1|Thundurus, M
|poke|p1|Breloom, M
|poke|p2|Slowbro, F
|poke|p2|Celebi
|poke|p2|Heatran, M
|poke|p2|Mandibuzz, F
|poke|p2|Gothitelle, M
|poke|p2|Scizor, F
|rule|Swagger Clause: Swagger is banned
|rule|Baton Pass Clause: Limit one PokÃ©mon knowing Baton Pass
|rule|Sleep Clause Mod: Limit one foe put to sleep
|rule|Species Clause: Limit one of each PokÃ©mon
|rule|OHKO Clause: OHKO moves are banned
|rule|Moody Clause: Moody is banned
|rule|Evasion Moves Clause: Evasion moves are banned
|rule|Endless Battle Clause: Forcing endless battles is banned
|rule|HP Percentage Mod: HP is shown in percentages
|teampreview
|
|start
|switch|p1a: Politoed|Politoed, F|383\/383
|switch|p2a: Gothitelle|Gothitelle, M|301\/301
|-weather|RainDance
|turn|1
|
|move|p2a: Gothitelle|Trick|p1a: Politoed
|-activate|p2a: Gothitelle|move: Trick|[of] p1a: Politoed
|-item|p1a: Politoed|Choice Scarf|[from] move: Trick
|-item|p2a: Gothitelle|Damp Rock|[from] move: Trick
|move|p1a: Politoed|Scald|p2a: Gothitelle
|-damage|p2a: Gothitelle|171\/301
|
|-weather|RainDance|[upkeep]
|turn|2
|
|switch|p2a: Celebi|Celebi|401\/401
|move|p1a: Politoed|Scald|p2a: Celebi
|-resisted|p2a: Celebi
|-damage|p2a: Celebi|353\/401
|
|-weather|RainDance|[upkeep]
|-heal|p2a: Celebi|378\/401|[from] item: Leftovers
|turn|3
|
|switch|p1a: Klefki|Klefki, F|318\/318
|move|p2a: Celebi|U-turn|p1a: Klefki
|-resisted|p1a: Klefki
|-damage|p1a: Klefki|308\/318
|
|switch|p2a: Heatran|Heatran, M|385\/385
|
|-weather|RainDance|[upkeep]
|turn|4
|
|move|p1a: Klefki|Spikes|p2a: Heatran
|-sidestart|p2: The Ess of Johan|Spikes
|move|p2a: Heatran|Stealth Rock|p1a: Klefki
|-sidestart|p1: King Tyrel|move: Stealth Rock
|
|-weather|RainDance|[upkeep]
|turn|5
|
|move|p1a: Klefki|Spikes|p2a: Heatran
|-sidestart|p2: The Ess of Johan|Spikes
|move|p2a: Heatran|Lava Plume|p1a: Klefki
|-supereffective|p1a: Klefki
|-damage|p1a: Klefki|156\/318
|-status|p1a: Klefki|brn
|
|-weather|RainDance|[upkeep]
|-damage|p1a: Klefki|117\/318 brn|[from] brn
|turn|6
|
|switch|p2a: Mandibuzz|Mandibuzz, F|423\/423
|move|p1a: Klefki|Spikes|p2a: Mandibuzz
|-sidestart|p2: The Ess of Johan|Spikes
|
|-weather|RainDance|[upkeep]
|-damage|p1a: Klefki|78\/318 brn|[from] brn
|turn|7
|
|move|p2a: Mandibuzz|Defog|p1a: Klefki
|-unboost|p1a: Klefki|evasion|1
|-sideend|p1: King Tyrel|Stealth Rock|[from] move: Defog|[of] p1a: Klefki
|-sideend|p2: The Ess of Johan|Spikes|[from] move: Defog|[of] p2a: Mandibuzz
|move|p1a: Klefki|Dazzling Gleam|p2a: Mandibuzz
|-crit|p2a: Mandibuzz
|-supereffective|p2a: Mandibuzz
|-damage|p2a: Mandibuzz|151\/423
|
|-weather|RainDance|[upkeep]
|-heal|p2a: Mandibuzz|177\/423|[from] item: Leftovers
|-damage|p1a: Klefki|39\/318 brn|[from] brn
|turn|8
|
|move|p1a: Klefki|Thunder Wave|p2a: Mandibuzz
|-status|p2a: Mandibuzz|par
|move|p2a: Mandibuzz|Taunt|p1a: Klefki
|-start|p1a: Klefki|move: Taunt
|
|-weather|none
|-heal|p2a: Mandibuzz|203\/423 par|[from] item: Leftovers
|-damage|p1a: Klefki|0 fnt|[from] brn
|faint|p1a: Klefki
|leave|King Tyrel
|player|p1
|-message|kingtyrel lost due to inactivity.
|
|win|The Ess of Johan
|raw|Ladder updating...
|raw|King Tyrel's rating: 1536 &rarr; <strong>1514<\/strong><br \/>(-22 for losing)
|raw|The Ess of Johan's rating: 1507 &rarr; <strong>1528<\/strong><br \/>(+21 for winning)