|join|The Ess of Johan
|join|fuck christmas
|player|p1|The Ess of Johan|102
|player|p2|fuck christmas|281
|gametype|singles
|gen|6
|tier|OU
|rated
|clearpoke
|poke|p1|Slowbro, F
|poke|p1|Celebi
|poke|p1|Heatran, M
|poke|p1|Mandibuzz, F
|poke|p1|Gothitelle, F
|poke|p1|Scizor, M
|poke|p2|Houndoom, F
|poke|p2|Clefable, M
|poke|p2|Landorus, M
|poke|p2|Kyurem-Black
|poke|p2|Blastoise, M
|poke|p2|Scizor, F
|rule|Swagger Clause: Swagger is banned
|rule|Baton Pass Clause: Limit one PokÃ©mon knowing Baton Pass
|rule|Sleep Clause Mod: Limit one foe put to sleep
|rule|Species Clause: Limit one of each PokÃ©mon
|rule|OHKO Clause: OHKO moves are banned
|rule|Moody Clause: Moody is banned
|rule|Evasion Moves Clause: Evasion moves are banned
|rule|Endless Battle Clause: Forcing endless battles is banned
|rule|HP Percentage Mod: HP is shown in percentages
|teampreview
|
|start
|switch|p1a: Mandibuzz|Mandibuzz, F|423\/423
|switch|p2a: Landorus|Landorus, M|319\/319
|turn|1
|
|move|p2a: Landorus|Stealth Rock|p1a: Mandibuzz
|-sidestart|p1: The Ess of Johan|move: Stealth Rock
|move|p1a: Mandibuzz|Foul Play|p2a: Landorus
|-damage|p2a: Landorus|166\/319
|
|turn|2
|
|switch|p2a: Clefable|Clefable, M|394\/394
|move|p1a: Mandibuzz|Defog|p2a: Clefable
|-unboost|p2a: Clefable|evasion|1
|-sideend|p1: The Ess of Johan|Stealth Rock|[from] move: Defog|[of] p1a: Mandibuzz
|
|turn|3
|
|switch|p1a: Gothitelle|Gothitelle, F|301\/301
|switch|p2a: Scizor|Scizor, F|344\/344
|
|turn|4
|
|switch|p1a: Heatran|Heatran, M|385\/385
|move|p2a: Scizor|U-turn|p1a: Heatran
|-resisted|p1a: Heatran
|-damage|p1a: Heatran|350\/385
|
|switch|p2a: Landorus|Landorus, M|166\/319
|
|-heal|p1a: Heatran|374\/385|[from] item: Leftovers
|turn|5
|
|move|p2a: Landorus|Stealth Rock|p1a: Heatran
|-sidestart|p1: The Ess of Johan|move: Stealth Rock
|move|p1a: Heatran|Toxic|p2a: Landorus
|-status|p2a: Landorus|tox
|
|-heal|p1a: Heatran|385\/385|[from] item: Leftovers
|-damage|p2a: Landorus|147\/319 tox|[from] psn
|turn|6
|
|switch|p2a: Clefable|Clefable, M|394\/394
|move|p1a: Heatran|Protect|p1a: Heatran
|-fail|p1a: Heatran
|
|turn|7
|
|switch|p2a: Blastoise|Blastoise, M|362\/362
|move|p1a: Heatran|Stealth Rock|p2a: Blastoise
|-sidestart|p2: fuck christmas|move: Stealth Rock
|
|turn|8
|
|move|p1a: Heatran|Toxic|p2a: Blastoise
|-status|p2a: Blastoise|tox
|move|p2a: Blastoise|Rapid Spin|p1a: Heatran
|-resisted|p1a: Heatran
|-damage|p1a: Heatran|379\/385
|-sideend|p2: fuck christmas|Stealth Rock|[from] move: Rapid Spin|[of] p2a: Blastoise
|
|-heal|p1a: Heatran|385\/385|[from] item: Leftovers
|-damage|p2a: Blastoise|340\/362 tox|[from] psn
|turn|9
|
|switch|p1a: Celebi|Celebi|401\/401
|-damage|p1a: Celebi|351\/401|[from] Stealth Rock
|move|p2a: Blastoise|Scald|p1a: Celebi
|-resisted|p1a: Celebi
|-damage|p1a: Celebi|318\/401
|-status|p1a: Celebi|brn
|
|-heal|p1a: Celebi|343\/401 brn|[from] item: Leftovers
|-heal|p2a: Blastoise|362\/362 tox|[from] item: Leftovers
|-damage|p1a: Celebi|293\/401 brn|[from] brn
|-damage|p2a: Blastoise|318\/362 tox|[from] psn
|turn|10
|
|switch|p2a: Scizor|Scizor, F|344\/344
|move|p1a: Celebi|U-turn|p2a: Scizor
|-resisted|p2a: Scizor
|-damage|p2a: Scizor|332\/344
|
|switch|p1a: Heatran|Heatran, M|385\/385
|-damage|p1a: Heatran|337\/385|[from] Stealth Rock
|
|-heal|p1a: Heatran|361\/385|[from] item: Leftovers
|-heal|p2a: Scizor|344\/344|[from] item: Leftovers
|turn|11
|-message|fuck christmas forfeited.
|
|win|The Ess of Johan
|raw|Ladder updating...
|leave|fuck christmas
|player|p2