|join|The Ess of Johan
|join|Hellochi
|player|p1|The Ess of Johan|112
|player|p2|Hellochi|59
|gametype|singles
|gen|6
|tier|OU
|clearpoke
|poke|p1|Amoonguss, F
|poke|p1|Mienshao, M
|poke|p1|Beedrill, F
|poke|p1|Krookodile, M
|poke|p1|Tentacruel, M
|poke|p1|Cofagrigus, M
|poke|p2|Talonflame, F
|poke|p2|Heatran, M
|poke|p2|Latios, M, shiny
|poke|p2|Sceptile, F, shiny
|poke|p2|Landorus-Therian, M
|poke|p2|Azumarill, F, shiny
|rule|Swagger Clause: Swagger is banned
|rule|Baton Pass Clause: Limit one PokÃ©mon knowing Baton Pass
|rule|Sleep Clause Mod: Limit one foe put to sleep
|rule|Species Clause: Limit one of each PokÃ©mon
|rule|OHKO Clause: OHKO moves are banned
|rule|Moody Clause: Moody is banned
|rule|Evasion Moves Clause: Evasion moves are banned
|rule|Endless Battle Clause: Forcing endless battles is banned
|rule|HP Percentage Mod: HP is shown in percentages
|teampreview
|c|âThe Ess of Johan|gl hf
|c|âHellochi|u2
|
|start
|switch|p1a: Mienshao|Mienshao, M|271\/271
|switch|p2a: Rockstache|Landorus-Therian, M|365\/365
|-ability|p2a: Rockstache|Intimidate|[of] p1a: Mienshao
|-unboost|p1a: Mienshao|atk|1
|turn|1
|
|move|p1a: Mienshao|Fake Out|p2a: Rockstache
|-damage|p2a: Rockstache|334\/365
|-damage|p1a: Mienshao|244\/271|[from] item: Life Orb
|cant|p2a: Rockstache|flinch
|
|-heal|p2a: Rockstache|356\/365|[from] item: Leftovers
|turn|2
|
|move|p1a: Mienshao|Knock Off|p2a: Rockstache
|-damage|p2a: Rockstache|279\/365
|-enditem|p2a: Rockstache|Leftovers|[from] move: Knock Off|[of] p1a: Mienshao
|-damage|p1a: Mienshao|217\/271|[from] item: Life Orb
|move|p2a: Rockstache|U-turn|p1a: Mienshao
|-resisted|p1a: Mienshao
|-damage|p1a: Mienshao|160\/271
|
|switch|p2a: KFC|Talonflame, F|319\/319
|
|turn|3
|
|switch|p1a: Cofagrigus|Cofagrigus, M|318\/318
|move|p2a: KFC|Brave Bird|p1a: Cofagrigus
|-damage|p1a: Cofagrigus|213\/318
|-endability|p2a: KFC|galewings|[from] Mummy
|-ability|p2a: KFC|Mummy|[from] Mummy
|-damage|p2a: KFC|284\/319|[from] recoil|[of] p1a: Cofagrigus
|
|-heal|p1a: Cofagrigus|232\/318|[from] item: Leftovers
|turn|4
|
|switch|p2a: Zuko|Heatran, M|362\/362
|switch|p1a: Krookodile|Krookodile, M|388\/388
|-ability|p1a: Krookodile|Intimidate|[of] p2a: Zuko
|-unboost|p2a: Zuko|atk|1
|
|turn|5
|
|move|p2a: Zuko|Will-O-Wisp|p1a: Krookodile
|-status|p1a: Krookodile|brn
|move|p1a: Krookodile|Earthquake|p2a: Zuko
|-supereffective|p2a: Zuko
|-damage|p2a: Zuko|38\/362
|
|-heal|p2a: Zuko|60\/362|[from] item: Leftovers
|-damage|p1a: Krookodile|340\/388 brn|[from] brn
|turn|6
|
|move|p2a: Zuko|Magma Storm|p1a: Krookodile
|-damage|p1a: Krookodile|145\/388 brn
|-activate|p1a: Krookodile|move: Magma Storm|[of] p2a: Zuko
|move|p1a: Krookodile|Stealth Rock|p2a: Zuko
|-sidestart|p2: Hellochi|move: Stealth Rock
|
|-heal|p2a: Zuko|82\/362|[from] item: Leftovers
|-heal|p1a: Krookodile|169\/388 brn|[from] item: Leftovers
|-damage|p1a: Krookodile|121\/388 brn|[from] brn
|-damage|p1a: Krookodile|73\/388 brn|[from] move: Magma Storm|[partiallytrapped]
|turn|7
|
|move|p2a: Zuko|Magma Storm|p1a: Krookodile
|-damage|p1a: Krookodile|0 fnt
|faint|p1a: Krookodile
|
|-heal|p2a: Zuko|104\/362|[from] item: Leftovers
|
|switch|p1a: Mienshao|Mienshao, M|250\/271
|turn|8
|
|move|p1a: Mienshao|High Jump Kick|p2a: Zuko
|-supereffective|p2a: Zuko
|-damage|p2a: Zuko|0 fnt
|-damage|p1a: Mienshao|223\/271|[from] item: Life Orb
|faint|p2a: Zuko
|
|
|switch|p2a: Mint Flavor|Latios, M, shiny|301\/301
|-damage|p2a: Mint Flavor|264\/301|[from] Stealth Rock
|turn|9
|
|move|p2a: Mint Flavor|Psyshock|p1a: Mienshao
|-supereffective|p1a: Mienshao
|-damage|p1a: Mienshao|0 fnt
|-damage|p2a: Mint Flavor|234\/301|[from] item: Life Orb
|faint|p1a: Mienshao
|
|
|switch|p1a: Beedrill|Beedrill, F|271\/271
|turn|10
|
|switch|p2a: Rockstache|Landorus-Therian, M|279\/365
|-damage|p2a: Rockstache|234\/365|[from] Stealth Rock
|-ability|p2a: Rockstache|Intimidate|[of] p1a: Beedrill
|-unboost|p1a: Beedrill|atk|1
|detailschange|p1a: Beedrill|Beedrill-Mega, F
|-mega|p1a: Beedrill|Beedrill|Beedrillite
|move|p1a: Beedrill|U-turn|p2a: Rockstache
|-resisted|p2a: Rockstache
|-damage|p2a: Rockstache|178\/365
|
|switch|p1a: Tentacruel|Tentacruel, M|363\/363
|
|turn|11
|
|move|p1a: Tentacruel|Scald|p2a: Rockstache
|-supereffective|p2a: Rockstache
|-damage|p2a: Rockstache|0 fnt
|faint|p2a: Rockstache
|
|
|switch|p2a: Mint Flavor|Latios, M, shiny|234\/301
|-damage|p2a: Mint Flavor|197\/301|[from] Stealth Rock
|turn|12
|
|move|p2a: Mint Flavor|Defog|p1a: Tentacruel
|-unboost|p1a: Tentacruel|evasion|1
|-sideend|p2: Hellochi|Stealth Rock|[from] move: Defog|[of] p2a: Mint Flavor
|move|p1a: Tentacruel|Toxic|p2a: Mint Flavor
|-status|p2a: Mint Flavor|tox
|
|-damage|p2a: Mint Flavor|179\/301 tox|[from] psn
|turn|13
|
|switch|p1a: Cofagrigus|Cofagrigus, M|232\/318
|move|p2a: Mint Flavor|Psyshock|p1a: Cofagrigus
|-crit|p1a: Cofagrigus
|-damage|p1a: Cofagrigus|64\/318
|-damage|p2a: Mint Flavor|149\/301 tox|[from] item: Life Orb
|
|-heal|p1a: Cofagrigus|83\/318|[from] item: Leftovers
|-damage|p2a: Mint Flavor|113\/301 tox|[from] psn
|turn|14
|
|move|p1a: Cofagrigus|Protect|p1a: Cofagrigus
|-singleturn|p1a: Cofagrigus|Protect
|move|p2a: Mint Flavor|Psyshock|p1a: Cofagrigus
|-activate|p1a: Cofagrigus|Protect
|
|-heal|p1a: Cofagrigus|102\/318|[from] item: Leftovers
|-damage|p2a: Mint Flavor|59\/301 tox|[from] psn
|turn|15
|
|switch|p1a: Tentacruel|Tentacruel, M|363\/363
|move|p2a: Mint Flavor|Psyshock|p1a: Tentacruel
|-supereffective|p1a: Tentacruel
|-damage|p1a: Tentacruel|0 fnt
|-damage|p2a: Mint Flavor|29\/301 tox|[from] item: Life Orb
|faint|p1a: Tentacruel
|
|-damage|p2a: Mint Flavor|0 fnt|[from] psn
|faint|p2a: Mint Flavor
|
|switch|p2a: KFC|Talonflame, F|284\/319
|switch|p1a: Cofagrigus|Cofagrigus, M|102\/318
|turn|16
|
|move|p1a: Cofagrigus|Protect|p1a: Cofagrigus
|-singleturn|p1a: Cofagrigus|Protect
|move|p2a: KFC|Brave Bird|p1a: Cofagrigus
|-activate|p1a: Cofagrigus|Protect
|
|-heal|p1a: Cofagrigus|121\/318|[from] item: Leftovers
|turn|17
|
|switch|p2a: Chubby Bunny|Azumarill, F, shiny|401\/401
|move|p1a: Cofagrigus|Pain Split|p2a: Chubby Bunny
|-sethp|p2a: Chubby Bunny|261\/401|p1a: Cofagrigus|261\/318|[from] move: Pain Split
|
|-heal|p1a: Cofagrigus|280\/318|[from] item: Leftovers
|turn|18
|
|move|p1a: Cofagrigus|Protect|p1a: Cofagrigus
|-singleturn|p1a: Cofagrigus|Protect
|move|p2a: Chubby Bunny|Knock Off|p1a: Cofagrigus
|-activate|p1a: Cofagrigus|Protect
|
|-heal|p1a: Cofagrigus|299\/318|[from] item: Leftovers
|turn|19
|
|switch|p1a: Amoonguss|Amoonguss, F|425\/425
|move|p2a: Chubby Bunny|Knock Off|p1a: Amoonguss
|-damage|p1a: Amoonguss|252\/425
|-enditem|p1a: Amoonguss|Black Sludge|[from] move: Knock Off|[of] p2a: Chubby Bunny
|
|turn|20
|
|switch|p2a: Missile Toe|Sceptile, F, shiny|281\/281
|move|p1a: Amoonguss|Clear Smog|p2a: Missile Toe
|-supereffective|p2a: Missile Toe
|-damage|p2a: Missile Toe|155\/281
|-clearboost|p2a: Missile Toe
|
|turn|21
|
|detailschange|p2a: Missile Toe|Sceptile-Mega, F, shiny
|-mega|p2a: Missile Toe|Sceptile|Sceptilite
|move|p2a: Missile Toe|Hidden Power|p1a: Amoonguss
|-supereffective|p1a: Amoonguss
|-damage|p1a: Amoonguss|124\/425
|move|p1a: Amoonguss|Clear Smog|p2a: Missile Toe
|-supereffective|p2a: Missile Toe
|-damage|p2a: Missile Toe|17\/281
|-clearboost|p2a: Missile Toe
|
|turn|22
|
|move|p2a: Missile Toe|Hidden Power|p1a: Amoonguss
|-crit|p1a: Amoonguss
|-supereffective|p1a: Amoonguss
|-damage|p1a: Amoonguss|0 fnt
|faint|p1a: Amoonguss
|
|
|switch|p1a: Beedrill|Beedrill-Mega, F|271\/271
|turn|23
|
|move|p2a: Missile Toe|Hidden Power|p1a: Beedrill
|-supereffective|p1a: Beedrill
|-damage|p1a: Beedrill|97\/271
|move|p1a: Beedrill|U-turn|p2a: Missile Toe
|-supereffective|p2a: Missile Toe
|-damage|p2a: Missile Toe|0 fnt
|faint|p2a: Missile Toe
|
|switch|p1a: Cofagrigus|Cofagrigus, M|299\/318
|
|-heal|p1a: Cofagrigus|318\/318|[from] item: Leftovers
|
|switch|p2a: Chubby Bunny|Azumarill, F, shiny|261\/401
|turn|24
|
|move|p2a: Chubby Bunny|Knock Off|p1a: Cofagrigus
|-supereffective|p1a: Cofagrigus
|-damage|p1a: Cofagrigus|156\/318
|-endability|p2a: Chubby Bunny|hugepower|[from] Mummy
|-ability|p2a: Chubby Bunny|Mummy|[from] Mummy
|-enditem|p1a: Cofagrigus|Leftovers|[from] move: Knock Off|[of] p2a: Chubby Bunny
|move|p1a: Cofagrigus|Will-O-Wisp|p2a: Chubby Bunny|[miss]
|-miss|p1a: Cofagrigus|p2a: Chubby Bunny
|
|turn|25
|
|switch|p2a: KFC|Talonflame, F|284\/319
|move|p1a: Cofagrigus|Shadow Ball|p2a: KFC
|-damage|p2a: KFC|160\/319
|
|turn|26
|
|move|p2a: KFC|Roost|p2a: KFC
|-heal|p2a: KFC|319\/319
|move|p1a: Cofagrigus|Shadow Ball|p2a: KFC
|-damage|p2a: KFC|190\/319
|-unboost|p2a: KFC|spd|1
|
|turn|27
|
|switch|p2a: Chubby Bunny|Azumarill, F, shiny|261\/401
|move|p1a: Cofagrigus|Shadow Ball|p2a: Chubby Bunny
|-damage|p2a: Chubby Bunny|189\/401
|-unboost|p2a: Chubby Bunny|spd|1
|
|turn|28
|
|move|p2a: Chubby Bunny|Waterfall|p1a: Cofagrigus
|-damage|p1a: Cofagrigus|57\/318
|-endability|p2a: Chubby Bunny|hugepower|[from] Mummy
|-ability|p2a: Chubby Bunny|Mummy|[from] Mummy
|move|p1a: Cofagrigus|Shadow Ball|p2a: Chubby Bunny
|-damage|p2a: Chubby Bunny|86\/401
|-unboost|p2a: Chubby Bunny|spd|1
|
|turn|29
|
|move|p2a: Chubby Bunny|Waterfall|p1a: Cofagrigus
|-damage|p1a: Cofagrigus|5\/318
|move|p1a: Cofagrigus|Shadow Ball|p2a: Chubby Bunny
|-damage|p2a: Chubby Bunny|0 fnt
|faint|p2a: Chubby Bunny
|
|
|switch|p2a: KFC|Talonflame, F|190\/319
|turn|30
|
|move|p2a: KFC|Brave Bird|p1a: Cofagrigus
|-damage|p1a: Cofagrigus|0 fnt
|-endability|p2a: KFC|galewings|[from] Mummy
|-ability|p2a: KFC|Mummy|[from] Mummy
|-damage|p2a: KFC|188\/319|[from] recoil|[of] p1a: Cofagrigus
|faint|p1a: Cofagrigus
|
|c|âHellochi|gg
|c|âHellochi|wait
|
|switch|p1a: Beedrill|Beedrill-Mega, F|97\/271
|turn|31
|c|âThe Ess of Johan|gg
|c|âHellochi|lol
|
|move|p1a: Beedrill|Poison Jab|p2a: KFC
|-damage|p2a: KFC|0 fnt
|-endability|p1a: Beedrill|adaptability|[from] Mummy
|-ability|p1a: Beedrill|Mummy|[from] Mummy
|faint|p2a: KFC
|
|win|The Ess of Johan
|c|âThe Ess of Johan|cofag carries so hard
|leave|Hellochi