|join|The Ess of Johan
|join|SunlightBlade
|c|âThe Ess of Johan|gl hf
|player|p1|The Ess of Johan|112
|player|p2|SunlightBlade|180
|gametype|singles
|gen|6
|tier|OU
|clearpoke
|poke|p1|Starmie
|poke|p1|Talonflame, F
|poke|p1|Landorus-Therian, M
|poke|p1|Magnezone
|poke|p1|Scizor, F
|poke|p1|Latias, F
|poke|p2|Roserade, M
|poke|p2|Heatran, M
|poke|p2|Mamoswine, M
|poke|p2|Rotom-Wash
|poke|p2|Diancie
|poke|p2|Latios, M
|rule|Swagger Clause: Swagger is banned
|rule|Baton Pass Clause: Limit one PokÃ©mon knowing Baton Pass
|rule|Sleep Clause Mod: Limit one foe put to sleep
|rule|Species Clause: Limit one of each PokÃ©mon
|rule|OHKO Clause: OHKO moves are banned
|rule|Moody Clause: Moody is banned
|rule|Evasion Moves Clause: Evasion moves are banned
|rule|Endless Battle Clause: Forcing endless battles is banned
|rule|HP Percentage Mod: HP is shown in percentages
|teampreview
|c|âSunlightBlade|you too
|c|âSunlightBlade|wait this isn't the team i wanted
|join|Frickett
|c|âSunlightBlade|oh well
|
|start
|switch|p1a: Starmie|Starmie|315\/315
|switch|p2a: To|Diancie|241\/241
|turn|1
|c|âThe Ess of Johan|:p
|join|Johnny tots
|
|switch|p2a: the Top|Latios, M|301\/301
|move|p1a: Starmie|Scald|p2a: the Top
|-resisted|p2a: the Top
|-damage|p2a: the Top|257\/301
|
|turn|2
|
|switch|p1a: Scizor|Scizor, F|281\/281
|move|p2a: the Top|Draco Meteor|p1a: Scizor
|-crit|p1a: Scizor
|-resisted|p1a: Scizor
|-damage|p1a: Scizor|86\/281
|-unboost|p2a: the Top|spa|2
|
|turn|3
|
|detailschange|p1a: Scizor|Scizor-Mega, F
|-mega|p1a: Scizor|Scizor|Scizorite
|move|p1a: Scizor|Pursuit|p2a: the Top|[from]Pursuit
|-supereffective|p2a: the Top
|-damage|p2a: the Top|0 fnt
|faint|p2a: the Top
|
|join|GruntRyan
|
|switch|p2a: Straight|Rotom-Wash|303\/303
|turn|4
|
|move|p1a: Scizor|U-turn|p2a: Straight
|-damage|p2a: Straight|203\/303
|
|switch|p1a: Landorus-Therian|Landorus-Therian, M|377\/377
|-ability|p1a: Landorus-Therian|Intimidate|[of] p2a: Straight
|-unboost|p2a: Straight|atk|1
|move|p2a: Straight|Volt Switch|p1a: Landorus-Therian
|-immune|p1a: Landorus-Therian|[msg]
|
|-heal|p2a: Straight|221\/303|[from] item: Leftovers
|turn|5
|
|move|p1a: Landorus-Therian|Stealth Rock|p2a: Straight
|-sidestart|p2: SunlightBlade|move: Stealth Rock
|move|p2a: Straight|Pain Split|p1a: Landorus-Therian
|-sethp|p1a: Landorus-Therian|299\/377|p2a: Straight|299\/303|[from] move: Pain Split
|
|-heal|p1a: Landorus-Therian|322\/377|[from] item: Leftovers
|-heal|p2a: Straight|303\/303|[from] item: Leftovers
|turn|6
|
|move|p1a: Landorus-Therian|U-turn|p2a: Straight
|-damage|p2a: Straight|245\/303
|
|switch|p1a: Latias|Latias, F|301\/301
|move|p2a: Straight|Hydro Pump|p1a: Latias
|-resisted|p1a: Latias
|-damage|p1a: Latias|251\/301
|
|-heal|p2a: Straight|263\/303|[from] item: Leftovers
|turn|7
|leave|GruntRyan
|
|switch|p2a: Bop|Heatran, M|385\/385
|-damage|p2a: Bop|337\/385|[from] Stealth Rock
|move|p1a: Latias|Trick|p2a: Bop
|-activate|p1a: Latias|move: Trick|[of] p2a: Bop
|-item|p2a: Bop|Choice Scarf|[from] move: Trick
|-item|p1a: Latias|Leftovers|[from] move: Trick
|
|-heal|p1a: Latias|269\/301|[from] item: Leftovers
|turn|8
|leave|Frickett
|
|switch|p1a: Magnezone|Magnezone|281\/281
|move|p2a: Bop|Lava Plume|p1a: Magnezone
|-supereffective|p1a: Magnezone
|-damage|p1a: Magnezone|5\/281
|
|turn|9
|
|switch|p1a: Talonflame|Talonflame, F|297\/297
|move|p2a: Bop|Lava Plume|p1a: Talonflame
|-resisted|p1a: Talonflame
|-damage|p1a: Talonflame|210\/297
|
|turn|10
|
|move|p1a: Talonflame|U-turn|p2a: Bop
|-resisted|p2a: Bop
|-damage|p2a: Bop|316\/385
|
|switch|p1a: Latias|Latias, F|269\/301
|move|p2a: Bop|Lava Plume|p1a: Latias
|-crit|p1a: Latias
|-resisted|p1a: Latias
|-damage|p1a: Latias|204\/301
|
|-heal|p1a: Latias|222\/301|[from] item: Leftovers
|turn|11
|
|switch|p1a: Starmie|Starmie|315\/315
|switch|p2a: To|Diancie|241\/241
|-damage|p2a: To|211\/241|[from] Stealth Rock
|
|turn|12
|
|detailschange|p2a: To|Diancie-Mega
|-mega|p2a: To|Diancie|Diancite
|move|p2a: To|Protect|p2a: To
|-singleturn|p2a: To|Protect
|move|p1a: Starmie|Scald|p2a: To
|-activate|p2a: To|Protect
|
|turn|13
|
|switch|p2a: Straight|Rotom-Wash|263\/303
|-damage|p2a: Straight|226\/303|[from] Stealth Rock
|move|p1a: Starmie|Scald|p2a: Straight
|-resisted|p2a: Straight
|-damage|p2a: Straight|185\/303
|
|-heal|p2a: Straight|203\/303|[from] item: Leftovers
|turn|14
|
|move|p1a: Starmie|Reflect Type|p2a: Straight
|-start|p1a: Starmie|typechange|[from] move: Reflect Type|[of] p2a: Straight
|move|p2a: Straight|Volt Switch|p1a: Starmie
|-damage|p1a: Starmie|222\/315
|
|switch|p2a: Bop|Roserade, M|261\/261
|-damage|p2a: Bop|229\/261|[from] Stealth Rock
|
|-heal|p1a: Starmie|241\/315|[from] item: Leftovers
|turn|15
|
|switch|p1a: Magnezone|Magnezone|5\/281
|move|p2a: Bop|Sleep Powder|p1a: Magnezone
|-status|p1a: Magnezone|slp
|
|turn|16
|
|move|p2a: Bop|Giga Drain|p1a: Magnezone
|-resisted|p1a: Magnezone
|-damage|p1a: Magnezone|0 fnt
|-heal|p2a: Bop|232\/261|[from] drain|[of] p1a: Magnezone
|-damage|p2a: Bop|206\/261|[from] item: Life Orb
|faint|p1a: Magnezone
|
|
|switch|p1a: Talonflame|Talonflame, F|210\/297
|turn|17
|
|switch|p2a: Bop|Heatran, M|316\/385
|-damage|p2a: Bop|268\/385|[from] Stealth Rock
|move|p1a: Talonflame|Brave Bird|p2a: Bop
|-resisted|p2a: Bop
|-damage|p2a: Bop|138\/385
|-damage|p1a: Talonflame|167\/297|[from] recoil|[of] p2a: Bop
|
|turn|18
|
|switch|p1a: Starmie|Starmie|241\/315
|move|p2a: Bop|Lava Plume|p1a: Starmie
|-resisted|p1a: Starmie
|-damage|p1a: Starmie|178\/315
|
|-heal|p1a: Starmie|197\/315|[from] item: Leftovers
|turn|19
|
|move|p1a: Starmie|Scald|p2a: Bop
|-supereffective|p2a: Bop
|-damage|p2a: Bop|18\/385
|move|p2a: Bop|Lava Plume|p1a: Starmie
|-resisted|p1a: Starmie
|-damage|p1a: Starmie|125\/315
|
|-heal|p1a: Starmie|144\/315|[from] item: Leftovers
|turn|20
|
|switch|p2a: Bop|Roserade, M|206\/261
|-damage|p2a: Bop|174\/261|[from] Stealth Rock
|move|p1a: Starmie|Recover|p1a: Starmie
|-heal|p1a: Starmie|302\/315
|
|-heal|p1a: Starmie|315\/315|[from] item: Leftovers
|turn|21
|
|move|p1a: Starmie|Reflect Type|p2a: Bop
|-start|p1a: Starmie|typechange|[from] move: Reflect Type|[of] p2a: Bop
|move|p2a: Bop|Giga Drain|p1a: Starmie
|-resisted|p1a: Starmie
|-damage|p1a: Starmie|266\/315
|-heal|p2a: Bop|199\/261|[from] drain|[of] p1a: Starmie
|-damage|p2a: Bop|173\/261|[from] item: Life Orb
|
|-heal|p1a: Starmie|285\/315|[from] item: Leftovers
|turn|22
|
|move|p1a: Starmie|Scald|p2a: Bop
|-resisted|p2a: Bop
|-damage|p2a: Bop|144\/261
|-status|p2a: Bop|brn
|move|p2a: Bop|Hidden Power|p1a: Starmie
|-supereffective|p1a: Starmie
|-damage|p1a: Starmie|0 fnt
|-damage|p2a: Bop|118\/261 brn|[from] item: Life Orb
|faint|p1a: Starmie
|
|-damage|p2a: Bop|86\/261 brn|[from] brn
|
|switch|p1a: Talonflame|Talonflame, F|167\/297
|turn|23
|
|switch|p2a: Bop|Heatran, M|18\/385
|-damage|p2a: Bop|0 fnt|[from] Stealth Rock
|faint|p2a: Bop
|move|p1a: Talonflame|U-turn|p2: Bop|[notarget]
|-notarget
|
|
|switch|p2a: Bop|Mamoswine, M|361\/361
|-damage|p2a: Bop|316\/361|[from] Stealth Rock
|turn|24
|
|move|p1a: Talonflame|U-turn|p2a: Bop
|-damage|p2a: Bop|203\/361
|
|switch|p1a: Landorus-Therian|Landorus-Therian, M|322\/377
|-ability|p1a: Landorus-Therian|Intimidate|[of] p2a: Bop
|-unboost|p2a: Bop|atk|1
|move|p2a: Bop|Stealth Rock|p1a: Landorus-Therian
|-sidestart|p1: The Ess of Johan|move: Stealth Rock
|
|-heal|p1a: Landorus-Therian|345\/377|[from] item: Leftovers
|turn|25
|
|move|p2a: Bop|Icicle Crash|p1a: Landorus-Therian
|-supereffective|p1a: Landorus-Therian
|-damage|p1a: Landorus-Therian|33\/377
|move|p1a: Landorus-Therian|U-turn|p2a: Bop
|-damage|p2a: Bop|111\/361
|join|KewlKat
|
|switch|p1a: Scizor|Scizor-Mega, F|86\/281
|-damage|p1a: Scizor|51\/281|[from] Stealth Rock
|
|turn|26
|
|move|p2a: Bop|Ice Shard|p1a: Scizor
|-resisted|p1a: Scizor
|-damage|p1a: Scizor|34\/281
|move|p1a: Scizor|Bullet Punch|p2a: Bop
|-supereffective|p2a: Bop
|-damage|p2a: Bop|0 fnt
|faint|p2a: Bop
|
|
|switch|p2a: Straight|Rotom-Wash|203\/303
|-damage|p2a: Straight|166\/303|[from] Stealth Rock
|turn|27
|join|ZanbakuReqs
|
|switch|p1a: Landorus-Therian|Landorus-Therian, M|33\/377
|-damage|p1a: Landorus-Therian|0 fnt|[from] Stealth Rock
|faint|p1a: Landorus-Therian
|switch|p2a: To|Diancie-Mega|211\/241
|-damage|p2a: To|181\/241|[from] Stealth Rock
|
|
|switch|p1a: Talonflame|Talonflame, F|167\/297
|-damage|p1a: Talonflame|19\/297|[from] Stealth Rock
|turn|28
|
|switch|p2a: Bop|Roserade, M|86\/261 brn
|-damage|p2a: Bop|54\/261 brn|[from] Stealth Rock
|move|p1a: Talonflame|Brave Bird|p2a: Bop
|-supereffective|p2a: Bop
|-damage|p2a: Bop|0 fnt
|-damage|p1a: Talonflame|1\/297|[from] recoil|[of] p2a: Bop
|faint|p2a: Bop
|
|c|âSunlightBlade|damn
|
|switch|p2a: To|Diancie-Mega|181\/241
|-damage|p2a: To|151\/241|[from] Stealth Rock
|turn|29
|
|move|p1a: Talonflame|Brave Bird|p2a: To
|-resisted|p2a: To
|-damage|p2a: To|30\/241
|-damage|p1a: Talonflame|0 fnt|[from] recoil|[of] p2a: To
|faint|p1a: Talonflame
|move|p2a: To|Moonblast|p1: Talonflame|[notarget]
|-notarget
|
|
|switch|p1a: Latias|Latias, F|222\/301
|-damage|p1a: Latias|185\/301|[from] Stealth Rock
|turn|30
|
|move|p1a: Latias|Healing Wish|p1a: Latias
|faint|p1a: Latias
|move|p2a: To|Moonblast|p1: Latias|[notarget]
|-notarget
|
|
|switch|p1a: Scizor|Scizor-Mega, F|34\/281
|-heal|p1a: Scizor|281\/281|[from] move: Healing Wish
|-damage|p1a: Scizor|246\/281|[from] Stealth Rock
|turn|31
|
|move|p1a: Scizor|Bullet Punch|p2a: To
|-supereffective|p2a: To
|-damage|p2a: To|0 fnt
|faint|p2a: To
|
|
|switch|p2a: Straight|Rotom-Wash|166\/303
|-damage|p2a: Straight|129\/303|[from] Stealth Rock
|turn|32
|
|move|p1a: Scizor|Swords Dance|p1a: Scizor
|-boost|p1a: Scizor|atk|2
|move|p2a: Straight|Pain Split|p1a: Scizor
|-sethp|p1a: Scizor|187\/281|p2a: Straight|187\/303|[from] move: Pain Split
|
|-heal|p2a: Straight|205\/303|[from] item: Leftovers
|turn|33
|
|move|p1a: Scizor|U-turn|p2a: Straight
|-damage|p2a: Straight|0 fnt
|faint|p2a: Straight
|
|win|The Ess of Johan
|c|âSunlightBlade|gg
|c|âThe Ess of Johan|gg
|leave|SunlightBlade
|player|p2
|leave|The Ess of Johan
|player|p1
|leave|KewlKat
|leave|Johnny tots
|join|The Ess of Johan