|join|The Ess of Johan
|join|roarlikeme
|player|p1|The Ess of Johan|112
|player|p2|roarlikeme|101
|gametype|singles
|gen|6
|tier|OU
|rated
|clearpoke
|poke|p1|Celebi
|poke|p1|Heatran, F
|poke|p1|Mandibuzz, F
|poke|p1|Gothitelle, F
|poke|p1|Lopunny, F
|poke|p1|Clefable, F
|poke|p2|Landorus-Therian, M
|poke|p2|Gallade, M
|poke|p2|Tyranitar, F
|poke|p2|Ferrothorn, M
|poke|p2|Keldeo
|poke|p2|Sylveon, M
|rule|Swagger Clause: Swagger is banned
|rule|Baton Pass Clause: Limit one PokÃ©mon knowing Baton Pass
|rule|Sleep Clause Mod: Limit one foe put to sleep
|rule|Species Clause: Limit one of each PokÃ©mon
|rule|OHKO Clause: OHKO moves are banned
|rule|Moody Clause: Moody is banned
|rule|Evasion Moves Clause: Evasion moves are banned
|rule|Endless Battle Clause: Forcing endless battles is banned
|rule|HP Percentage Mod: HP is shown in percentages
|teampreview
|
|start
|switch|p1a: Mandibuzz|Mandibuzz, F|423\/423
|switch|p2a: Landorus-Therian|Landorus-Therian, M|320\/320
|-ability|p2a: Landorus-Therian|Intimidate|[of] p1a: Mandibuzz
|-unboost|p1a: Mandibuzz|atk|1
|turn|1
|
|move|p2a: Landorus-Therian|U-turn|p1a: Mandibuzz
|-damage|p1a: Mandibuzz|356\/423
|-damage|p2a: Landorus-Therian|267\/320|[from] item: Rocky Helmet|[of] p1a: Mandibuzz
|
|switch|p2a: Ferrothorn|Ferrothorn, M|352\/352
|move|p1a: Mandibuzz|Foul Play|p2a: Ferrothorn
|-damage|p2a: Ferrothorn|268\/352
|-damage|p1a: Mandibuzz|304\/423|[from] ability: Iron Barbs|[of] p2a: Ferrothorn
|-damage|p1a: Mandibuzz|234\/423|[from] item: Rocky Helmet|[of] p2a: Ferrothorn
|
|turn|2
|
|move|p1a: Mandibuzz|Taunt|p2a: Ferrothorn
|-start|p2a: Ferrothorn|move: Taunt
|cant|p2a: Ferrothorn|move: Taunt|Stealth Rock
|
|turn|3
|
|move|p1a: Mandibuzz|Roost|p1a: Mandibuzz
|-heal|p1a: Mandibuzz|423\/423
|move|p2a: Ferrothorn|Gyro Ball|p1a: Mandibuzz
|-damage|p1a: Mandibuzz|315\/423
|-damage|p2a: Ferrothorn|210\/352|[from] item: Rocky Helmet|[of] p1a: Mandibuzz
|
|turn|4
|
|switch|p1a: Gothitelle|Gothitelle, F|301\/301
|switch|p2a: Tyranitar|Tyranitar, F|341\/341
|-weather|Sandstorm
|
|-weather|Sandstorm|[upkeep]
|-damage|p1a: Gothitelle|283\/301|[from] sandstorm
|turn|5
|
|move|p2a: Tyranitar|Pursuit|p1a: Gothitelle|[from]Pursuit
|-supereffective|p1a: Gothitelle
|-damage|p1a: Gothitelle|0 fnt
|faint|p1a: Gothitelle
|
|-weather|Sandstorm|[upkeep]
|
|switch|p1a: Lopunny|Lopunny, F|271\/271
|turn|6
|
|switch|p2a: Ferrothorn|Ferrothorn, M|210\/352
|detailschange|p1a: Lopunny|Lopunny-Mega, F
|-mega|p1a: Lopunny|Lopunny|Lopunnite
|move|p1a: Lopunny|High Jump Kick|p2a: Ferrothorn
|-supereffective|p2a: Ferrothorn
|-damage|p2a: Ferrothorn|0 fnt
|-damage|p1a: Lopunny|238\/271|[from] ability: Iron Barbs|[of] p2a: Ferrothorn
|-damage|p1a: Lopunny|193\/271|[from] item: Rocky Helmet|[of] p2a: Ferrothorn
|faint|p2a: Ferrothorn
|
|-weather|Sandstorm|[upkeep]
|-damage|p1a: Lopunny|177\/271|[from] sandstorm
|
|switch|p2a: Landorus-Therian|Landorus-Therian, M|267\/320
|-ability|p2a: Landorus-Therian|Intimidate|[of] p1a: Lopunny
|-unboost|p1a: Lopunny|atk|1
|turn|7
|
|switch|p1a: Clefable|Clefable, F|393\/393
|move|p2a: Landorus-Therian|Earthquake|p1a: Clefable
|-damage|p1a: Clefable|212\/393
|
|-weather|Sandstorm|[upkeep]
|-damage|p1a: Clefable|188\/393|[from] sandstorm
|-heal|p1a: Clefable|212\/393|[from] item: Leftovers
|turn|8
|
|switch|p1a: Mandibuzz|Mandibuzz, F|315\/423
|move|p2a: Landorus-Therian|Earthquake|p1a: Mandibuzz
|-immune|p1a: Mandibuzz|[msg]
|
|-weather|none
|turn|9
|
|switch|p2a: Sylveon|Sylveon, M|390\/390
|switch|p1a: Lopunny|Lopunny-Mega, F|177\/271
|
|turn|10
|
|switch|p1a: Heatran|Heatran, F|370\/370
|move|p2a: Sylveon|Hyper Voice|p1a: Heatran
|-resisted|p1a: Heatran
|-damage|p1a: Heatran|332\/370
|
|-heal|p1a: Heatran|355\/370|[from] item: Leftovers
|turn|11
|
|switch|p2a: Landorus-Therian|Landorus-Therian, M|267\/320
|-ability|p2a: Landorus-Therian|Intimidate|[of] p1a: Heatran
|-unboost|p1a: Heatran|atk|1
|move|p1a: Heatran|Stealth Rock|p2a: Landorus-Therian
|-sidestart|p2: roarlikeme|move: Stealth Rock
|
|-heal|p1a: Heatran|370\/370|[from] item: Leftovers
|turn|12
|
|move|p1a: Heatran|Protect|p1a: Heatran
|-singleturn|p1a: Heatran|Protect
|move|p2a: Landorus-Therian|U-turn|p1a: Heatran
|-activate|p1a: Heatran|Protect
|
|turn|13
|
|move|p2a: Landorus-Therian|U-turn|p1a: Heatran
|-resisted|p1a: Heatran
|-damage|p1a: Heatran|349\/370
|
|switch|p2a: Keldeo|Keldeo|323\/323
|-damage|p2a: Keldeo|303\/323|[from] Stealth Rock
|move|p1a: Heatran|Toxic|p2a: Keldeo
|-status|p2a: Keldeo|tox
|
|-heal|p1a: Heatran|370\/370|[from] item: Leftovers
|-damage|p2a: Keldeo|283\/323 tox|[from] psn
|turn|14
|
|move|p1a: Heatran|Protect|p1a: Heatran
|-singleturn|p1a: Heatran|Protect
|move|p2a: Keldeo|Hydro Pump|p1a: Heatran
|-activate|p1a: Heatran|Protect
|
|-damage|p2a: Keldeo|243\/323 tox|[from] psn
|turn|15
|
|switch|p2a: Sylveon|Sylveon, M|390\/390
|-damage|p2a: Sylveon|342\/390|[from] Stealth Rock
|switch|p1a: Celebi|Celebi|401\/401
|
|-heal|p2a: Sylveon|366\/390|[from] item: Leftovers
|turn|16
|
|move|p1a: Celebi|U-turn|p2a: Sylveon
|-resisted|p2a: Sylveon
|-damage|p2a: Sylveon|333\/390
|
|switch|p1a: Heatran|Heatran, F|370\/370
|move|p2a: Sylveon|Heal Bell|p2a: Sylveon
|-cureteam|p2a: Sylveon|[from] move: HealBell
|
|-heal|p2a: Sylveon|357\/390|[from] item: Leftovers
|turn|17
|
|move|p1a: Heatran|Lava Plume|p2a: Sylveon
|-damage|p2a: Sylveon|278\/390
|-status|p2a: Sylveon|brn
|move|p2a: Sylveon|Wish|p2a: Sylveon
|
|-heal|p2a: Sylveon|302\/390 brn|[from] item: Leftovers
|-damage|p2a: Sylveon|254\/390 brn|[from] brn
|turn|18
|
|switch|p1a: Lopunny|Lopunny-Mega, F|177\/271
|switch|p2a: Tyranitar|Tyranitar, F|341\/341
|-damage|p2a: Tyranitar|299\/341|[from] Stealth Rock
|-weather|Sandstorm
|
|-weather|Sandstorm|[upkeep]
|-damage|p1a: Lopunny|161\/271|[from] sandstorm
|-heal|p2a: Tyranitar|341\/341|[from] move: Wish|[wisher] Sylveon
|turn|19
|
|switch|p2a: Landorus-Therian|Landorus-Therian, M|267\/320
|-damage|p2a: Landorus-Therian|227\/320|[from] Stealth Rock
|-ability|p2a: Landorus-Therian|Intimidate|[of] p1a: Lopunny
|-unboost|p1a: Lopunny|atk|1
|move|p1a: Lopunny|High Jump Kick|p2a: Landorus-Therian
|-resisted|p2a: Landorus-Therian
|-damage|p2a: Landorus-Therian|139\/320
|
|-weather|Sandstorm|[upkeep]
|-damage|p1a: Lopunny|145\/271|[from] sandstorm
|turn|20
|
|switch|p1a: Mandibuzz|Mandibuzz, F|315\/423
|move|p2a: Landorus-Therian|U-turn|p1a: Mandibuzz
|-damage|p1a: Mandibuzz|249\/423
|-damage|p2a: Landorus-Therian|86\/320|[from] item: Rocky Helmet|[of] p1a: Mandibuzz
|
|switch|p2a: Tyranitar|Tyranitar, F|341\/341
|-damage|p2a: Tyranitar|299\/341|[from] Stealth Rock
|
|-weather|Sandstorm|[upkeep]
|turn|21
|
|move|p2a: Tyranitar|Rock Slide|p1a: Mandibuzz
|-supereffective|p1a: Mandibuzz
|-damage|p1a: Mandibuzz|43\/423
|cant|p1a: Mandibuzz|flinch
|
|-weather|Sandstorm|[upkeep]
|turn|22
|
|move|p2a: Tyranitar|Pursuit|p1a: Mandibuzz
|-resisted|p1a: Mandibuzz
|-damage|p1a: Mandibuzz|14\/423
|-damage|p2a: Tyranitar|243\/341|[from] item: Rocky Helmet|[of] p1a: Mandibuzz
|move|p1a: Mandibuzz|Roost|p1a: Mandibuzz
|-heal|p1a: Mandibuzz|226\/423
|
|-weather|none
|turn|23
|
|move|p2a: Tyranitar|Dragon Dance|p2a: Tyranitar
|-boost|p2a: Tyranitar|atk|1
|-boost|p2a: Tyranitar|spe|1
|move|p1a: Mandibuzz|Roost|p1a: Mandibuzz
|-heal|p1a: Mandibuzz|423\/423
|
|turn|24
|
|move|p2a: Tyranitar|Dragon Dance|p2a: Tyranitar
|-boost|p2a: Tyranitar|atk|1
|-boost|p2a: Tyranitar|spe|1
|move|p1a: Mandibuzz|Foul Play|p2a: Tyranitar
|-resisted|p2a: Tyranitar
|-damage|p2a: Tyranitar|60\/341
|
|turn|25
|
|move|p2a: Tyranitar|Rock Slide|p1a: Mandibuzz
|-supereffective|p1a: Mandibuzz
|-damage|p1a: Mandibuzz|0 fnt
|faint|p1a: Mandibuzz
|
|
|switch|p1a: Clefable|Clefable, F|212\/393
|turn|26
|
|move|p1a: Clefable|Protect|p1a: Clefable
|-singleturn|p1a: Clefable|Protect
|move|p2a: Tyranitar|Rock Slide|p1a: Clefable
|-activate|p1a: Clefable|Protect
|
|-heal|p1a: Clefable|236\/393|[from] item: Leftovers
|turn|27
|
|move|p2a: Tyranitar|Rock Slide|p1a: Clefable
|-damage|p1a: Clefable|97\/393
|cant|p1a: Clefable|flinch
|
|-heal|p1a: Clefable|121\/393|[from] item: Leftovers
|turn|28
|c|âThe Ess of Johan|wow
|
|move|p1a: Clefable|Protect|p1a: Clefable
|-singleturn|p1a: Clefable|Protect
|move|p2a: Tyranitar|Rock Slide|p1a: Clefable
|-activate|p1a: Clefable|Protect
|
|-heal|p1a: Clefable|145\/393|[from] item: Leftovers
|turn|29
|
|move|p2a: Tyranitar|Rock Slide|p1a: Clefable
|-damage|p1a: Clefable|15\/393
|move|p1a: Clefable|Moonblast|p2a: Tyranitar
|-supereffective|p2a: Tyranitar
|-damage|p2a: Tyranitar|0 fnt
|faint|p2a: Tyranitar
|
|-heal|p1a: Clefable|39\/393|[from] item: Leftovers
|
|switch|p2a: Landorus-Therian|Landorus-Therian, M|86\/320
|-damage|p2a: Landorus-Therian|46\/320|[from] Stealth Rock
|-ability|p2a: Landorus-Therian|Intimidate|[of] p1a: Clefable
|-unboost|p1a: Clefable|atk|1
|turn|30
|
|move|p1a: Clefable|Protect|p1a: Clefable
|-singleturn|p1a: Clefable|Protect
|move|p2a: Landorus-Therian|Earthquake|p1a: Clefable
|-activate|p1a: Clefable|Protect
|
|-heal|p1a: Clefable|63\/393|[from] item: Leftovers
|turn|31
|
|switch|p1a: Celebi|Celebi|401\/401
|move|p2a: Landorus-Therian|Earthquake|p1a: Celebi
|-resisted|p1a: Celebi
|-damage|p1a: Celebi|301\/401
|
|-heal|p1a: Celebi|326\/401|[from] item: Leftovers
|turn|32
|
|switch|p2a: Sylveon|Sylveon, M|254\/390 brn
|-damage|p2a: Sylveon|206\/390 brn|[from] Stealth Rock
|move|p1a: Celebi|Giga Drain|p2a: Sylveon
|-damage|p2a: Sylveon|152\/390 brn
|-heal|p1a: Celebi|353\/401|[from] drain|[of] p2a: Sylveon
|
|-heal|p1a: Celebi|378\/401|[from] item: Leftovers
|-heal|p2a: Sylveon|176\/390 brn|[from] item: Leftovers
|-damage|p2a: Sylveon|128\/390 brn|[from] brn
|turn|33
|
|move|p1a: Celebi|U-turn|p2a: Sylveon
|-resisted|p2a: Sylveon
|-damage|p2a: Sylveon|95\/390 brn
|
|switch|p1a: Heatran|Heatran, F|370\/370
|move|p2a: Sylveon|Wish|p2a: Sylveon
|
|-heal|p2a: Sylveon|119\/390 brn|[from] item: Leftovers
|-damage|p2a: Sylveon|71\/390 brn|[from] brn
|turn|34
|
|switch|p2a: Gallade|Gallade, M|278\/278
|-damage|p2a: Gallade|261\/278|[from] Stealth Rock
|move|p1a: Heatran|Lava Plume|p2a: Gallade
|-damage|p2a: Gallade|149\/278
|
|-heal|p2a: Gallade|278\/278|[from] move: Wish|[wisher] Sylveon
|turn|35
|
|switch|p1a: Clefable|Clefable, F|63\/393
|detailschange|p2a: Gallade|Gallade-Mega, M
|-mega|p2a: Gallade|Gallade|Galladite
|move|p2a: Gallade|Close Combat|p1a: Clefable
|-crit|p1a: Clefable
|-resisted|p1a: Clefable
|-damage|p1a: Clefable|0 fnt
|-unboost|p2a: Gallade|def|1
|-unboost|p2a: Gallade|spd|1
|faint|p1a: Clefable
|
|
|switch|p1a: Lopunny|Lopunny-Mega, F|145\/271
|turn|36
|
|switch|p2a: Landorus-Therian|Landorus-Therian, M|46\/320
|-damage|p2a: Landorus-Therian|6\/320|[from] Stealth Rock
|-ability|p2a: Landorus-Therian|Intimidate|[of] p1a: Lopunny
|-unboost|p1a: Lopunny|atk|1
|move|p1a: Lopunny|Frustration|p2a: Landorus-Therian
|-damage|p2a: Landorus-Therian|0 fnt
|faint|p2a: Landorus-Therian
|
|
|switch|p2a: Keldeo|Keldeo|243\/323
|-damage|p2a: Keldeo|223\/323|[from] Stealth Rock
|turn|37
|
|switch|p1a: Celebi|Celebi|378\/401
|move|p2a: Keldeo|Hidden Power|p1a: Celebi
|-supereffective|p1a: Celebi
|-damage|p1a: Celebi|268\/401
|
|-heal|p1a: Celebi|293\/401|[from] item: Leftovers
|turn|38
|
|switch|p2a: Sylveon|Sylveon, M|71\/390 brn
|-damage|p2a: Sylveon|23\/390 brn|[from] Stealth Rock
|move|p1a: Celebi|Giga Drain|p2a: Sylveon
|-damage|p2a: Sylveon|0 fnt
|-heal|p1a: Celebi|305\/401|[from] drain|[of] p2a: Sylveon
|faint|p2a: Sylveon
|
|-heal|p1a: Celebi|330\/401|[from] item: Leftovers
|
|switch|p2a: Gallade|Gallade-Mega, M|278\/278
|-damage|p2a: Gallade|261\/278|[from] Stealth Rock
|turn|39
|
|switch|p1a: Heatran|Heatran, F|370\/370
|move|p2a: Gallade|Knock Off|p1a: Heatran
|-damage|p1a: Heatran|248\/370
|-enditem|p1a: Heatran|Leftovers|[from] move: Knock Off|[of] p2a: Gallade
|
|turn|40
|
|move|p2a: Gallade|Swords Dance|p2a: Gallade
|-boost|p2a: Gallade|atk|2
|move|p1a: Heatran|Lava Plume|p2a: Gallade
|-damage|p2a: Gallade|132\/278
|
|turn|41
|
|move|p2a: Gallade|Close Combat|p1a: Heatran
|-supereffective|p1a: Heatran
|-damage|p1a: Heatran|0 fnt
|-unboost|p2a: Gallade|def|1
|-unboost|p2a: Gallade|spd|1
|faint|p1a: Heatran
|
|
|switch|p1a: Lopunny|Lopunny-Mega, F|145\/271
|turn|42
|
|move|p2a: Gallade|Shadow Sneak|p1a: Lopunny
|-immune|p1a: Lopunny|[msg]
|move|p1a: Lopunny|Frustration|p2a: Gallade
|-damage|p2a: Gallade|0 fnt
|faint|p2a: Gallade
|
|c|âroarlikeme|lol
|
|switch|p2a: Keldeo|Keldeo|223\/323
|-damage|p2a: Keldeo|203\/323|[from] Stealth Rock
|turn|43
|
|move|p2a: Keldeo|Hidden Power|p1a: Lopunny
|-supereffective|p1a: Lopunny
|-damage|p1a: Lopunny|0 fnt
|faint|p1a: Lopunny
|
|c|âThe Ess of Johan|well you tried
|
|switch|p1a: Celebi|Celebi|330\/401
|turn|44
|
|move|p2a: Keldeo|Hidden Power|p1a: Celebi
|-supereffective|p1a: Celebi
|-damage|p1a: Celebi|216\/401
|move|p1a: Celebi|Giga Drain|p2a: Keldeo
|-supereffective|p2a: Keldeo
|-damage|p2a: Keldeo|0 fnt
|-heal|p1a: Celebi|318\/401|[from] drain|[of] p2a: Keldeo
|faint|p2a: Keldeo
|
|win|The Ess of Johan
|raw|Ladder updating...
|raw|The Ess of Johan's rating: 1498 &rarr; <strong>1518<\/strong><br \/>(+20 for winning)
|raw|roarlikeme's rating: 1490 &rarr; <strong>1471<\/strong><br \/>(-19 for losing)
|leave|roarlikeme