|join|The Ess of Johan
|join|lyh031995
|player|p1|The Ess of Johan|112
|player|p2|lyh031995|266
|gametype|singles
|gen|6
|tier|OU
|rated
|clearpoke
|poke|p1|Celebi
|poke|p1|Heatran, F
|poke|p1|Mandibuzz, F
|poke|p1|Gothitelle, F
|poke|p1|Lopunny, F
|poke|p1|Clefable, M
|poke|p2|Garchomp, F
|poke|p2|Scizor, F
|poke|p2|Gyarados, M
|poke|p2|Manaphy
|poke|p2|Sylveon, M
|poke|p2|Smeargle, F
|rule|Swagger Clause: Swagger is banned
|rule|Baton Pass Clause: Limit one PokÃ©mon knowing Baton Pass
|rule|Sleep Clause Mod: Limit one foe put to sleep
|rule|Species Clause: Limit one of each PokÃ©mon
|rule|OHKO Clause: OHKO moves are banned
|rule|Moody Clause: Moody is banned
|rule|Evasion Moves Clause: Evasion moves are banned
|rule|Endless Battle Clause: Forcing endless battles is banned
|rule|HP Percentage Mod: HP is shown in percentages
|teampreview
|
|start
|switch|p1a: Gothitelle|Gothitelle, F|301\/301
|switch|p2a: Smeargle|Smeargle, F|314\/314
|turn|1
|
|move|p1a: Gothitelle|Trick|p2a: Smeargle
|-activate|p1a: Gothitelle|move: Trick|[of] p2a: Smeargle
|-item|p2a: Smeargle|Choice Scarf|[from] move: Trick
|-item|p1a: Gothitelle|Focus Sash|[from] move: Trick
|move|p2a: Smeargle|Endeavor|p1a: Gothitelle
|-immune|p1a: Gothitelle|[msg]
|-fail|p1a: Gothitelle
|
|turn|2
|
|move|p2a: Smeargle|Endeavor|p1a: Gothitelle
|-immune|p1a: Gothitelle|[msg]
|-fail|p1a: Gothitelle
|move|p1a: Gothitelle|Calm Mind|p1a: Gothitelle
|-boost|p1a: Gothitelle|spa|1
|-boost|p1a: Gothitelle|spd|1
|
|turn|3
|
|move|p2a: Smeargle|Endeavor|p1a: Gothitelle
|-immune|p1a: Gothitelle|[msg]
|-fail|p1a: Gothitelle
|move|p1a: Gothitelle|Calm Mind|p1a: Gothitelle
|-boost|p1a: Gothitelle|spa|1
|-boost|p1a: Gothitelle|spd|1
|
|turn|4
|
|move|p2a: Smeargle|Endeavor|p1a: Gothitelle
|-immune|p1a: Gothitelle|[msg]
|-fail|p1a: Gothitelle
|move|p1a: Gothitelle|Calm Mind|p1a: Gothitelle
|-boost|p1a: Gothitelle|spa|1
|-boost|p1a: Gothitelle|spd|1
|
|turn|5
|
|move|p2a: Smeargle|Endeavor|p1a: Gothitelle
|-immune|p1a: Gothitelle|[msg]
|-fail|p1a: Gothitelle
|move|p1a: Gothitelle|Calm Mind|p1a: Gothitelle
|-boost|p1a: Gothitelle|spa|1
|-boost|p1a: Gothitelle|spd|1
|
|turn|6
|
|move|p2a: Smeargle|Endeavor|p1a: Gothitelle
|-immune|p1a: Gothitelle|[msg]
|-fail|p1a: Gothitelle
|move|p1a: Gothitelle|Calm Mind|p1a: Gothitelle
|-boost|p1a: Gothitelle|spa|1
|-boost|p1a: Gothitelle|spd|1
|
|turn|7
|
|move|p2a: Smeargle|Endeavor|p1a: Gothitelle
|-immune|p1a: Gothitelle|[msg]
|-fail|p1a: Gothitelle
|move|p1a: Gothitelle|Calm Mind|p1a: Gothitelle
|-boost|p1a: Gothitelle|spa|1
|-boost|p1a: Gothitelle|spd|1
|
|turn|8
|
|move|p2a: Smeargle|Endeavor|p1a: Gothitelle
|-immune|p1a: Gothitelle|[msg]
|-fail|p1a: Gothitelle
|move|p1a: Gothitelle|Calm Mind|p1a: Gothitelle
|-fail|p1a: Gothitelle
|
|turn|9
|
|move|p2a: Smeargle|Struggle|p1a: Gothitelle
|-damage|p1a: Gothitelle|289\/301
|-damage|p2a: Smeargle|236\/314
|move|p1a: Gothitelle|Trick|p2a: Smeargle
|-activate|p1a: Gothitelle|move: Trick|[of] p2a: Smeargle
|-item|p2a: Smeargle|Focus Sash|[from] move: Trick
|-item|p1a: Gothitelle|Choice Scarf|[from] move: Trick
|
|turn|10
|
|move|p1a: Gothitelle|Psychic|p2a: Smeargle
|-damage|p2a: Smeargle|0 fnt
|faint|p2a: Smeargle
|
|
|switch|p2a: Gyarados|Gyarados, M|332\/332
|-ability|p2a: Gyarados|Intimidate|[of] p1a: Gothitelle
|-unboost|p1a: Gothitelle|atk|1
|turn|11
|
|switch|p1a: Mandibuzz|Mandibuzz, F|423\/423
|detailschange|p2a: Gyarados|Gyarados-Mega, M
|-mega|p2a: Gyarados|Gyarados|Gyaradosite
|-ability|p2a: Gyarados|Mold Breaker
|move|p2a: Gyarados|Dragon Dance|p2a: Gyarados
|-boost|p2a: Gyarados|atk|1
|-boost|p2a: Gyarados|spe|1
|
|turn|12
|
|move|p2a: Gyarados|Waterfall|p1a: Mandibuzz
|-damage|p1a: Mandibuzz|218\/423
|-damage|p2a: Gyarados|277\/332|[from] item: Rocky Helmet|[of] p1a: Mandibuzz
|move|p1a: Mandibuzz|Foul Play|p2a: Gyarados
|-resisted|p2a: Gyarados
|-damage|p2a: Gyarados|140\/332
|
|turn|13
|
|switch|p2a: Sylveon|Sylveon, M|392\/392
|move|p1a: Mandibuzz|Roost|p1a: Mandibuzz
|-heal|p1a: Mandibuzz|423\/423
|
|turn|14
|
|switch|p1a: Heatran|Heatran, F|370\/370
|move|p2a: Sylveon|Hyper Voice|p1a: Heatran
|-resisted|p1a: Heatran
|-damage|p1a: Heatran|300\/370
|
|-heal|p1a: Heatran|323\/370|[from] item: Leftovers
|turn|15
|
|switch|p2a: Garchomp|Garchomp, F|358\/358
|move|p1a: Heatran|Toxic|p2a: Garchomp
|-status|p2a: Garchomp|tox
|-enditem|p2a: Garchomp|Lum Berry|[eat]
|-curestatus|p2a: Garchomp|tox
|
|-heal|p1a: Heatran|346\/370|[from] item: Leftovers
|turn|16
|
|switch|p2a: Manaphy|Manaphy|342\/342
|switch|p1a: Mandibuzz|Mandibuzz, F|423\/423
|
|turn|17
|
|switch|p1a: Celebi|Celebi|401\/401
|move|p2a: Manaphy|Tail Glow|p2a: Manaphy
|-boost|p2a: Manaphy|spa|3
|
|turn|18
|
|move|p2a: Manaphy|Ice Beam|p1a: Celebi
|-supereffective|p1a: Celebi
|-damage|p1a: Celebi|57\/401
|move|p1a: Celebi|Giga Drain|p2a: Manaphy
|-supereffective|p2a: Manaphy
|-damage|p2a: Manaphy|172\/342
|-heal|p1a: Celebi|142\/401|[from] drain|[of] p2a: Manaphy
|
|-heal|p2a: Manaphy|193\/342|[from] item: Leftovers
|-heal|p1a: Celebi|167\/401|[from] item: Leftovers
|turn|19
|
|switch|p1a: Clefable|Clefable, M|393\/393
|move|p2a: Manaphy|Ice Beam|p1a: Clefable
|-damage|p1a: Clefable|294\/393
|
|-heal|p2a: Manaphy|214\/342|[from] item: Leftovers
|-heal|p1a: Clefable|318\/393|[from] item: Leftovers
|turn|20
|
|move|p2a: Manaphy|Surf|p1a: Clefable
|-damage|p1a: Clefable|171\/393
|move|p1a: Clefable|Thunder Wave|p2a: Manaphy
|-status|p2a: Manaphy|par
|
|-heal|p1a: Clefable|195\/393|[from] item: Leftovers
|-heal|p2a: Manaphy|235\/342 par|[from] item: Leftovers
|turn|21
|
|move|p1a: Clefable|Moonblast|p2a: Manaphy
|-damage|p2a: Manaphy|129\/342 par
|move|p2a: Manaphy|Tail Glow|p2a: Manaphy
|-boost|p2a: Manaphy|spa|3
|
|-heal|p1a: Clefable|219\/393|[from] item: Leftovers
|-heal|p2a: Manaphy|150\/342 par|[from] item: Leftovers
|turn|22
|
|move|p1a: Clefable|Moonblast|p2a: Manaphy
|-damage|p2a: Manaphy|50\/342 par
|-unboost|p2a: Manaphy|spa|1
|move|p2a: Manaphy|Surf|p1a: Clefable
|-damage|p1a: Clefable|80\/393
|
|-heal|p1a: Clefable|104\/393|[from] item: Leftovers
|-heal|p2a: Manaphy|71\/342 par|[from] item: Leftovers
|turn|23
|
|move|p1a: Clefable|Moonblast|p2a: Manaphy
|-damage|p2a: Manaphy|0 fnt
|faint|p2a: Manaphy
|
|-heal|p1a: Clefable|128\/393|[from] item: Leftovers
|
|switch|p2a: Scizor|Scizor, F|344\/344
|turn|24
|
|switch|p1a: Mandibuzz|Mandibuzz, F|423\/423
|move|p2a: Scizor|Bullet Punch|p1a: Mandibuzz
|-damage|p1a: Mandibuzz|287\/423
|-damage|p2a: Scizor|287\/344|[from] item: Rocky Helmet|[of] p1a: Mandibuzz
|
|turn|25
|
|switch|p2a: Sylveon|Sylveon, M|392\/392
|move|p1a: Mandibuzz|Roost|p1a: Mandibuzz
|-heal|p1a: Mandibuzz|423\/423
|
|turn|26
|
|switch|p1a: Gothitelle|Gothitelle, F|289\/301
|switch|p2a: Garchomp|Garchomp, F|358\/358
|
|turn|27
|
|switch|p1a: Mandibuzz|Mandibuzz, F|423\/423
|move|p2a: Garchomp|Earthquake|p1a: Mandibuzz
|-immune|p1a: Mandibuzz|[msg]
|
|turn|28
|
|switch|p2a: Sylveon|Sylveon, M|392\/392
|move|p1a: Mandibuzz|Foul Play|p2a: Sylveon
|-resisted|p2a: Sylveon
|-damage|p2a: Sylveon|345\/392
|
|turn|29
|
|switch|p1a: Heatran|Heatran, F|346\/370
|switch|p2a: Garchomp|Garchomp, F|358\/358
|
|-heal|p1a: Heatran|369\/370|[from] item: Leftovers
|turn|30
|
|switch|p1a: Clefable|Clefable, M|128\/393
|move|p2a: Garchomp|Swords Dance|p2a: Garchomp
|-boost|p2a: Garchomp|atk|2
|
|-heal|p1a: Clefable|152\/393|[from] item: Leftovers
|turn|31
|
|move|p2a: Garchomp|Earthquake|p1a: Clefable
|-damage|p1a: Clefable|4\/393
|move|p1a: Clefable|Moonblast|p2a: Garchomp
|-supereffective|p2a: Garchomp
|-damage|p2a: Garchomp|128\/358
|
|-heal|p1a: Clefable|28\/393|[from] item: Leftovers
|turn|32
|
|move|p2a: Garchomp|Earthquake|p1a: Clefable
|-damage|p1a: Clefable|0 fnt
|faint|p1a: Clefable
|
|
|switch|p1a: Mandibuzz|Mandibuzz, F|423\/423
|turn|33
|
|move|p2a: Garchomp|Stone Edge|p1a: Mandibuzz
|-supereffective|p1a: Mandibuzz
|-damage|p1a: Mandibuzz|91\/423
|move|p1a: Mandibuzz|Foul Play|p2a: Garchomp
|-damage|p2a: Garchomp|0 fnt
|-damage|p1a: Mandibuzz|39\/423|[from] ability: Rough Skin|[of] p2a: Garchomp
|faint|p2a: Garchomp
|
|
|switch|p2a: Gyarados|Gyarados-Mega, M|140\/332
|-ability|p2a: Gyarados|Mold Breaker
|turn|34
|
|move|p2a: Gyarados|Waterfall|p1a: Mandibuzz
|-damage|p1a: Mandibuzz|0 fnt
|-damage|p2a: Gyarados|85\/332|[from] item: Rocky Helmet|[of] p1a: Mandibuzz
|faint|p1a: Mandibuzz
|
|
|switch|p1a: Lopunny|Lopunny, F|271\/271
|turn|35
|
|switch|p2a: Scizor|Scizor, F|287\/344
|detailschange|p1a: Lopunny|Lopunny-Mega, F
|-mega|p1a: Lopunny|Lopunny|Lopunnite
|move|p1a: Lopunny|Frustration|p2a: Scizor
|-crit|p2a: Scizor
|-resisted|p2a: Scizor
|-damage|p2a: Scizor|153\/344
|
|turn|36
|
|switch|p1a: Gothitelle|Gothitelle, F|289\/301
|move|p2a: Scizor|Superpower|p1a: Gothitelle
|-resisted|p1a: Gothitelle
|-damage|p1a: Gothitelle|177\/301
|-unboost|p2a: Scizor|atk|1
|-unboost|p2a: Scizor|def|1
|
|turn|37
|
|move|p1a: Gothitelle|Trick|p2a: Scizor
|-activate|p1a: Gothitelle|move: Trick|[of] p2a: Scizor
|-item|p2a: Scizor|Choice Scarf|[from] move: Trick
|-item|p1a: Gothitelle|Choice Band|[from] move: Trick
|move|p2a: Scizor|Superpower|p1a: Gothitelle
|-resisted|p1a: Gothitelle
|-damage|p1a: Gothitelle|120\/301
|-unboost|p2a: Scizor|atk|1
|-unboost|p2a: Scizor|def|1
|
|turn|38
|
|move|p1a: Gothitelle|Rest|p1a: Gothitelle
|-status|p1a: Gothitelle|slp
|-heal|p1a: Gothitelle|301\/301 slp|[silent]
|-status|p1a: Gothitelle|slp|[from] move: Rest
|move|p2a: Scizor|Superpower|p1a: Gothitelle
|-resisted|p1a: Gothitelle
|-damage|p1a: Gothitelle|257\/301 slp
|-unboost|p2a: Scizor|atk|1
|-unboost|p2a: Scizor|def|1
|
|turn|39
|
|cant|p1a: Gothitelle|slp
|move|p2a: Scizor|Superpower|p1a: Gothitelle
|-resisted|p1a: Gothitelle
|-damage|p1a: Gothitelle|221\/301 slp
|-unboost|p2a: Scizor|atk|1
|-unboost|p2a: Scizor|def|1
|
|turn|40
|
|cant|p1a: Gothitelle|slp
|move|p2a: Scizor|Superpower|p1a: Gothitelle
|-resisted|p1a: Gothitelle
|-damage|p1a: Gothitelle|194\/301 slp
|-unboost|p2a: Scizor|atk|1
|-unboost|p2a: Scizor|def|1
|
|turn|41
|
|-curestatus|p1a: Gothitelle|slp
|move|p1a: Gothitelle|Rest|p1a: Gothitelle
|-status|p1a: Gothitelle|slp
|-heal|p1a: Gothitelle|301\/301 slp|[silent]
|-status|p1a: Gothitelle|slp|[from] move: Rest
|move|p2a: Scizor|Superpower|p1a: Gothitelle
|-resisted|p1a: Gothitelle
|-damage|p1a: Gothitelle|276\/301 slp
|-unboost|p2a: Scizor|atk|1
|-unboost|p2a: Scizor|def|1
|
|turn|42
|
|cant|p1a: Gothitelle|slp
|move|p2a: Scizor|Superpower|p1a: Gothitelle
|-resisted|p1a: Gothitelle
|-damage|p1a: Gothitelle|257\/301 slp
|
|turn|43
|
|switch|p1a: Celebi|Celebi|167\/401
|move|p2a: Scizor|Superpower|p1a: Celebi
|-resisted|p1a: Celebi
|-damage|p1a: Celebi|147\/401
|
|-heal|p1a: Celebi|172\/401|[from] item: Leftovers
|turn|44
|
|switch|p2a: Sylveon|Sylveon, M|345\/392
|move|p1a: Celebi|Recover|p1a: Celebi
|-heal|p1a: Celebi|373\/401
|
|-heal|p1a: Celebi|398\/401|[from] item: Leftovers
|turn|45
|
|switch|p2a: Scizor|Scizor, F|153\/344
|move|p1a: Celebi|Recover|p1a: Celebi
|-heal|p1a: Celebi|401\/401
|
|turn|46
|
|switch|p1a: Heatran|Heatran, F|369\/370
|move|p2a: Scizor|U-turn|p1a: Heatran
|-resisted|p1a: Heatran
|-damage|p1a: Heatran|338\/370
|
|switch|p2a: Gyarados|Gyarados-Mega, M|85\/332
|-ability|p2a: Gyarados|Mold Breaker
|
|-heal|p1a: Heatran|361\/370|[from] item: Leftovers
|turn|47
|
|move|p2a: Gyarados|Dragon Dance|p2a: Gyarados
|-boost|p2a: Gyarados|atk|1
|-boost|p2a: Gyarados|spe|1
|move|p1a: Heatran|Toxic|p2a: Gyarados
|-status|p2a: Gyarados|tox
|
|-heal|p1a: Heatran|370\/370|[from] item: Leftovers
|-damage|p2a: Gyarados|65\/332 tox|[from] psn
|turn|48
|
|move|p1a: Heatran|Protect|p1a: Heatran
|-singleturn|p1a: Heatran|Protect
|move|p2a: Gyarados|Earthquake|p1a: Heatran
|-activate|p1a: Heatran|Protect
|
|-damage|p2a: Gyarados|25\/332 tox|[from] psn
|turn|49
|
|switch|p1a: Gothitelle|Gothitelle, F|257\/301 slp
|move|p2a: Gyarados|Crunch|p1a: Gothitelle
|-supereffective|p1a: Gothitelle
|-damage|p1a: Gothitelle|0 fnt
|faint|p1a: Gothitelle
|
|-damage|p2a: Gyarados|0 fnt|[from] psn
|faint|p2a: Gyarados
|
|switch|p1a: Heatran|Heatran, F|370\/370
|switch|p2a: Scizor|Scizor, F|153\/344
|turn|50
|
|move|p1a: Heatran|Protect|p1a: Heatran
|-singleturn|p1a: Heatran|Protect
|move|p2a: Scizor|Knock Off|p1a: Heatran
|-activate|p1a: Heatran|Protect
|
|turn|51
|
|move|p1a: Heatran|Lava Plume|p2a: Scizor
|-supereffective|p2a: Scizor
|-damage|p2a: Scizor|0 fnt
|faint|p2a: Scizor
|
|
|switch|p2a: Sylveon|Sylveon, M|345\/392
|turn|52
|
|move|p1a: Heatran|Toxic|p2a: Sylveon
|-status|p2a: Sylveon|tox
|move|p2a: Sylveon|Shadow Ball|p1a: Heatran
|-damage|p1a: Heatran|240\/370
|
|-heal|p1a: Heatran|263\/370|[from] item: Leftovers
|-damage|p2a: Sylveon|321\/392 tox|[from] psn
|turn|53
|
|switch|p1a: Lopunny|Lopunny-Mega, F|271\/271
|move|p2a: Sylveon|Shadow Ball|p1a: Lopunny
|-immune|p1a: Lopunny|[msg]
|
|-damage|p2a: Sylveon|273\/392 tox|[from] psn
|turn|54
|
|move|p1a: Lopunny|Frustration|p2a: Sylveon
|-damage|p2a: Sylveon|0 fnt
|faint|p2a: Sylveon
|
|win|The Ess of Johan
|raw|Ladder updating...
|raw|The Ess of Johan's rating: 1460 &rarr; <strong>1483<\/strong><br \/>(+23 for winning)
|raw|lyh031995's rating: 1515 &rarr; <strong>1491<\/strong><br \/>(-24 for losing)
|leave|lyh031995
|player|p2