|join|The Ess of Johan
|join|asdfCookie
|player|p1|The Ess of Johan|1
|player|p2|asdfCookie|184
|gametype|singles
|gen|6
|tier|OU
|rated
|clearpoke
|poke|p1|Celebi
|poke|p1|Heatran, F
|poke|p1|Mandibuzz, F
|poke|p1|Gothitelle, M
|poke|p1|Scizor, M
|poke|p1|Lopunny, F
|poke|p2|Altaria, F
|poke|p2|Dugtrio, M
|poke|p2|Scizor, F
|poke|p2|Talonflame, M
|poke|p2|Latios, M
|poke|p2|Keldeo-Resolute
|rule|Swagger Clause: Swagger is banned
|rule|Baton Pass Clause: Limit one PokÃ©mon knowing Baton Pass
|rule|Sleep Clause Mod: Limit one foe put to sleep
|rule|Species Clause: Limit one of each PokÃ©mon
|rule|OHKO Clause: OHKO moves are banned
|rule|Moody Clause: Moody is banned
|rule|Evasion Moves Clause: Evasion moves are banned
|rule|Endless Battle Clause: Forcing endless battles is banned
|rule|HP Percentage Mod: HP is shown in percentages
|teampreview
|
|start
|switch|p1a: Scizor|Scizor, M|281\/281
|switch|p2a: Keldeo-Resolute|Keldeo-Resolute|323\/323
|turn|1
|
|switch|p1a: Celebi|Celebi|401\/401
|move|p2a: Keldeo-Resolute|Scald|p1a: Celebi
|-resisted|p1a: Celebi
|-damage|p1a: Celebi|353\/401
|
|-heal|p1a: Celebi|378\/401|[from] item: Leftovers
|turn|2
|
|switch|p2a: Scizor|Scizor, F|343\/343
|move|p1a: Celebi|U-turn|p2a: Scizor
|-resisted|p2a: Scizor
|-damage|p2a: Scizor|319\/343
|
|switch|p1a: Heatran|Heatran, F|385\/385
|
|turn|3
|
|switch|p1a: Mandibuzz|Mandibuzz, F|423\/423
|switch|p2a: Dugtrio|Dugtrio, M|201\/201
|
|turn|4
|
|switch|p2a: Altaria|Altaria, F|307\/307
|move|p1a: Mandibuzz|Foul Play|p2a: Altaria
|-damage|p2a: Altaria|175\/307
|
|turn|5
|
|switch|p1a: Heatran|Heatran, F|385\/385
|detailschange|p2a: Altaria|Altaria-Mega, F
|-mega|p2a: Altaria|Altaria|Altarianite
|move|p2a: Altaria|Substitute|p2a: Altaria
|-start|p2a: Altaria|Substitute
|-damage|p2a: Altaria|99\/307
|
|turn|6
|
|move|p2a: Altaria|Roost|p2a: Altaria
|-heal|p2a: Altaria|253\/307
|move|p1a: Heatran|Lava Plume|p2a: Altaria
|-resisted|p2a: Altaria
|-activate|p2a: Altaria|Substitute|[damage]
|
|turn|7
|
|switch|p2a: Dugtrio|Dugtrio, M|201\/201
|move|p1a: Heatran|Stealth Rock|p2a: Dugtrio
|-sidestart|p2: asdfCookie|move: Stealth Rock
|
|turn|8
|
|move|p2a: Dugtrio|Earthquake|p1a: Heatran
|-supereffective|p1a: Heatran
|-damage|p1a: Heatran|0 fnt
|faint|p1a: Heatran
|
|
|switch|p1a: Gothitelle|Gothitelle, M|301\/301
|turn|9
|
|move|p1a: Gothitelle|Trick|p2a: Dugtrio
|-activate|p1a: Gothitelle|move: Trick|[of] p2a: Dugtrio
|-item|p2a: Dugtrio|Choice Scarf|[from] move: Trick
|-item|p1a: Gothitelle|Focus Sash|[from] move: Trick
|move|p2a: Dugtrio|Earthquake|p1a: Gothitelle
|-damage|p1a: Gothitelle|174\/301
|
|turn|10
|
|move|p2a: Dugtrio|Earthquake|p1a: Gothitelle
|-damage|p1a: Gothitelle|44\/301
|move|p1a: Gothitelle|Psychic|p2a: Dugtrio
|-damage|p2a: Dugtrio|0 fnt
|faint|p2a: Dugtrio
|
|
|switch|p2a: Scizor|Scizor, F|319\/343
|-damage|p2a: Scizor|277\/343|[from] Stealth Rock
|turn|11
|
|switch|p1a: Mandibuzz|Mandibuzz, F|423\/423
|move|p2a: Scizor|U-turn|p1a: Mandibuzz
|-damage|p1a: Mandibuzz|272\/423
|
|switch|p2a: Altaria|Altaria-Mega, F|253\/307
|-damage|p2a: Altaria|215\/307|[from] Stealth Rock
|
|-heal|p1a: Mandibuzz|298\/423|[from] item: Leftovers
|turn|12
|
|switch|p1a: Scizor|Scizor, M|281\/281
|move|p2a: Altaria|Frustration|p1a: Scizor
|-resisted|p1a: Scizor
|-damage|p1a: Scizor|173\/281
|
|turn|13
|
|switch|p2a: Keldeo-Resolute|Keldeo-Resolute|323\/323
|-damage|p2a: Keldeo-Resolute|303\/323|[from] Stealth Rock
|move|p1a: Scizor|Bullet Punch|p2a: Keldeo-Resolute
|-resisted|p2a: Keldeo-Resolute
|-damage|p2a: Keldeo-Resolute|214\/323
|
|-heal|p2a: Keldeo-Resolute|234\/323|[from] item: Leftovers
|turn|14
|
|switch|p2a: Latios|Latios, M|301\/301
|-damage|p2a: Latios|264\/301|[from] Stealth Rock
|switch|p1a: Celebi|Celebi|378\/401
|
|-heal|p1a: Celebi|401\/401|[from] item: Leftovers
|turn|15
|
|move|p2a: Latios|Defog|p1a: Celebi
|-unboost|p1a: Celebi|evasion|1
|-sideend|p2: asdfCookie|Stealth Rock|[from] move: Defog|[of] p2a: Latios
|move|p1a: Celebi|U-turn|p2a: Latios
|-supereffective|p2a: Latios
|-damage|p2a: Latios|146\/301
|
|switch|p1a: Scizor|Scizor, M|173\/281
|
|turn|16
|
|switch|p2a: Keldeo-Resolute|Keldeo-Resolute|234\/323
|move|p1a: Scizor|Bullet Punch|p2a: Keldeo-Resolute
|-resisted|p2a: Keldeo-Resolute
|-damage|p2a: Keldeo-Resolute|130\/323
|
|-heal|p2a: Keldeo-Resolute|150\/323|[from] item: Leftovers
|turn|17
|
|switch|p2a: Scizor|Scizor, F|277\/343
|switch|p1a: Celebi|Celebi|401\/401
|
|turn|18
|
|move|p2a: Scizor|Pursuit|p1a: Celebi|[from]Pursuit
|-supereffective|p1a: Celebi
|-damage|p1a: Celebi|99\/401
|switch|p1a: Gothitelle|Gothitelle, M|44\/301
|
|turn|19
|
|move|p1a: Gothitelle|Psychic|p2a: Scizor
|-resisted|p2a: Scizor
|-damage|p2a: Scizor|200\/343
|move|p2a: Scizor|Pursuit|p1a: Gothitelle
|-supereffective|p1a: Gothitelle
|-damage|p1a: Gothitelle|0 fnt
|faint|p1a: Gothitelle
|
|
|switch|p1a: Lopunny|Lopunny, F|271\/271
|turn|20
|
|switch|p2a: Talonflame|Talonflame, M|297\/297
|detailschange|p1a: Lopunny|Lopunny-Mega, F
|-mega|p1a: Lopunny|Lopunny|Lopunnite
|move|p1a: Lopunny|Frustration|p2a: Talonflame
|-damage|p2a: Talonflame|45\/297
|
|turn|21
|
|move|p1a: Lopunny|Quick Attack|p2a: Talonflame
|-damage|p2a: Talonflame|0 fnt
|faint|p2a: Talonflame
|
|
|switch|p2a: Altaria|Altaria-Mega, F|215\/307
|turn|22
|
|switch|p1a: Scizor|Scizor, M|173\/281
|move|p2a: Altaria|Frustration|p1a: Scizor
|-resisted|p1a: Scizor
|-damage|p1a: Scizor|59\/281
|
|turn|23
|
|switch|p2a: Keldeo-Resolute|Keldeo-Resolute|150\/323
|move|p1a: Scizor|U-turn|p2a: Keldeo-Resolute
|-resisted|p2a: Keldeo-Resolute
|-damage|p2a: Keldeo-Resolute|45\/323
|
|switch|p1a: Lopunny|Lopunny-Mega, F|271\/271
|
|-heal|p2a: Keldeo-Resolute|65\/323|[from] item: Leftovers
|turn|24
|
|move|p1a: Lopunny|Frustration|p2a: Keldeo-Resolute
|-damage|p2a: Keldeo-Resolute|0 fnt
|faint|p2a: Keldeo-Resolute
|
|
|switch|p2a: Altaria|Altaria-Mega, F|215\/307
|turn|25
|
|move|p1a: Lopunny|Frustration|p2a: Altaria
|-damage|p2a: Altaria|53\/307
|move|p2a: Altaria|Frustration|p1a: Lopunny
|-supereffective|p1a: Lopunny
|-damage|p1a: Lopunny|0 fnt
|faint|p1a: Lopunny
|
|
|switch|p1a: Scizor|Scizor, M|59\/281
|turn|26
|
|switch|p2a: Latios|Latios, M|146\/301
|move|p1a: Scizor|Bullet Punch|p2a: Latios
|-damage|p2a: Latios|0 fnt
|faint|p2a: Latios
|
|
|switch|p2a: Scizor|Scizor, F|200\/343
|turn|27
|
|switch|p1a: Celebi|Celebi|99\/401
|move|p2a: Scizor|U-turn|p1a: Celebi
|-supereffective|p1a: Celebi
|-damage|p1a: Celebi|0 fnt
|faint|p1a: Celebi
|
|switch|p2a: Altaria|Altaria-Mega, F|53\/307
|
|
|switch|p1a: Scizor|Scizor, M|59\/281
|turn|28
|
|switch|p2a: Scizor|Scizor, F|200\/343
|move|p1a: Scizor|Bullet Punch|p2a: Scizor
|-resisted|p2a: Scizor
|-damage|p2a: Scizor|116\/343
|
|turn|29
|
|move|p1a: Scizor|Bullet Punch|p2a: Scizor
|-resisted|p2a: Scizor
|-damage|p2a: Scizor|25\/343
|move|p2a: Scizor|U-turn|p1a: Scizor
|-resisted|p1a: Scizor
|-damage|p1a: Scizor|0 fnt
|faint|p1a: Scizor
|
|switch|p2a: Altaria|Altaria-Mega, F|53\/307
|
|
|switch|p1a: Mandibuzz|Mandibuzz, F|298\/423
|turn|30
|
|move|p2a: Altaria|Frustration|p1a: Mandibuzz
|-supereffective|p1a: Mandibuzz
|-damage|p1a: Mandibuzz|0 fnt
|faint|p1a: Mandibuzz
|
|win|asdfCookie
|raw|Ladder updating...
|raw|The Ess of Johan's rating: 1479 &rarr; <strong>1459<\/strong><br \/>(-20 for losing)
|raw|asdfCookie's rating: 1482 &rarr; <strong>1502<\/strong><br \/>(+20 for winning)
|leave|The Ess of Johan
|player|p1