|join|rms777
|join|The Ess of Johan
|player|p1|rms777|99
|player|p2|The Ess of Johan|169
|gametype|singles
|gen|6
|tier|OU (suspect test)
|rated
|clearpoke
|poke|p1|Gallade, M
|poke|p1|Bisharp, M
|poke|p1|Sylveon, M
|poke|p1|Rotom-Wash
|poke|p1|Landorus-Therian, M
|poke|p1|Chansey, F
|poke|p2|Beedrill, F
|poke|p2|Starmie
|poke|p2|Weavile, F
|poke|p2|Talonflame, M
|poke|p2|Landorus-Therian, M
|poke|p2|Magnezone
|rule|Swagger Clause: Swagger is banned
|rule|Baton Pass Clause: Limit one PokÃ©mon knowing Baton Pass
|rule|Sleep Clause Mod: Limit one foe put to sleep
|rule|Species Clause: Limit one of each PokÃ©mon
|rule|OHKO Clause: OHKO moves are banned
|rule|Moody Clause: Moody is banned
|rule|Evasion Moves Clause: Evasion moves are banned
|rule|Endless Battle Clause: Forcing endless battles is banned
|rule|HP Percentage Mod: HP is shown in percentages
|teampreview
|
|start
|switch|p1a: Landorus-Therian|Landorus-Therian, M|340\/340
|switch|p2a: Weavile|Weavile, F|281\/281
|-ability|p2a: Weavile|Pressure
|-ability|p1a: Landorus-Therian|Intimidate|[of] p2a: Weavile
|-unboost|p2a: Weavile|atk|1
|turn|1
|
|switch|p1a: Rotom-Wash|Rotom-Wash|303\/303
|move|p2a: Weavile|Fake Out|p1a: Rotom-Wash
|-damage|p1a: Rotom-Wash|277\/303
|-damage|p2a: Weavile|253\/281|[from] item: Life Orb
|
|turn|2
|
|move|p2a: Weavile|Knock Off|p1a: Rotom-Wash
|-damage|p1a: Rotom-Wash|180\/303
|-enditem|p1a: Rotom-Wash|Chesto Berry|[from] move: Knock Off|[of] p2a: Weavile
|-damage|p2a: Weavile|225\/281|[from] item: Life Orb
|move|p1a: Rotom-Wash|Will-O-Wisp|p2a: Weavile
|-status|p2a: Weavile|brn
|
|-damage|p2a: Weavile|190\/281 brn|[from] brn
|turn|3
|
|move|p2a: Weavile|Knock Off|p1a: Rotom-Wash
|-damage|p1a: Rotom-Wash|148\/303
|-damage|p2a: Weavile|162\/281 brn|[from] item: Life Orb
|move|p1a: Rotom-Wash|Volt Switch|p2a: Weavile
|-damage|p2a: Weavile|65\/281 brn
|
|switch|p1a: Chansey|Chansey, F|642\/642
|
|-damage|p2a: Weavile|30\/281 brn|[from] brn
|turn|4
|
|move|p2a: Weavile|Knock Off|p1a: Chansey
|-damage|p1a: Chansey|548\/642
|-enditem|p1a: Chansey|Eviolite|[from] move: Knock Off|[of] p2a: Weavile
|-damage|p2a: Weavile|2\/281 brn|[from] item: Life Orb
|move|p1a: Chansey|Seismic Toss|p2a: Weavile
|-damage|p2a: Weavile|0 fnt
|faint|p2a: Weavile
|
|
|switch|p2a: Beedrill|Beedrill, F|271\/271
|turn|5
|
|switch|p1a: Landorus-Therian|Landorus-Therian, M|340\/340
|-ability|p1a: Landorus-Therian|Intimidate|[of] p2a: Beedrill
|-unboost|p2a: Beedrill|atk|1
|detailschange|p2a: Beedrill|Beedrill-Mega, F
|-mega|p2a: Beedrill|Beedrill|Beedrillite
|move|p2a: Beedrill|U-turn|p1a: Landorus-Therian
|-resisted|p1a: Landorus-Therian
|-damage|p1a: Landorus-Therian|281\/340
|
|switch|p2a: Landorus-Therian|Landorus-Therian, M|371\/371
|-ability|p2a: Landorus-Therian|Intimidate|[of] p1a: Landorus-Therian
|-unboost|p1a: Landorus-Therian|atk|1
|
|-heal|p1a: Landorus-Therian|302\/340|[from] item: Leftovers
|turn|6
|
|move|p1a: Landorus-Therian|Stealth Rock|p2a: Landorus-Therian
|-sidestart|p2: The Ess of Johan|move: Stealth Rock
|move|p2a: Landorus-Therian|Stealth Rock|p1a: Landorus-Therian
|-sidestart|p1: rms777|move: Stealth Rock
|
|-heal|p1a: Landorus-Therian|323\/340|[from] item: Leftovers
|turn|7
|
|move|p1a: Landorus-Therian|Knock Off|p2a: Landorus-Therian
|-damage|p2a: Landorus-Therian|316\/371
|-enditem|p2a: Landorus-Therian|Leftovers|[from] move: Knock Off|[of] p1a: Landorus-Therian
|move|p2a: Landorus-Therian|U-turn|p1a: Landorus-Therian
|-resisted|p1a: Landorus-Therian
|-damage|p1a: Landorus-Therian|285\/340
|
|switch|p2a: Starmie|Starmie|261\/261
|-damage|p2a: Starmie|229\/261|[from] Stealth Rock
|
|-heal|p1a: Landorus-Therian|306\/340|[from] item: Leftovers
|turn|8
|
|switch|p1a: Chansey|Chansey, F|548\/642
|-damage|p1a: Chansey|468\/642|[from] Stealth Rock
|move|p2a: Starmie|Scald|p1a: Chansey
|-damage|p1a: Chansey|351\/642
|-damage|p2a: Starmie|203\/261|[from] item: Life Orb
|
|turn|9
|
|move|p2a: Starmie|Rapid Spin|p1a: Chansey
|-crit|p1a: Chansey
|-damage|p1a: Chansey|312\/642
|-sideend|p2: The Ess of Johan|Stealth Rock|[from] move: Rapid Spin|[of] p2a: Starmie
|-damage|p2a: Starmie|177\/261|[from] item: Life Orb
|move|p1a: Chansey|Soft-Boiled|p1a: Chansey
|-heal|p1a: Chansey|633\/642
|
|turn|10
|
|move|p2a: Starmie|Psyshock|p1a: Chansey
|-damage|p1a: Chansey|329\/642
|-damage|p2a: Starmie|151\/261|[from] item: Life Orb
|move|p1a: Chansey|Thunder Wave|p2a: Starmie
|-status|p2a: Starmie|par
|
|turn|11
|
|move|p1a: Chansey|Soft-Boiled|p1a: Chansey
|-heal|p1a: Chansey|642\/642
|move|p2a: Starmie|Recover|p2a: Starmie
|-heal|p2a: Starmie|261\/261 par
|
|turn|12
|
|switch|p1a: Bisharp|Bisharp, M|272\/272
|-damage|p1a: Bisharp|255\/272|[from] Stealth Rock
|switch|p2a: Talonflame|Talonflame, M|297\/297
|
|turn|13
|
|switch|p1a: Landorus-Therian|Landorus-Therian, M|306\/340
|-damage|p1a: Landorus-Therian|264\/340|[from] Stealth Rock
|-ability|p1a: Landorus-Therian|Intimidate|[of] p2a: Talonflame
|-unboost|p2a: Talonflame|atk|1
|move|p2a: Talonflame|U-turn|p1a: Landorus-Therian
|-resisted|p1a: Landorus-Therian
|-damage|p1a: Landorus-Therian|229\/340
|
|switch|p2a: Starmie|Starmie|261\/261
|
|-heal|p1a: Landorus-Therian|250\/340|[from] item: Leftovers
|turn|14
|
|switch|p1a: Rotom-Wash|Rotom-Wash|148\/303
|-damage|p1a: Rotom-Wash|111\/303|[from] Stealth Rock
|move|p2a: Starmie|Psyshock|p1a: Rotom-Wash
|-damage|p1a: Rotom-Wash|0 fnt
|-damage|p2a: Starmie|235\/261|[from] item: Life Orb
|faint|p1a: Rotom-Wash
|
|
|switch|p1a: Sylveon|Sylveon, M|392\/392
|-damage|p1a: Sylveon|343\/392|[from] Stealth Rock
|turn|15
|
|switch|p2a: Magnezone|Magnezone|333\/333
|move|p1a: Sylveon|Hidden Power|p2a: Magnezone
|-crit|p2a: Magnezone
|-supereffective|p2a: Magnezone
|-damage|p2a: Magnezone|0 fnt
|faint|p2a: Magnezone
|
|
|switch|p2a: Beedrill|Beedrill-Mega, F|271\/271
|turn|16
|
|switch|p1a: Landorus-Therian|Landorus-Therian, M|250\/340
|-damage|p1a: Landorus-Therian|208\/340|[from] Stealth Rock
|-ability|p1a: Landorus-Therian|Intimidate|[of] p2a: Beedrill
|-unboost|p2a: Beedrill|atk|1
|move|p2a: Beedrill|U-turn|p1a: Landorus-Therian
|-crit|p1a: Landorus-Therian
|-resisted|p1a: Landorus-Therian
|-damage|p1a: Landorus-Therian|60\/340
|
|switch|p2a: Talonflame|Talonflame, M|297\/297
|
|-heal|p1a: Landorus-Therian|81\/340|[from] item: Leftovers
|turn|17
|
|move|p2a: Talonflame|Brave Bird|p1a: Landorus-Therian
|-damage|p1a: Landorus-Therian|0 fnt
|-damage|p2a: Talonflame|270\/297|[from] recoil|[of] p1a: Landorus-Therian
|faint|p1a: Landorus-Therian
|
|
|switch|p1a: Bisharp|Bisharp, M|255\/272
|-damage|p1a: Bisharp|238\/272|[from] Stealth Rock
|turn|18
|
|switch|p2a: Starmie|Starmie|235\/261
|move|p1a: Bisharp|Swords Dance|p1a: Bisharp
|-boost|p1a: Bisharp|atk|2
|
|turn|19
|
|move|p1a: Bisharp|Sucker Punch|p2a: Starmie
|-crit|p2a: Starmie
|-supereffective|p2a: Starmie
|-damage|p2a: Starmie|0 fnt
|-damage|p1a: Bisharp|211\/272|[from] item: Life Orb
|faint|p2a: Starmie
|
|
|switch|p2a: Beedrill|Beedrill-Mega, F|271\/271
|turn|20
|
|move|p1a: Bisharp|Sucker Punch|p2a: Beedrill
|-damage|p2a: Beedrill|0 fnt
|-damage|p1a: Bisharp|184\/272|[from] item: Life Orb
|faint|p2a: Beedrill
|
|
|switch|p2a: Talonflame|Talonflame, M|270\/297
|turn|21
|
|move|p2a: Talonflame|Brave Bird|p1a: Bisharp
|-resisted|p1a: Bisharp
|-damage|p1a: Bisharp|65\/272
|-damage|p2a: Talonflame|231\/297|[from] recoil|[of] p1a: Bisharp
|move|p1a: Bisharp|Knock Off|p2a: Talonflame
|-damage|p2a: Talonflame|0 fnt
|-enditem|p2a: Talonflame|Choice Band|[from] move: Knock Off|[of] p1a: Bisharp
|-damage|p1a: Bisharp|38\/272|[from] item: Life Orb
|faint|p2a: Talonflame
|
|
|switch|p2a: Landorus-Therian|Landorus-Therian, M|316\/371
|-ability|p2a: Landorus-Therian|Intimidate|[of] p1a: Bisharp
|-unboost|p1a: Bisharp|atk|1
|-boost|p1a: Bisharp|atk|2|[from] ability: Defiant
|turn|22
|
|move|p1a: Bisharp|Sucker Punch|p2a: Landorus-Therian
|-damage|p2a: Landorus-Therian|0 fnt
|-damage|p1a: Bisharp|11\/272|[from] item: Life Orb
|faint|p2a: Landorus-Therian
|
|win|rms777
|raw|Ladder updating...
|raw|rms777's rating: 1348 &rarr; <strong>1360<\/strong><br \/>(+12 for winning)
|raw|The Ess of Johan's rating: 1208 &rarr; <strong>1192<\/strong><br \/>(-16 for losing)
|leave|The Ess of Johan
|player|p2