|join|Sean de Lure
|join|bjork
|player|p1|Sean de Lure|99
|player|p2|bjork|102
|gametype|singles
|gen|6
|tier|OU
|rated
|clearpoke
|poke|p1|Gallade, M
|poke|p1|Ferrothorn, F
|poke|p1|Latias, F
|poke|p1|Zapdos
|poke|p1|Greninja, M
|poke|p1|Talonflame, M
|poke|p2|Charizard, F
|poke|p2|Latios, M
|poke|p2|Talonflame, M
|poke|p2|Skarmory, M
|poke|p2|Gengar, M
|poke|p2|Kyurem-Black
|rule|Swagger Clause: Swagger is banned
|rule|Baton Pass Clause: Limit one PokÃ©mon knowing Baton Pass
|rule|Sleep Clause Mod: Limit one foe put to sleep
|rule|Species Clause: Limit one of each PokÃ©mon
|rule|OHKO Clause: OHKO moves are banned
|rule|Moody Clause: Moody is banned
|rule|Evasion Moves Clause: Evasion moves are banned
|rule|Endless Battle Clause: Forcing endless battles is banned
|rule|HP Percentage Mod: HP is shown in percentages
|teampreview
|
|start
|switch|p1a: Zapdos|Zapdos|383\/383
|switch|p2a: Do It Well|Skarmory, M|272\/272
|-ability|p1a: Zapdos|Pressure
|turn|1
|
|move|p2a: Do It Well|Stealth Rock|p1a: Zapdos
|-sidestart|p1: Sean de Lure|move: Stealth Rock
|move|p1a: Zapdos|Heat Wave|p2a: Do It Well
|-miss|p1a: Zapdos|p2a: Do It Well
|
|turn|2
|c|âSean de Lure|cri
|
|move|p2a: Do It Well|Taunt|p1a: Zapdos
|-start|p1a: Zapdos|move: Taunt
|move|p1a: Zapdos|Heat Wave|p2a: Do It Well
|-supereffective|p2a: Do It Well
|-damage|p2a: Do It Well|38\/272
|-enditem|p2a: Do It Well|Salac Berry|[eat]
|-boost|p2a: Do It Well|spe|1|[from] item: Salac Berry
|
|turn|3
|
|move|p2a: Do It Well|Spikes|p1a: Zapdos
|-sidestart|p1: Sean de Lure|Spikes
|move|p1a: Zapdos|Heat Wave|p2a: Do It Well
|-miss|p1a: Zapdos|p2a: Do It Well
|
|turn|4
|
|move|p2a: Do It Well|Spikes|p1a: Zapdos
|-sidestart|p1: Sean de Lure|Spikes
|move|p1a: Zapdos|Heat Wave|p2a: Do It Well
|-supereffective|p2a: Do It Well
|-damage|p2a: Do It Well|0 fnt
|faint|p2a: Do It Well
|
|-end|p1a: Zapdos|move: Taunt
|
|switch|p2a: My CHain Hits My C|Gengar, M|324\/324
|turn|5
|
|move|p2a: My CHain Hits My C|Taunt|p1a: Zapdos
|-start|p1a: Zapdos|move: Taunt
|cant|p1a: Zapdos|move: Taunt|Defog
|
|turn|6
|
|move|p2a: My CHain Hits My C|Shadow Ball|p1a: Zapdos
|-damage|p1a: Zapdos|244\/383
|move|p1a: Zapdos|Heat Wave|p2a: My CHain Hits My C
|-damage|p2a: My CHain Hits My C|215\/324
|
|-heal|p1a: Zapdos|267\/383|[from] item: Leftovers
|turn|7
|
|move|p2a: My CHain Hits My C|Shadow Ball|p1a: Zapdos
|-damage|p1a: Zapdos|138\/383
|move|p1a: Zapdos|Volt Switch|p2a: My CHain Hits My C
|-damage|p2a: My CHain Hits My C|95\/324
|c|âbjork|does it look like i let bitchces defog
|c|âSean de Lure|well my luck loves shitting on me
|c|âSean de Lure|i never expected to defog anyway
|
|switch|p1a: Greninja|Greninja, M|285\/285
|-damage|p1a: Greninja|238\/285|[from] Spikes
|-damage|p1a: Greninja|203\/285|[from] Stealth Rock
|
|turn|8
|
|switch|p2a: When Im Banging on|Kyurem-Black|391\/391
|-ability|p2a: When Im Banging on|Teravolt
|move|p1a: Greninja|Dark Pulse|p2a: When Im Banging on
|-start|p1a: Greninja|typechange|Dark|[from] Protean
|-damage|p2a: When Im Banging on|270\/391
|-damage|p1a: Greninja|175\/285|[from] item: Life Orb
|
|turn|9
|
|switch|p1a: Ferrothorn|Ferrothorn, F|352\/352
|-damage|p1a: Ferrothorn|294\/352|[from] Spikes
|-damage|p1a: Ferrothorn|272\/352|[from] Stealth Rock
|move|p2a: When Im Banging on|Dragon Claw|p1a: Ferrothorn
|-resisted|p1a: Ferrothorn
|-damage|p1a: Ferrothorn|214\/352
|-damage|p2a: When Im Banging on|222\/391|[from] ability: Iron Barbs|[of] p1a: Ferrothorn
|
|-heal|p1a: Ferrothorn|236\/352|[from] item: Leftovers
|turn|10
|
|move|p2a: When Im Banging on|Hidden Power|p1a: Ferrothorn
|-supereffective|p1a: Ferrothorn
|-damage|p1a: Ferrothorn|64\/352
|move|p1a: Ferrothorn|Stealth Rock|p2a: When Im Banging on
|-sidestart|p2: bjork|move: Stealth Rock
|
|-heal|p1a: Ferrothorn|86\/352|[from] item: Leftovers
|turn|11
|c|âSean de Lure|defog for me
|c|âbjork|i doubt it
|c|âSean de Lure|you have a zard and talonflame
|
|move|p1a: Ferrothorn|Protect|p1a: Ferrothorn
|-singleturn|p1a: Ferrothorn|Protect
|move|p2a: When Im Banging on|Hidden Power|p1a: Ferrothorn
|-activate|p1a: Ferrothorn|Protect
|
|-heal|p1a: Ferrothorn|108\/352|[from] item: Leftovers
|turn|12
|
|switch|p1a: Talonflame|Talonflame, M|298\/298
|-damage|p1a: Talonflame|149\/298|[from] Stealth Rock
|move|p2a: When Im Banging on|Hidden Power|p1a: Talonflame
|-resisted|p1a: Talonflame
|-damage|p1a: Talonflame|104\/298
|
|turn|13
|
|move|p1a: Talonflame|Brave Bird|p2a: When Im Banging on
|-damage|p2a: When Im Banging on|0 fnt
|-damage|p1a: Talonflame|31\/298|[from] recoil|[of] p2a: When Im Banging on
|faint|p2a: When Im Banging on
|
|
|switch|p2a: Die Young|Latios, M|301\/301
|-damage|p2a: Die Young|264\/301|[from] Stealth Rock
|turn|14
|
|move|p1a: Talonflame|Brave Bird|p2a: Die Young
|-damage|p2a: Die Young|0 fnt
|-damage|p1a: Talonflame|0 fnt|[from] recoil|[of] p2a: Die Young
|faint|p2a: Die Young
|faint|p1a: Talonflame
|
|
|switch|p2a: My CHain Hits My C|Gengar, M|95\/324
|switch|p1a: Zapdos|Zapdos|138\/383
|-damage|p2a: My CHain Hits My C|55\/324|[from] Stealth Rock
|-damage|p1a: Zapdos|43\/383|[from] Stealth Rock
|-ability|p1a: Zapdos|Pressure
|turn|15
|
|move|p2a: My CHain Hits My C|Shadow Ball|p1a: Zapdos
|-crit|p1a: Zapdos
|-damage|p1a: Zapdos|0 fnt
|faint|p1a: Zapdos
|
|
|switch|p1a: Greninja|Greninja, M|175\/285
|-damage|p1a: Greninja|140\/285|[from] Stealth Rock
|-damage|p1a: Greninja|93\/285|[from] Spikes
|turn|16
|
|move|p1a: Greninja|Dark Pulse|p2a: My CHain Hits My C
|-start|p1a: Greninja|typechange|Dark|[from] Protean
|-supereffective|p2a: My CHain Hits My C
|-damage|p2a: My CHain Hits My C|0 fnt
|-damage|p1a: Greninja|65\/285|[from] item: Life Orb
|faint|p2a: My CHain Hits My C
|
|
|switch|p2a: Bad Girl|Talonflame, M|298\/298
|-damage|p2a: Bad Girl|149\/298|[from] Stealth Rock
|turn|17
|
|move|p2a: Bad Girl|Brave Bird|p1a: Greninja
|-damage|p1a: Greninja|0 fnt
|-damage|p2a: Bad Girl|128\/298|[from] recoil|[of] p1a: Greninja
|faint|p1a: Greninja
|
|
|switch|p1a: Ferrothorn|Ferrothorn, F|108\/352
|-damage|p1a: Ferrothorn|86\/352|[from] Stealth Rock
|-damage|p1a: Ferrothorn|28\/352|[from] Spikes
|turn|18
|
|move|p2a: Bad Girl|Brave Bird|p1a: Ferrothorn
|-damage|p1a: Ferrothorn|0 fnt
|-damage|p2a: Bad Girl|91\/298|[from] ability: Iron Barbs|[of] p1a: Ferrothorn
|-damage|p2a: Bad Girl|82\/298|[from] recoil|[of] p1a: Ferrothorn
|faint|p1a: Ferrothorn
|
|
|switch|p1a: Gallade|Gallade, M|277\/277
|-damage|p1a: Gallade|260\/277|[from] Stealth Rock
|-damage|p1a: Gallade|214\/277|[from] Spikes
|turn|19
|
|detailschange|p1a: Gallade|Gallade-Mega, M
|message|Gallade has Mega Evolved into Mega Gallade!
|move|p2a: Bad Girl|Brave Bird|p1a: Gallade
|-supereffective|p1a: Gallade
|-damage|p1a: Gallade|0 fnt
|-damage|p2a: Bad Girl|11\/298|[from] recoil|[of] p1a: Gallade
|faint|p1a: Gallade
|
|
|switch|p1a: Latias|Latias, F|302\/302
|-damage|p1a: Latias|265\/302|[from] Stealth Rock
|turn|20
|
|move|p2a: Bad Girl|Brave Bird|p1a: Latias
|-damage|p1a: Latias|10\/302
|-damage|p2a: Bad Girl|0 fnt|[from] recoil|[of] p1a: Latias
|faint|p2a: Bad Girl
|move|p1a: Latias|Psychic|p2: Bad Girl|[notarget]
|-notarget
|
|
|switch|p2a: Live Fast|Charizard, F|298\/298
|-damage|p2a: Live Fast|149\/298|[from] Stealth Rock
|turn|21
|
|detailschange|p2a: Live Fast|Charizard-Mega-X, F
|message|Charizard has Mega Evolved into Mega Charizard!
|move|p1a: Latias|Draco Meteor|p2a: Live Fast|[miss]
|-miss|p1a: Latias|p2a: Live Fast
|move|p2a: Live Fast|Dragon Claw|p1a: Latias
|-supereffective|p1a: Latias
|-damage|p1a: Latias|0 fnt
|faint|p1a: Latias
|
|win|bjork
|raw|Ladder updating...
|leave|bjork
|player|p2
|raw|Sean de Lure's rating: 1274 &rarr; <strong>1246<\/strong><br \/>(-28 for losing)
|raw|bjork's rating: 1232 &rarr; <strong>1260<\/strong><br \/>(+28 for winning)