|join|Bjork
|join|i4Boring
|player|p1|Bjork|1
|player|p2|i4Boring|99
|gametype|singles
|tier|OU (current)
|rated
|rule|Evasion Abilities Clause: Evasion abilities are banned
|clearpoke
|poke|p1|Garchomp, F
|poke|p1|Alakazam, F
|poke|p1|Skarmory, M
|poke|p1|Salamence, F
|poke|p1|Scizor, F
|poke|p1|Kingdra, M
|poke|p2|Tyranitar, M
|poke|p2|Latios, M
|poke|p2|Jellicent, M
|poke|p2|Skarmory, M
|poke|p2|Roserade, F
|poke|p2|Hippowdon, F
|rule|Sleep Clause Mod: Limit one foe put to sleep
|rule|Species Clause: Limit one of each Pokemon
|rule|OHKO Clause: OHKO moves are banned
|rule|Moody Clause: Moody is banned
|rule|Evasion Moves Clause: Evasion moves are banned
|rule|HP Percentage Mod: HP is reported as percentages
|teampreview
|callback|decision
|join|Phir5
|
|start
|switch|p1a: Skarmory|Skarmory, M|271\/271
|switch|p2a: Latios|Latios, M|302\/302
|turn|1
|callback|decision
|
|move|p2a: Latios|Hidden Power|p1a: Skarmory
|-supereffective|p1a: Skarmory
|-damage|p1a: Skarmory|63\/271
|move|p1a: Skarmory|Stealth Rock|p2a: Latios
|-sidestart|p2: i4Boring|move: Stealth Rock
|
|turn|2
|callback|decision
|-enditem|p1a: Skarmory|Custap Berry|[eat]
|-activate|p1a: Skarmory|Custap Berry
|
|move|p1a: Skarmory|Spikes|p2a: Latios
|-sidestart|p2: i4Boring|Spikes
|move|p2a: Latios|Hidden Power|p1a: Skarmory
|-supereffective|p1a: Skarmory
|-damage|p1a: Skarmory|0 fnt
|faint|p1a: Skarmory
|
|callback|decision
|
|switch|p1a: Garchomp|Garchomp, F|358\/358
|turn|3
|callback|decision
|
|move|p1a: Garchomp|Dragon Claw|p2a: Latios
|-supereffective|p2a: Latios
|-damage|p2a: Latios|0 fnt
|faint|p2a: Latios
|
|callback|decision
|
|switch|p2a: Hippowdon|Hippowdon, F|419\/419
|-damage|p2a: Hippowdon|393\/419|[from] Stealth Rock
|-damage|p2a: Hippowdon|341\/419|[from] Spikes
|-weather|Sandstorm|[from] ability: Sand Stream|[of] p2a: Hippowdon
|turn|4
|callback|decision
|
|switch|p1a: Kingdra|Kingdra, M|291\/291
|move|p2a: Hippowdon|Stealth Rock|p1a: Kingdra
|-sidestart|p1: Bjork|move: Stealth Rock
|
|-weather|Sandstorm|[upkeep]
|-damage|p1a: Kingdra|273\/291|[from] sandstorm
|-heal|p2a: Hippowdon|367\/419|[from] item: Leftovers
|turn|5
|callback|decision
|
|move|p1a: Kingdra|Rain Dance|p1a: Kingdra
|-weather|RainDance
|move|p2a: Hippowdon|Whirlwind|p1a: Kingdra
|drag|p1a: Alakazam|Alakazam, F|252\/252
|
|-weather|RainDance|[upkeep]
|-heal|p2a: Hippowdon|393\/419|[from] item: Leftovers
|turn|6
|callback|decision
|
|move|p1a: Alakazam|Psychic|p2a: Hippowdon
|-damage|p2a: Hippowdon|240\/419
|move|p2a: Hippowdon|Earthquake|p1a: Alakazam
|-damage|p1a: Alakazam|11\/252
|
|-weather|RainDance|[upkeep]
|-heal|p2a: Hippowdon|266\/419|[from] item: Leftovers
|turn|7
|callback|decision
|
|switch|p1a: Kingdra|Kingdra, M|273\/291
|-damage|p1a: Kingdra|237\/291|[from] Stealth Rock
|move|p2a: Hippowdon|Earthquake|p1a: Kingdra
|-damage|p1a: Kingdra|111\/291
|
|-weather|RainDance|[upkeep]
|-heal|p2a: Hippowdon|292\/419|[from] item: Leftovers
|turn|8
|callback|decision
|
|switch|p2a: Tyranitar|Tyranitar, M|342\/342
|-damage|p2a: Tyranitar|300\/342|[from] Spikes
|-damage|p2a: Tyranitar|258\/342|[from] Stealth Rock
|-weather|Sandstorm|[from] ability: Sand Stream|[of] p2a: Tyranitar
|move|p1a: Kingdra|Draco Meteor|p2a: Tyranitar
|-damage|p2a: Tyranitar|73\/342
|-unboost|p1a: Kingdra|spa|2
|-damage|p1a: Kingdra|82\/291|[from] item: Life Orb
|
|-weather|Sandstorm|[upkeep]
|-damage|p1a: Kingdra|64\/291|[from] sandstorm
|turn|9
|callback|decision
|
|move|p2a: Tyranitar|Pursuit|p1a: Kingdra
|-damage|p1a: Kingdra|0 fnt
|faint|p1a: Kingdra
|
|-weather|Sandstorm|[upkeep]
|callback|decision
|
|switch|p1a: Salamence|Salamence, F|331\/331
|-damage|p1a: Salamence|249\/331|[from] Stealth Rock
|turn|10
|callback|decision
|
|move|p2a: Tyranitar|Pursuit|p1a: Salamence
|-damage|p1a: Salamence|167\/331
|move|p1a: Salamence|Earthquake|p2a: Tyranitar
|-crit|p2a: Tyranitar
|-supereffective|p2a: Tyranitar
|-damage|p2a: Tyranitar|0 fnt
|faint|p2a: Tyranitar
|-boost|p1a: Salamence|atk|1|[from] ability: Moxie
|
|-weather|Sandstorm|[upkeep]
|-damage|p1a: Salamence|147\/331|[from] sandstorm
|callback|decision
|
|switch|p2a: Jellicent|Jellicent, M|403\/403
|-damage|p2a: Jellicent|353\/403|[from] Spikes
|-damage|p2a: Jellicent|303\/403|[from] Stealth Rock
|turn|11
|callback|decision
|
|switch|p2a: Skarmory|Skarmory, M|334\/334
|-damage|p2a: Skarmory|293\/334|[from] Stealth Rock
|move|p1a: Salamence|Outrage|p2a: Skarmory
|-resisted|p2a: Skarmory
|-damage|p2a: Skarmory|200\/334
|-damage|p1a: Salamence|92\/331|[from] item: Rocky Helmet|[of] p2a: Skarmory
|
|-weather|Sandstorm|[upkeep]
|-damage|p1a: Salamence|72\/331|[from] sandstorm
|turn|12
|callback|decision
|
|move|p1a: Salamence|Outrage|p2a: Skarmory
|-resisted|p2a: Skarmory
|-damage|p2a: Skarmory|110\/334
|-damage|p1a: Salamence|17\/331|[from] item: Rocky Helmet|[of] p2a: Skarmory
|move|p2a: Skarmory|Roost|p2a: Skarmory
|-heal|p2a: Skarmory|277\/334
|
|-weather|Sandstorm|[upkeep]
|-damage|p1a: Salamence|0 fnt|[from] sandstorm
|faint|p1a: Salamence
|callback|decision
|
|switch|p1a: Alakazam|Alakazam, F|11\/252
|turn|13
|callback|decision
|
|switch|p2a: Hippowdon|Hippowdon, F|292\/419
|-damage|p2a: Hippowdon|266\/419|[from] Stealth Rock
|-damage|p2a: Hippowdon|214\/419|[from] Spikes
|move|p1a: Alakazam|Hidden Power|p2a: Hippowdon
|-damage|p2a: Hippowdon|132\/419
|
|-weather|Sandstorm|[upkeep]
|-heal|p2a: Hippowdon|158\/419|[from] item: Leftovers
|turn|14
|callback|decision
|
|move|p1a: Alakazam|Psychic|p2a: Hippowdon
|-damage|p2a: Hippowdon|16\/419
|move|p2a: Hippowdon|Earthquake|p1a: Alakazam
|-damage|p1a: Alakazam|0 fnt
|faint|p1a: Alakazam
|
|-weather|Sandstorm|[upkeep]
|-heal|p2a: Hippowdon|42\/419|[from] item: Leftovers
|callback|decision
|
|switch|p1a: Scizor|Scizor, F|343\/343
|-damage|p1a: Scizor|301\/343|[from] Stealth Rock
|turn|15
|callback|decision
|
|move|p1a: Scizor|U-turn|p2a: Hippowdon
|-damage|p2a: Hippowdon|0 fnt
|faint|p2a: Hippowdon
|callback|decision
|
|switch|p1a: Garchomp|Garchomp, F|358\/358
|-damage|p1a: Garchomp|336\/358|[from] Stealth Rock
|
|-weather|Sandstorm|[upkeep]
|callback|decision
|
|switch|p2a: Skarmory|Skarmory, M|277\/334
|-damage|p2a: Skarmory|236\/334|[from] Stealth Rock
|turn|16
|callback|decision
|
|switch|p2a: Jellicent|Jellicent, M|303\/403
|-damage|p2a: Jellicent|253\/403|[from] Spikes
|-damage|p2a: Jellicent|203\/403|[from] Stealth Rock
|move|p1a: Garchomp|Stone Edge|p2a: Jellicent|[miss]
|-miss|p1a: Garchomp|p2a: Jellicent
|
|-weather|Sandstorm|[upkeep]
|-damage|p2a: Jellicent|178\/403|[from] sandstorm
|-heal|p2a: Jellicent|203\/403|[from] item: Leftovers
|turn|17
|callback|decision
|
|move|p1a: Garchomp|Stone Edge|p2a: Jellicent
|-crit|p2a: Jellicent
|-damage|p2a: Jellicent|0 fnt
|faint|p2a: Jellicent
|
|-weather|Sandstorm|[upkeep]
|callback|decision
|
|switch|p2a: Skarmory|Skarmory, M|236\/334
|-damage|p2a: Skarmory|195\/334|[from] Stealth Rock
|turn|18
|callback|decision
|
|move|p1a: Garchomp|Stone Edge|p2a: Skarmory|[miss]
|-miss|p1a: Garchomp|p2a: Skarmory
|move|p2a: Skarmory|Roost|p2a: Skarmory
|-heal|p2a: Skarmory|334\/334
|
|-weather|Sandstorm|[upkeep]
|turn|19
|callback|decision
|
|switch|p1a: Scizor|Scizor, F|301\/343
|-damage|p1a: Scizor|259\/343|[from] Stealth Rock
|move|p2a: Skarmory|Spikes|p1a: Scizor
|-sidestart|p1: Bjork|Spikes
|
|-weather|Sandstorm|[upkeep]
|turn|20
|callback|decision
|
|move|p1a: Scizor|Superpower|p2a: Skarmory
|-damage|p2a: Skarmory|205\/334
|-damage|p1a: Scizor|202\/343|[from] item: Rocky Helmet|[of] p2a: Skarmory
|-unboost|p1a: Scizor|atk|1
|-unboost|p1a: Scizor|def|1
|move|p2a: Skarmory|Whirlwind|p1a: Scizor
|drag|p1a: Garchomp|Garchomp, F|336\/358
|-damage|p1a: Garchomp|292\/358|[from] Spikes
|-damage|p1a: Garchomp|270\/358|[from] Stealth Rock
|
|-weather|Sandstorm|[upkeep]
|turn|21
|callback|decision
|
|switch|p1a: Scizor|Scizor, F|202\/343
|-damage|p1a: Scizor|160\/343|[from] Spikes
|-damage|p1a: Scizor|118\/343|[from] Stealth Rock
|move|p2a: Skarmory|Roost|p2a: Skarmory
|-heal|p2a: Skarmory|334\/334
|
|-weather|Sandstorm|[upkeep]
|turn|22
|callback|decision
|
|move|p2a: Skarmory|Spikes|p1a: Scizor
|-sidestart|p1: Bjork|Spikes
|move|p1a: Scizor|Superpower|p2a: Skarmory
|-damage|p2a: Skarmory|207\/334
|-damage|p1a: Scizor|61\/343|[from] item: Rocky Helmet|[of] p2a: Skarmory
|-unboost|p1a: Scizor|atk|1
|-unboost|p1a: Scizor|def|1
|
|-weather|Sandstorm|[upkeep]
|turn|23
|callback|decision
|
|move|p2a: Skarmory|Roost|p2a: Skarmory
|-heal|p2a: Skarmory|334\/334
|move|p1a: Scizor|Superpower|p2a: Skarmory
|-supereffective|p2a: Skarmory
|-damage|p2a: Skarmory|166\/334
|-damage|p1a: Scizor|4\/343|[from] item: Rocky Helmet|[of] p2a: Skarmory
|-unboost|p1a: Scizor|atk|1
|-unboost|p1a: Scizor|def|1
|
|-weather|Sandstorm|[upkeep]
|turn|24
|callback|decision
|
|move|p2a: Skarmory|Roost|p2a: Skarmory
|-heal|p2a: Skarmory|333\/334
|move|p1a: Scizor|Superpower|p2a: Skarmory
|-supereffective|p2a: Skarmory
|-damage|p2a: Skarmory|193\/334
|-damage|p1a: Scizor|0 fnt|[from] item: Rocky Helmet|[of] p2a: Skarmory
|faint|p1a: Scizor
|
|-weather|Sandstorm|[upkeep]
|callback|decision
|-message|Bjork forfeited.
|
|win|i4Boring
|raw|Ladder updating...
|raw|Bjork's rating: 2777 &rarr; <strong>2753<\/strong><br \/>(-24 for losing)
|raw|i4Boring's rating: 2400 &rarr; <strong>2478<\/strong><br \/>(+78 for winning)
|leave|Bjork
|player|p1