|join|Bjork
|join|PO over Showdown
|player|p1|Bjork|1
|player|p2|PO over Showdown|43
|gametype|singles
|tier|OU (current)
|rated
|rule|Evasion Abilities Clause: Evasion abilities are banned
|clearpoke
|poke|p1|Garchomp, F
|poke|p1|Alakazam, M
|poke|p1|Skarmory, M
|poke|p1|Salamence, M
|poke|p1|Scizor, M
|poke|p1|Kingdra, M
|poke|p2|Politoed, F
|poke|p2|Ferrothorn, M
|poke|p2|Terrakion
|poke|p2|Tornadus, M
|poke|p2|Starmie
|poke|p2|Landorus-Therian, M
|rule|Sleep Clause Mod: Limit one foe put to sleep
|rule|Species Clause: Limit one of each Pokemon
|rule|OHKO Clause: OHKO moves are banned
|rule|Moody Clause: Moody is banned
|rule|Evasion Moves Clause: Evasion moves are banned
|rule|HP Percentage Mod: HP is reported as percentages
|teampreview
|callback|decision
|
|start
|switch|p1a: Skarmory|Skarmory, M|271\/271
|switch|p2a: Politoed|Politoed, F|322\/322
|-weather|RainDance|[from] ability: Drizzle|[of] p2a: Politoed
|turn|1
|callback|decision
|
|move|p2a: Politoed|Hydro Pump|p1a: Skarmory
|-activate|p1a: Skarmory|Sturdy
|-damage|p1a: Skarmory|1\/271
|move|p1a: Skarmory|Stealth Rock|p2a: Politoed
|-sidestart|p2: PO over Showdown|move: Stealth Rock
|
|-weather|RainDance|[upkeep]
|turn|2
|callback|decision
|-enditem|p1a: Skarmory|Custap Berry|[eat]
|-activate|p1a: Skarmory|Custap Berry
|
|switch|p2a: Starmie|Starmie|262\/262
|-damage|p2a: Starmie|230\/262|[from] Stealth Rock
|move|p1a: Skarmory|Brave Bird|p2a: Starmie
|-damage|p2a: Starmie|61\/262
|-damage|p1a: Skarmory|0 fnt|[from] recoil|[of] p2a: Starmie
|faint|p1a: Skarmory
|
|-weather|RainDance|[upkeep]
|-heal|p2a: Starmie|77\/262|[from] item: Leftovers
|callback|decision
|
|switch|p1a: Kingdra|Kingdra, M|291\/291
|turn|3
|callback|decision
|
|switch|p2a: Ferrothorn|Ferrothorn, M|352\/352
|-damage|p2a: Ferrothorn|330\/352|[from] Stealth Rock
|move|p1a: Kingdra|Signal Beam|p2a: Ferrothorn
|-damage|p2a: Ferrothorn|268\/352
|-damage|p1a: Kingdra|262\/291|[from] item: Life Orb
|
|-weather|RainDance|[upkeep]
|-heal|p2a: Ferrothorn|290\/352|[from] item: Leftovers
|turn|4
|callback|decision
|
|switch|p1a: Scizor|Scizor, M|343\/343
|move|p2a: Ferrothorn|Leech Seed|p1a: Scizor|[miss]
|-miss|p2a: Ferrothorn|p1a: Scizor
|
|-weather|RainDance|[upkeep]
|-heal|p2a: Ferrothorn|312\/352|[from] item: Leftovers
|turn|5
|callback|decision
|
|switch|p2a: Politoed|Politoed, F|322\/322
|-damage|p2a: Politoed|282\/322|[from] Stealth Rock
|move|p1a: Scizor|U-turn|p2a: Politoed
|-damage|p2a: Politoed|41\/322
|callback|decision
|
|switch|p1a: Kingdra|Kingdra, M|262\/291
|
|-weather|RainDance|[upkeep]
|turn|6
|callback|decision
|
|switch|p2a: Ferrothorn|Ferrothorn, M|312\/352
|-damage|p2a: Ferrothorn|290\/352|[from] Stealth Rock
|move|p1a: Kingdra|Signal Beam|p2a: Ferrothorn
|-damage|p2a: Ferrothorn|228\/352
|-damage|p1a: Kingdra|233\/291|[from] item: Life Orb
|
|-weather|RainDance|[upkeep]
|-heal|p2a: Ferrothorn|250\/352|[from] item: Leftovers
|turn|7
|callback|decision
|
|switch|p1a: Scizor|Scizor, M|343\/343
|move|p2a: Ferrothorn|Leech Seed|p1a: Scizor
|-start|p1a: Scizor|move: Leech Seed
|
|-weather|RainDance|[upkeep]
|-heal|p2a: Ferrothorn|272\/352|[from] item: Leftovers
|-damage|p1a: Scizor|301\/343|[from] Leech Seed|[of] p2a: Ferrothorn
|-heal|p2a: Ferrothorn|314\/352|[silent]
|turn|8
|callback|decision
|
|switch|p2a: Landorus-Therian|Landorus-Therian, M|369\/369
|-damage|p2a: Landorus-Therian|323\/369|[from] Stealth Rock
|-ability|p2a: Landorus-Therian|Intimidate|[of] p1a: Scizor
|-unboost|p1a: Scizor|atk|1
|move|p1a: Scizor|U-turn|p2a: Landorus-Therian
|-resisted|p2a: Landorus-Therian
|-damage|p2a: Landorus-Therian|273\/369
|callback|decision
|
|switch|p1a: Kingdra|Kingdra, M|233\/291
|
|-weather|RainDance|[upkeep]
|-heal|p2a: Landorus-Therian|296\/369|[from] item: Leftovers
|turn|9
|callback|decision
|
|switch|p2a: Ferrothorn|Ferrothorn, M|314\/352
|-damage|p2a: Ferrothorn|292\/352|[from] Stealth Rock
|move|p1a: Kingdra|Hydro Pump|p2a: Ferrothorn
|-resisted|p2a: Ferrothorn
|-damage|p2a: Ferrothorn|171\/352
|-damage|p1a: Kingdra|204\/291|[from] item: Life Orb
|
|-weather|RainDance|[upkeep]
|-heal|p2a: Ferrothorn|193\/352|[from] item: Leftovers
|turn|10
|callback|decision
|
|switch|p1a: Scizor|Scizor, M|301\/343
|move|p2a: Ferrothorn|Leech Seed|p1a: Scizor|[miss]
|-miss|p2a: Ferrothorn|p1a: Scizor
|
|-weather|RainDance|[upkeep]
|-heal|p2a: Ferrothorn|215\/352|[from] item: Leftovers
|turn|11
|callback|decision
|
|switch|p2a: Landorus-Therian|Landorus-Therian, M|296\/369
|-damage|p2a: Landorus-Therian|250\/369|[from] Stealth Rock
|-ability|p2a: Landorus-Therian|Intimidate|[of] p1a: Scizor
|-unboost|p1a: Scizor|atk|1
|move|p1a: Scizor|U-turn|p2a: Landorus-Therian
|-resisted|p2a: Landorus-Therian
|-damage|p2a: Landorus-Therian|194\/369
|callback|decision
|
|switch|p1a: Kingdra|Kingdra, M|204\/291
|
|-weather|RainDance|[upkeep]
|-heal|p2a: Landorus-Therian|217\/369|[from] item: Leftovers
|turn|12
|callback|decision
|
|switch|p2a: Politoed|Politoed, F|41\/322
|-damage|p2a: Politoed|1\/322|[from] Stealth Rock
|move|p1a: Kingdra|Hydro Pump|p2a: Politoed
|-crit|p2a: Politoed
|-resisted|p2a: Politoed
|-damage|p2a: Politoed|0 fnt
|-damage|p1a: Kingdra|175\/291|[from] item: Life Orb
|faint|p2a: Politoed
|
|-weather|RainDance|[upkeep]
|callback|decision
|
|switch|p2a: Ferrothorn|Ferrothorn, M|215\/352
|-damage|p2a: Ferrothorn|193\/352|[from] Stealth Rock
|turn|13
|callback|decision
|
|switch|p1a: Alakazam|Alakazam, M|252\/252
|move|p2a: Ferrothorn|Leech Seed|p1a: Alakazam
|-start|p1a: Alakazam|move: Leech Seed
|
|-weather|RainDance|[upkeep]
|-heal|p2a: Ferrothorn|215\/352|[from] item: Leftovers
|turn|14
|callback|decision
|
|move|p1a: Alakazam|Focus Blast|p2a: Ferrothorn
|-supereffective|p2a: Ferrothorn
|-damage|p2a: Ferrothorn|27\/352
|-unboost|p2a: Ferrothorn|spd|1
|move|p2a: Ferrothorn|Gyro Ball|p1a: Alakazam
|-enditem|p1a: Alakazam|Focus Sash
|-damage|p1a: Alakazam|1\/252
|
|-weather|RainDance|[upkeep]
|-heal|p2a: Ferrothorn|49\/352|[from] item: Leftovers
|turn|15
|callback|decision
|
|move|p1a: Alakazam|Psychic|p2a: Ferrothorn
|-resisted|p2a: Ferrothorn
|-damage|p2a: Ferrothorn|0 fnt
|faint|p2a: Ferrothorn
|
|-weather|RainDance|[upkeep]
|callback|decision
|
|switch|p2a: Terrakion|Terrakion|323\/323
|-damage|p2a: Terrakion|303\/323|[from] Stealth Rock
|turn|16
|callback|decision
|
|move|p2a: Terrakion|Close Combat|p1a: Alakazam
|-resisted|p1a: Alakazam
|-damage|p1a: Alakazam|0 fnt
|-unboost|p2a: Terrakion|def|1
|-unboost|p2a: Terrakion|spd|1
|faint|p1a: Alakazam
|
|-weather|RainDance|[upkeep]
|callback|decision
|
|switch|p1a: Salamence|Salamence, M|331\/331
|turn|17
|callback|decision
|
|switch|p2a: Landorus-Therian|Landorus-Therian, M|217\/369
|-damage|p2a: Landorus-Therian|171\/369|[from] Stealth Rock
|-ability|p2a: Landorus-Therian|Intimidate|[of] p1a: Salamence
|-unboost|p1a: Salamence|atk|1
|move|p1a: Salamence|Dragon Dance|p1a: Salamence
|-boost|p1a: Salamence|atk|1
|-boost|p1a: Salamence|spe|1
|
|-weather|RainDance|[upkeep]
|-heal|p2a: Landorus-Therian|194\/369|[from] item: Leftovers
|turn|18
|callback|decision
|
|move|p1a: Salamence|Outrage|p2a: Landorus-Therian
|-damage|p2a: Landorus-Therian|14\/369
|move|p2a: Landorus-Therian|Stone Edge|p1a: Salamence
|-supereffective|p1a: Salamence
|-damage|p1a: Salamence|77\/331
|
|-weather|RainDance|[upkeep]
|-heal|p2a: Landorus-Therian|37\/369|[from] item: Leftovers
|turn|19
|callback|decision
|
|move|p1a: Salamence|Outrage|p2a: Landorus-Therian
|-damage|p2a: Landorus-Therian|0 fnt
|faint|p2a: Landorus-Therian
|-boost|p1a: Salamence|atk|1|[from] ability: Moxie
|
|-end|p1a: Salamence|rampage
|-start|p1a: Salamence|confusion
|-weather|RainDance|[upkeep]
|callback|decision
|
|switch|p2a: Starmie|Starmie|77\/262
|-damage|p2a: Starmie|45\/262|[from] Stealth Rock
|turn|20
|callback|decision
|
|-activate|p1a: Salamence|confusion
|-damage|p1a: Salamence|0 fnt|[from] confusion
|faint|p1a: Salamence
|move|p2a: Starmie|Rapid Spin|p1: Salamence|[notarget]
|-notarget
|
|-weather|RainDance|[upkeep]
|-heal|p2a: Starmie|61\/262|[from] item: Leftovers
|callback|decision
|
|switch|p1a: Garchomp|Garchomp, F|358\/358
|turn|21
|callback|decision
|
|move|p1a: Garchomp|Dragon Claw|p2a: Starmie
|-damage|p2a: Starmie|0 fnt
|faint|p2a: Starmie
|
|-weather|RainDance|[upkeep]
|callback|decision
|
|switch|p2a: Tornadus|Tornadus, M|299\/299
|-damage|p2a: Tornadus|225\/299|[from] Stealth Rock
|turn|22
|callback|decision
|
|move|p2a: Tornadus|Tailwind|p2a: Tornadus
|-sidestart|p2: PO over Showdown|move: Tailwind
|move|p1a: Garchomp|Dragon Claw|p2a: Tornadus
|-damage|p2a: Tornadus|15\/299
|
|-weather|RainDance|[upkeep]
|turn|23
|callback|decision
|
|move|p2a: Tornadus|Tailwind|p2a: Tornadus
|-fail|p2a: Tornadus
|move|p1a: Garchomp|Dragon Claw|p2a: Tornadus
|-damage|p2a: Tornadus|0 fnt
|faint|p2a: Tornadus
|
|-weather|RainDance|[upkeep]
|callback|decision
|join|daniellerxyz
|
|switch|p2a: Terrakion|Terrakion|303\/323
|-damage|p2a: Terrakion|283\/323|[from] Stealth Rock
|turn|24
|callback|decision
|
|move|p2a: Terrakion|Close Combat|p1a: Garchomp
|-damage|p1a: Garchomp|138\/358
|-damage|p2a: Terrakion|243\/323|[from] ability: Rough Skin|[of] p1a: Garchomp
|-unboost|p2a: Terrakion|def|1
|-unboost|p2a: Terrakion|spd|1
|move|p1a: Garchomp|Dragon Claw|p2a: Terrakion
|-damage|p2a: Terrakion|17\/323
|
|-weather|RainDance|[upkeep]
|turn|25
|callback|decision
|-message|PO over Showdown forfeited.
|
|win|Bjork
|raw|Ladder updating...
|leave|PO over Showdown
|player|p2
|raw|Bjork's rating: 2771 &rarr; <strong>2775<\/strong><br \/>(+4 for winning)
|raw|PO over Showdown's rating: 2263 &rarr; <strong>2262<\/strong><br \/>(-1 for losing)
|leave|Bjork
|player|p1