|join|Finchinator
|join|Bjork
|player|p1|Finchinator|1
|player|p2|Bjork|2
|gametype|singles
|gen|4
|tier|[Gen 4] Ubers
|rule|Sleep Clause Mod: Limit one foe put to sleep
|rule|Species Clause: Limit one of each PokÃ©mon
|rule|OHKO Clause: OHKO moves are banned
|rule|Moody Clause: Moody is banned
|rule|Evasion Moves Clause: Evasion moves are banned
|rule|Endless Battle Clause: Forcing endless battles is banned
|rule|HP Percentage Mod: HP is shown in percentages
|
|start
|switch|p1a: Tyranitar|Tyranitar, F|403\/403
|switch|p2a: Gengar|Gengar, F|261\/261
|-weather|Sandstorm|[from] ability: Sand Stream|[of] p1a: Tyranitar
|turn|1
|join|todeswalzer
|join|PROBLEMS
|join|daftmau5
|join|Praj.pran
|c| todeswalzer|latias?
|join|B is for Brutus
|c|âBjork|mhm
|join|Hack
|join|Pleasure
|c|âBjork|gl
|c|âBjork|nice lead y\/n
|c|âFinchinator|y
|join|Not a Gym Ldr
|c|âFinchinator|1 sec
|
|move|p1a: Tyranitar|Stealth Rock|p2a: Gengar
|-sidestart|p2: Bjork|move: Stealth Rock
|move|p2a: Gengar|Counter|p1a: Tyranitar
|-fail|p1a: Tyranitar
|
|-weather|Sandstorm|[upkeep]
|-damage|p2a: Gengar|245\/261|[from] sandstorm
|turn|2
|
|move|p2a: Gengar|Shadow Ball|p1a: Tyranitar
|-resisted|p1a: Tyranitar
|-damage|p1a: Tyranitar|362\/403
|move|p1a: Tyranitar|Crunch|p2a: Gengar
|-supereffective|p2a: Gengar
|-damage|p2a: Gengar|0 fnt
|faint|p2a: Gengar
|
|-weather|Sandstorm|[upkeep]
|
|switch|p2a: Jirachi|Jirachi|391\/391
|-damage|p2a: Jirachi|367\/391|[from] Stealth Rock
|turn|3
|
|move|p2a: Jirachi|Calm Mind|p2a: Jirachi
|-boost|p2a: Jirachi|spa|1
|-boost|p2a: Jirachi|spd|1
|move|p1a: Tyranitar|Fire Blast|p2a: Jirachi
|-supereffective|p2a: Jirachi
|-damage|p2a: Jirachi|251\/391
|
|-weather|Sandstorm|[upkeep]
|-heal|p2a: Jirachi|275\/391|[from] item: Leftovers
|turn|4
|join|zdrup
|join|Key
|join|ancient power ttar
|leave|daftmau5
|c|âFinchinator|no rush but i may have to go in an 45 minutes 
|c|âFinchinator|but we should be able to get both games done in
|c|âFinchinator|that time but yea js
|leave|zdrup
|join|BKC
|c|+BKC|timer :toast:
|c|âFinchinator|i don't like timer in non-team tour games
|c|âBjork|srry
|c|âBjork|got dced
|c|âFinchinator|np
|c|âBjork|my internet
|c|âBjork|is bad
|c|âBjork|ok how do i get back
|c|âBjork|to being a player
|c|âFinchinator|uh
|c|âFinchinator|it looks like you are one but
|c|âFinchinator|maybe just
|c|âFinchinator|log on log off
|c|âBjork|ok there we go
|c|âFinchinator|ok
|c|âBjork|srry
|
|move|p2a: Jirachi|Hidden Power|p1a: Tyranitar
|-crit|p1a: Tyranitar
|-supereffective|p1a: Tyranitar
|-damage|p1a: Tyranitar|118\/403
|move|p1a: Tyranitar|Crunch|p2a: Jirachi
|-damage|p2a: Jirachi|164\/391
|
|-weather|Sandstorm|[upkeep]
|-heal|p2a: Jirachi|188\/391|[from] item: Leftovers
|turn|5
|c|âFinchinator|no worries
|
|switch|p1a: Scizor|Scizor, F|281\/281
|move|p2a: Jirachi|Psychic|p1a: Scizor
|-resisted|p1a: Scizor
|-damage|p1a: Scizor|170\/281
|
|-weather|Sandstorm|[upkeep]
|-heal|p2a: Jirachi|212\/391|[from] item: Leftovers
|turn|6
|
|move|p1a: Scizor|U-turn|p2a: Jirachi
|-damage|p2a: Jirachi|82\/391
|
|switch|p1a: Tyranitar|Tyranitar, F|118\/403
|move|p2a: Jirachi|Thunderbolt|p1a: Tyranitar
|-damage|p1a: Tyranitar|39\/403
|
|-weather|Sandstorm|[upkeep]
|-heal|p2a: Jirachi|106\/391|[from] item: Leftovers
|turn|7
|
|move|p2a: Jirachi|Thunderbolt|p1a: Tyranitar
|-damage|p1a: Tyranitar|0 fnt
|faint|p1a: Tyranitar
|
|-weather|Sandstorm|[upkeep]
|-heal|p2a: Jirachi|130\/391|[from] item: Leftovers
|
|switch|p1a: Scizor|Scizor, F|170\/281
|turn|8
|
|move|p1a: Scizor|U-turn|p2a: Jirachi
|-damage|p2a: Jirachi|13\/391
|
|switch|p1a: Celebi|Celebi|399\/399
|move|p2a: Jirachi|Psychic|p1a: Celebi
|-resisted|p1a: Celebi
|-damage|p1a: Celebi|305\/399
|
|-weather|Sandstorm|[upkeep]
|-damage|p1a: Celebi|281\/399|[from] sandstorm
|-heal|p2a: Jirachi|37\/391|[from] item: Leftovers
|turn|9
|
|switch|p2a: Latias|Latias, F|301\/301
|-damage|p2a: Latias|264\/301|[from] Stealth Rock
|move|p1a: Celebi|Hidden Power|p2a: Latias
|-resisted|p2a: Latias
|-damage|p2a: Latias|222\/301
|-damage|p1a: Celebi|242\/399|[from] item: Life Orb
|
|-weather|Sandstorm|[upkeep]
|-damage|p2a: Latias|204\/301|[from] sandstorm
|-damage|p1a: Celebi|218\/399|[from] sandstorm
|turn|10
|
|move|p2a: Latias|Hidden Power|p1a: Celebi
|-supereffective|p1a: Celebi
|-damage|p1a: Celebi|26\/399
|-damage|p2a: Latias|174\/301|[from] item: Life Orb
|move|p1a: Celebi|Thunder Wave|p2a: Latias
|-status|p2a: Latias|par
|
|-weather|Sandstorm|[upkeep]
|-damage|p1a: Celebi|2\/399|[from] sandstorm
|-damage|p2a: Latias|156\/301 par|[from] sandstorm
|turn|11
|c|âBjork|.test
|c|âFinchinator|.mex
|leave|B is for Brutus
|
|move|p1a: Celebi|Recover|p1a: Celebi
|-heal|p1a: Celebi|202\/399
|move|p2a: Latias|Draco Meteor|p1a: Celebi
|-damage|p1a: Celebi|0 fnt
|-unboost|p2a: Latias|spa|2
|-damage|p2a: Latias|126\/301 par|[from] item: Life Orb
|faint|p1a: Celebi
|
|-weather|Sandstorm|[upkeep]
|-damage|p2a: Latias|108\/301 par|[from] sandstorm
|
|switch|p1a: Scizor|Scizor, F|170\/281
|turn|12
|
|move|p1a: Scizor|U-turn|p2a: Latias
|-supereffective|p2a: Latias
|-damage|p2a: Latias|0 fnt
|faint|p2a: Latias
|join|MoxieInfinite
|
|switch|p1a: Dragonite|Dragonite, M|323\/323
|
|-weather|Sandstorm|[upkeep]
|-damage|p1a: Dragonite|303\/323|[from] sandstorm
|leave|Praj.pran
|
|switch|p2a: Tyranitar|Tyranitar, F|342\/342
|-damage|p2a: Tyranitar|300\/342|[from] Stealth Rock
|turn|13
|
|switch|p1a: Metagross|Metagross|316\/316
|move|p2a: Tyranitar|Stealth Rock|p1a: Metagross
|-sidestart|p1: Finchinator|move: Stealth Rock
|
|-weather|Sandstorm|[upkeep]
|turn|14
|
|move|p1a: Metagross|Meteor Mash|p2a: Tyranitar
|-supereffective|p2a: Tyranitar
|-damage|p2a: Tyranitar|0 fnt
|-damage|p1a: Metagross|285\/316|[from] item: Life Orb
|faint|p2a: Tyranitar
|
|-weather|Sandstorm|[upkeep]
|
|switch|p2a: Jirachi|Jirachi|37\/391
|-damage|p2a: Jirachi|13\/391|[from] Stealth Rock
|turn|15
|
|move|p2a: Jirachi|Hidden Power|p1a: Metagross
|-supereffective|p1a: Metagross
|-damage|p1a: Metagross|153\/316
|move|p1a: Metagross|Rock Polish|p1a: Metagross
|-boost|p1a: Metagross|spe|2
|
|-weather|Sandstorm|[upkeep]
|-heal|p2a: Jirachi|37\/391|[from] item: Leftovers
|turn|16
|
|move|p1a: Metagross|Earthquake|p2a: Jirachi
|-supereffective|p2a: Jirachi
|-damage|p2a: Jirachi|0 fnt
|-damage|p1a: Metagross|122\/316|[from] item: Life Orb
|faint|p2a: Jirachi
|
|-weather|Sandstorm|[upkeep]
|
|switch|p2a: Scizor|Scizor, F|344\/344
|-damage|p2a: Scizor|301\/344|[from] Stealth Rock
|turn|17
|
|move|p1a: Metagross|Earthquake|p2a: Scizor
|-damage|p2a: Scizor|143\/344
|-damage|p1a: Metagross|91\/316|[from] item: Life Orb
|move|p2a: Scizor|Swords Dance|p2a: Scizor
|-boost|p2a: Scizor|atk|2
|
|-weather|Sandstorm|[upkeep]
|turn|18
|
|move|p2a: Scizor|Bullet Punch|p1a: Metagross
|-crit|p1a: Metagross
|-resisted|p1a: Metagross
|-damage|p1a: Metagross|0 fnt
|-damage|p2a: Scizor|109\/344|[from] item: Life Orb
|faint|p1a: Metagross
|
|-weather|Sandstorm|[upkeep]
|
|switch|p1a: Suicune|Suicune|341\/341
|-damage|p1a: Suicune|299\/341|[from] Stealth Rock
|-ability|p1a: Suicune|Pressure
|turn|19
|
|move|p2a: Scizor|Bullet Punch|p1a: Suicune
|-resisted|p1a: Suicune
|-damage|p1a: Suicune|169\/341
|-damage|p2a: Scizor|75\/344|[from] item: Life Orb
|move|p1a: Suicune|Hydro Pump|p2a: Scizor
|-damage|p2a: Scizor|0 fnt
|faint|p2a: Scizor
|
|-weather|Sandstorm|[upkeep]
|-damage|p1a: Suicune|148\/341|[from] sandstorm
|-heal|p1a: Suicune|169\/341|[from] item: Leftovers
|
|switch|p2a: Dragonite|Dragonite, F|324\/324
|-damage|p2a: Dragonite|243\/324|[from] Stealth Rock
|turn|20
|
|move|p1a: Suicune|Ice Beam|p2a: Dragonite
|-supereffective|p2a: Dragonite
|-damage|p2a: Dragonite|0 fnt
|faint|p2a: Dragonite
|
|win|Finchinator
|c|âBjork|g3?
|c|âFinchinator|gg
|c|âFinchinator|sure
|c|âFinchinator|give me
|c|âFinchinator|a min or 2
|leave|Hack
|leave|ancient power ttar