|join|Bjork
|join|Finchinator
|player|p1|Bjork|169
|player|p2|Finchinator|1
|gametype|singles
|gen|4
|tier|[Gen 4] Ubers
|rule|Sleep Clause Mod: Limit one foe put to sleep
|rule|Species Clause: Limit one of each PokÃ©mon
|rule|OHKO Clause: OHKO moves are banned
|rule|Moody Clause: Moody is banned
|rule|Evasion Moves Clause: Evasion moves are banned
|rule|Endless Battle Clause: Forcing endless battles is banned
|rule|HP Percentage Mod: HP is shown in percentages
|
|start
|switch|p1a: Latias|Latias, F|301\/301
|switch|p2a: Machamp|Machamp, M|381\/381
|turn|1
|c|âBjork|gl
|c|âFinchinator|u2
|c|âFinchinator|play other two
|c|âFinchinator|tomorrow or smth
|join|Valentine
|c|âBjork|yah
|c|âFinchinator|shouldn't be an issue
|
|move|p1a: Latias|Draco Meteor|p2a: Machamp
|-damage|p2a: Machamp|78\/381
|-unboost|p1a: Latias|spa|2
|-damage|p1a: Latias|271\/301|[from] item: Life Orb
|move|p2a: Machamp|Payback|p1a: Latias
|-supereffective|p1a: Latias
|-damage|p1a: Latias|3\/301
|
|turn|2
|
|switch|p1a: Scizor|Scizor, F|302\/302
|switch|p2a: Tyranitar|Tyranitar, M|403\/403
|-weather|Sandstorm|[from] ability: Sand Stream|[of] p2a: Tyranitar
|
|-weather|Sandstorm|[upkeep]
|turn|3
|
|move|p2a: Tyranitar|Fire Blast|p1a: Scizor
|-supereffective|p1a: Scizor
|-damage|p1a: Scizor|0 fnt
|faint|p1a: Scizor
|
|-weather|Sandstorm|[upkeep]
|
|switch|p1a: Dugtrio|Dugtrio, F|212\/212
|turn|4
|c|âBjork|fast
|
|move|p1a: Dugtrio|Earthquake|p2a: Tyranitar
|-supereffective|p2a: Tyranitar
|-damage|p2a: Tyranitar|151\/403
|move|p2a: Tyranitar|Stealth Rock|p1a: Dugtrio
|-sidestart|p1: Bjork|move: Stealth Rock
|
|-weather|Sandstorm|[upkeep]
|turn|5
|c|âFinchinator|max speed max hp
|c|âFinchinator|comin thru
|
|move|p1a: Dugtrio|Earthquake|p2a: Tyranitar
|-supereffective|p2a: Tyranitar
|-damage|p2a: Tyranitar|0 fnt
|faint|p2a: Tyranitar
|
|-weather|Sandstorm|[upkeep]
|
|switch|p2a: Skarmory|Skarmory, M|334\/334
|turn|6
|
|move|p1a: Dugtrio|Stealth Rock|p2a: Skarmory
|-sidestart|p2: Finchinator|move: Stealth Rock
|move|p2a: Skarmory|Whirlwind|p1a: Dugtrio
|drag|p1a: Latias|Latias, F|3\/301
|-damage|p1a: Latias|0 fnt|[from] Stealth Rock
|faint|p1a: Latias
|
|-weather|Sandstorm|[upkeep]
|
|switch|p1a: Kingdra|Kingdra, F|291\/291
|-damage|p1a: Kingdra|255\/291|[from] Stealth Rock
|turn|7
|
|switch|p2a: Machamp|Machamp, M|78\/381
|-damage|p2a: Machamp|55\/381|[from] Stealth Rock
|move|p1a: Kingdra|Rain Dance|p1a: Kingdra
|-weather|RainDance
|
|-weather|RainDance|[upkeep]
|turn|8
|
|move|p2a: Machamp|Bullet Punch|p1a: Kingdra
|-resisted|p1a: Kingdra
|-damage|p1a: Kingdra|228\/291
|move|p1a: Kingdra|Surf|p2a: Machamp
|-damage|p2a: Machamp|0 fnt
|-damage|p1a: Kingdra|199\/291|[from] item: Life Orb
|faint|p2a: Machamp
|
|-weather|RainDance|[upkeep]
|
|switch|p2a: Kingdra|Kingdra, M|327\/327
|-damage|p2a: Kingdra|287\/327|[from] Stealth Rock
|turn|9
|c|âBjork|ill be on earlier tomorrow to
|c|âBjork|dw
|c|âFinchinator|no worries
|c|âFinchinator|i'm kinda weak to this thing
|
|switch|p1a: Dugtrio|Dugtrio, F|212\/212
|-damage|p1a: Dugtrio|199\/212|[from] Stealth Rock
|switch|p2a: Heatran|Heatran, M|339\/339
|-damage|p2a: Heatran|297\/339|[from] Stealth Rock
|
|-weather|RainDance|[upkeep]
|turn|10
|
|move|p1a: Dugtrio|Earthquake|p2a: Heatran
|-supereffective|p2a: Heatran
|-damage|p2a: Heatran|0 fnt
|faint|p2a: Heatran
|
|-weather|RainDance|[upkeep]
|
|switch|p2a: Rotom-Wash|Rotom-Wash|241\/241
|-damage|p2a: Rotom-Wash|211\/241|[from] Stealth Rock
|turn|11
|
|move|p2a: Rotom-Wash|Hydro Pump|p1a: Dugtrio|[miss]
|-miss|p2a: Rotom-Wash|p1a: Dugtrio
|move|p1a: Dugtrio|Toxic|p2a: Rotom-Wash
|-status|p2a: Rotom-Wash|tox
|
|-weather|none
|-damage|p2a: Rotom-Wash|196\/241 tox|[from] psn
|turn|12
|c|âBjork|srry
|c|âFinchinator|all good
|
|switch|p2a: Skarmory|Skarmory, M|334\/334
|-damage|p2a: Skarmory|293\/334|[from] Stealth Rock
|move|p1a: Dugtrio|Stone Edge|p2a: Skarmory
|-damage|p2a: Skarmory|247\/334
|
|-heal|p2a: Skarmory|267\/334|[from] item: Leftovers
|turn|13
|
|switch|p1a: Kingdra|Kingdra, F|199\/291
|-damage|p1a: Kingdra|163\/291|[from] Stealth Rock
|move|p2a: Skarmory|Spikes|p1a: Kingdra
|-sidestart|p1: Bjork|Spikes
|
|-heal|p2a: Skarmory|287\/334|[from] item: Leftovers
|turn|14
|
|move|p1a: Kingdra|Surf|p2a: Skarmory
|-damage|p2a: Skarmory|23\/334
|-damage|p1a: Kingdra|134\/291|[from] item: Life Orb
|move|p2a: Skarmory|Whirlwind|p1a: Kingdra
|drag|p1a: Dugtrio|Dugtrio, F|199\/212
|-damage|p1a: Dugtrio|186\/212|[from] Stealth Rock
|-damage|p1a: Dugtrio|160\/212|[from] Spikes
|
|-heal|p2a: Skarmory|43\/334|[from] item: Leftovers
|turn|15
|c|âBjork|HITTTT
|c|âFinchinator|tank
|
|move|p1a: Dugtrio|Stone Edge|p2a: Skarmory
|-damage|p2a: Skarmory|0 fnt
|faint|p2a: Skarmory
|
|
|switch|p2a: Kingdra|Kingdra, M|287\/327
|-damage|p2a: Kingdra|247\/327|[from] Stealth Rock
|turn|16
|
|move|p1a: Dugtrio|Earthquake|p2a: Kingdra
|-damage|p2a: Kingdra|100\/327
|move|p2a: Kingdra|Dragon Dance|p2a: Kingdra
|-boost|p2a: Kingdra|atk|1
|-boost|p2a: Kingdra|spe|1
|
|turn|17
|
|move|p2a: Kingdra|Rest|p2a: Kingdra
|-status|p2a: Kingdra|slp
|-heal|p2a: Kingdra|327\/327 slp|[silent]
|-status|p2a: Kingdra|slp|[from] move: Rest
|-enditem|p2a: Kingdra|Chesto Berry|[eat]
|-curestatus|p2a: Kingdra|slp
|move|p1a: Dugtrio|Earthquake|p2a: Kingdra
|-damage|p2a: Kingdra|203\/327
|
|turn|18
|
|move|p2a: Kingdra|Waterfall|p1a: Dugtrio
|-crit|p1a: Dugtrio
|-supereffective|p1a: Dugtrio
|-damage|p1a: Dugtrio|0 fnt
|faint|p1a: Dugtrio
|
|
|switch|p1a: Kingdra|Kingdra, F|134\/291
|-damage|p1a: Kingdra|98\/291|[from] Spikes
|-damage|p1a: Kingdra|62\/291|[from] Stealth Rock
|turn|19
|c|@Valentine|if u dded again
|c|@Valentine|i think u won 
|c|@Valentine|mag and flygon
|c|@Valentine|yn
|c|âBjork|n
|c|âFinchinator|if he has
|c|âFinchinator|a steel
|c|âFinchinator|and i dd'd again and didn't get crit and
|c|âFinchinator|he has no prio
|c|âFinchinator|then i won but
|c|âBjork|he might win anyway
|c|âFinchinator|i'm pretty sure he has prio somewhere
|c|âFinchinator|could be wrong tho
|c|@Valentine|he already had a trapper
|c|@Valentine|u gotta think its a mag
|c|@Valentine|in the bak
|c|âFinchinator|i guess
|c|@Valentine|30% flinch is o k
|c|@Valentine|outrage crit also
|
|move|p2a: Kingdra|Outrage|p1a: Kingdra
|-crit|p1a: Kingdra
|-supereffective|p1a: Kingdra
|-damage|p1a: Kingdra|0 fnt
|faint|p1a: Kingdra
|
|c|@Valentine|maybe
|c|âFinchinator|let's see
|c|âFinchinator|what it is
|c|âFinchinator|also flinch is
|
|switch|p1a: Metagross|Metagross|302\/302
|-damage|p1a: Metagross|265\/302|[from] Spikes
|-damage|p1a: Metagross|247\/302|[from] Stealth Rock
|turn|20
|c|âFinchinator|20%
|c|âBjork|where is my
|c|âBjork|explosion
|c|@Valentine|!dt waterfall
|c|~|\/data-move Waterfall
|raw|<font size="1"><font color=#585858>Priority:<\/font> 0&nbsp;|&ThickSpace;<font color=#585858><font color=black>&#10003; Secondary Effect<\/font><\/font>&nbsp;|&ThickSpace;<font color=#585858><font color=black>&#10003; Contact<\/font><\/font>&nbsp;|&ThickSpace;<font color=#585858>Target:<\/font> Adjacent Pokemon<\/font>
|c|@Valentine|oooo
|c|âFinchinator|just click
|c|âFinchinator|agility
|
|move|p2a: Kingdra|Outrage|p1a: Metagross
|-resisted|p1a: Metagross
|-damage|p1a: Metagross|146\/302
|move|p1a: Metagross|Agility|p1a: Metagross
|-boost|p1a: Metagross|spe|2
|
|turn|21
|
|move|p1a: Metagross|Earthquake|p2a: Kingdra
|-crit|p2a: Kingdra
|-damage|p2a: Kingdra|0 fnt
|-damage|p1a: Metagross|116\/302|[from] item: Life Orb
|faint|p2a: Kingdra
|
|c|âBjork|srry
|c|âFinchinator|i wonder
|c|âFinchinator|if that mattered
|c|âFinchinator|but who care
|c|âFinchinator|gg i believe
|c|âBjork|p. sure it did
|
|switch|p2a: Rotom-Wash|Rotom-Wash|196\/241 tox
|-damage|p2a: Rotom-Wash|166\/241 tox|[from] Stealth Rock
|turn|22
|
|move|p1a: Metagross|Meteor Mash|p2a: Rotom-Wash
|-resisted|p2a: Rotom-Wash
|-damage|p2a: Rotom-Wash|52\/241 tox
|-damage|p1a: Metagross|86\/302|[from] item: Life Orb
|move|p2a: Rotom-Wash|Thunderbolt|p1a: Metagross
|-damage|p1a: Metagross|0 fnt
|faint|p1a: Metagross
|
|-damage|p2a: Rotom-Wash|37\/241 tox|[from] psn
|
|switch|p1a: Tyranitar|Tyranitar, M|342\/342
|-damage|p1a: Tyranitar|300\/342|[from] Stealth Rock
|-damage|p1a: Tyranitar|258\/342|[from] Spikes
|-weather|Sandstorm|[from] ability: Sand Stream|[of] p1a: Tyranitar
|turn|23
|c|âBjork|gg
|
|move|p2a: Rotom-Wash|Thunderbolt|p1a: Tyranitar
|-damage|p1a: Tyranitar|167\/342
|move|p1a: Tyranitar|Crunch|p2a: Rotom-Wash
|-supereffective|p2a: Rotom-Wash
|-damage|p2a: Rotom-Wash|0 fnt
|faint|p2a: Rotom-Wash
|
|win|Bjork
|c|âFinchinator|gg
|leave|Valentine
|c|âBjork|ill be on earlier tomorrow
|c|âBjork|for g2
|c|âFinchinator|ok
|c|âBjork|and 3
|c|âFinchinator|peace
|leave|Finchinator
|player|p2
|c|âBjork|peace