|join|Aka DH
|join|lolzuk
|player|p1|Aka DH|68
|player|p2|lolzuk|209
|gametype|singles
|gen|6
|tier|OU
|rated
|clearpoke
|poke|p1|Bisharp, F
|poke|p1|Venusaur, M
|poke|p1|Heatran, F
|poke|p1|Keldeo
|poke|p1|Chansey, F
|poke|p1|Skarmory, M
|poke|p2|Pinsir, F
|poke|p2|Conkeldurr, F
|poke|p2|Excadrill, F
|poke|p2|Gliscor, M
|poke|p2|Slowbro, M
|poke|p2|Dragonite, M
|rule|Swagger Clause: Swagger is banned
|rule|Baton Pass Clause: Limit one PokÃ©mon knowing Baton Pass
|rule|Sleep Clause Mod: Limit one foe put to sleep
|rule|Species Clause: Limit one of each PokÃ©mon
|rule|OHKO Clause: OHKO moves are banned
|rule|Moody Clause: Moody is banned
|rule|Evasion Moves Clause: Evasion moves are banned
|rule|Endless Battle Clause: Forcing endless battles is banned
|rule|HP Percentage Mod: HP is shown in percentages
|teampreview
|join|z0m OGKI dirl
|join|uCan'tSeeMe
|c| uCan'tSeeMe|go bloody!
|join|Bellicose
|c| Bellicose|Thats a pokebank team xD
|
|start
|switch|p1a: Heatran|Heatran, F|340\/340
|switch|p2a: Conkeldurr|Conkeldurr, F|351\/351
|-item|p1a: Heatran|Air Balloon
|turn|1
|c| z0m OGKI dirl|haha
|
|switch|p1a: Venusaur|Venusaur, M|364\/364
|move|p2a: Conkeldurr|Knock Off|p1a: Venusaur
|-damage|p1a: Venusaur|292\/364
|
|turn|2
|
|switch|p2a: Gliscor|Gliscor, M|352\/352
|detailschange|p1a: Venusaur|Venusaur-Mega, M
|message|Venusaur has Mega Evolved into Mega Venusaur!
|move|p1a: Venusaur|Leech Seed|p2a: Gliscor
|-start|p2a: Gliscor|move: Leech Seed
|
|-damage|p2a: Gliscor|308\/352|[from] Leech Seed|[of] p1a: Venusaur
|-heal|p1a: Venusaur|336\/364|[silent]
|-status|p2a: Gliscor|tox|[from] item: Toxic Orb
|turn|3
|
|switch|p1a: Heatran|Heatran, F|340\/340
|-item|p1a: Heatran|Air Balloon
|move|p2a: Gliscor|Stealth Rock|p1a: Heatran
|-sidestart|p1: Aka DH|move: Stealth Rock
|
|-damage|p2a: Gliscor|264\/352 tox|[from] Leech Seed|[of] p1a: Heatran
|-heal|p2a: Gliscor|308\/352 tox|[from] ability: Poison Heal
|turn|4
|c| Bellicose|Everyone knows from pokebank that venusaur walls conkeldurr
|c| Bellicose|xD
|
|switch|p2a: Conkeldurr|Conkeldurr, F|351\/351
|move|p1a: Heatran|Stealth Rock|p2a: Conkeldurr
|-sidestart|p2: lolzuk|move: Stealth Rock
|
|turn|5
|c| z0m OGKI dirl|kids __bad__
|
|switch|p1a: Venusaur|Venusaur-Mega, M|336\/364
|-damage|p1a: Venusaur|291\/364|[from] Stealth Rock
|switch|p2a: Excadrill|Excadrill, F|361\/361
|-damage|p2a: Excadrill|350\/361|[from] Stealth Rock
|-ability|p2a: Excadrill|Mold Breaker
|
|turn|6
|
|move|p2a: Excadrill|Rapid Spin|p1a: Venusaur
|-damage|p1a: Venusaur|273\/364
|-sideend|p2: lolzuk|Stealth Rock|[from] move: Rapid Spin|[of] p2a: Excadrill
|move|p1a: Venusaur|Giga Drain|p2a: Excadrill
|-damage|p2a: Excadrill|280\/361
|-heal|p1a: Venusaur|308\/364|[from] drain|[of] p2a: Excadrill
|
|turn|7
|c| Bellicose|Av exca=god
|join|Battle of the Gods
|
|move|p2a: Excadrill|Earthquake|p1a: Venusaur
|-damage|p1a: Venusaur|191\/364
|move|p1a: Venusaur|Leech Seed|p2a: Excadrill
|-start|p2a: Excadrill|move: Leech Seed
|
|-damage|p2a: Excadrill|235\/361|[from] Leech Seed|[of] p1a: Venusaur
|-heal|p1a: Venusaur|236\/364|[silent]
|turn|8
|
|switch|p2a: Pinsir|Pinsir, F|271\/271
|move|p1a: Venusaur|Synthesis|p1a: Venusaur
|-heal|p1a: Venusaur|364\/364
|
|turn|9
|join|tambien la lluvia
|
|switch|p2a: Dragonite|Dragonite, M|323\/323
|switch|p1a: Skarmory|Skarmory, M|334\/334
|-damage|p1a: Skarmory|293\/334|[from] Stealth Rock
|
|turn|10
|join|ffajigeobreiojbr
|
|switch|p1a: Heatran|Heatran, F|340\/340
|-damage|p1a: Heatran|298\/340|[from] Stealth Rock
|-item|p1a: Heatran|Air Balloon
|move|p2a: Dragonite|Earthquake|p1a: Heatran
|-immune|p1a: Heatran|[msg]
|
|turn|11
|c|âlolzuk|damn, forgot the balloon
|
|switch|p2a: Slowbro|Slowbro, M|394\/394
|move|p1a: Heatran|Stealth Rock|p2a: Slowbro
|-sidestart|p2: lolzuk|move: Stealth Rock
|
|turn|12
|
|move|p1a: Heatran|Toxic|p2a: Slowbro
|-status|p2a: Slowbro|tox
|move|p2a: Slowbro|Calm Mind|p2a: Slowbro
|-boost|p2a: Slowbro|spa|1
|-boost|p2a: Slowbro|spd|1
|
|-damage|p2a: Slowbro|370\/394 tox|[from] psn
|turn|13
|
|switch|p1a: Chansey|Chansey, F|684\/684
|-damage|p1a: Chansey|599\/684|[from] Stealth Rock
|move|p2a: Slowbro|Scald|p1a: Chansey
|-damage|p1a: Chansey|523\/684
|
|-heal|p2a: Slowbro|394\/394 tox|[from] item: Leftovers
|-damage|p2a: Slowbro|346\/394 tox|[from] psn
|turn|14
|
|move|p1a: Chansey|Seismic Toss|p2a: Slowbro
|-damage|p2a: Slowbro|246\/394 tox
|move|p2a: Slowbro|Psyshock|p1a: Chansey
|-damage|p1a: Chansey|339\/684
|
|-heal|p2a: Slowbro|270\/394 tox|[from] item: Leftovers
|-damage|p2a: Slowbro|198\/394 tox|[from] psn
|turn|15
|
|move|p1a: Chansey|Soft-Boiled|p1a: Chansey
|-heal|p1a: Chansey|681\/684
|move|p2a: Slowbro|Psyshock|p1a: Chansey
|-crit|p1a: Chansey
|-damage|p1a: Chansey|413\/684
|
|-heal|p2a: Slowbro|222\/394 tox|[from] item: Leftovers
|-damage|p2a: Slowbro|126\/394 tox|[from] psn
|turn|16
|
|switch|p2a: Conkeldurr|Conkeldurr, F|351\/351
|-damage|p2a: Conkeldurr|330\/351|[from] Stealth Rock
|move|p1a: Chansey|Soft-Boiled|p1a: Chansey
|-heal|p1a: Chansey|684\/684
|
|turn|17
|
|switch|p1a: Venusaur|Venusaur-Mega, M|364\/364
|-damage|p1a: Venusaur|319\/364|[from] Stealth Rock
|move|p2a: Conkeldurr|Drain Punch|p1a: Venusaur
|-resisted|p1a: Venusaur
|-damage|p1a: Venusaur|274\/364
|-heal|p2a: Conkeldurr|351\/351|[from] drain|[of] p1a: Venusaur
|
|turn|18
|
|switch|p2a: Gliscor|Gliscor, M|308\/352 tox
|-damage|p2a: Gliscor|264\/352 tox|[from] Stealth Rock
|move|p1a: Venusaur|Giga Drain|p2a: Gliscor
|-damage|p2a: Gliscor|132\/352 tox
|-heal|p1a: Venusaur|340\/364|[from] drain|[of] p2a: Gliscor
|
|-heal|p2a: Gliscor|176\/352 tox|[from] ability: Poison Heal
|turn|19
|leave|jake5s uncle
|
|move|p2a: Gliscor|Roost|p2a: Gliscor
|-heal|p2a: Gliscor|352\/352 tox
|move|p1a: Venusaur|Giga Drain|p2a: Gliscor
|-supereffective|p2a: Gliscor
|-damage|p2a: Gliscor|74\/352 tox
|-heal|p1a: Venusaur|364\/364|[from] drain|[of] p2a: Gliscor
|
|-heal|p2a: Gliscor|118\/352 tox|[from] ability: Poison Heal
|turn|20
|
|move|p2a: Gliscor|Roost|p2a: Gliscor
|-heal|p2a: Gliscor|294\/352 tox
|move|p1a: Venusaur|Giga Drain|p2a: Gliscor
|-supereffective|p2a: Gliscor
|-damage|p2a: Gliscor|48\/352 tox
|
|-heal|p2a: Gliscor|92\/352 tox|[from] ability: Poison Heal
|turn|21
|
|switch|p2a: Dragonite|Dragonite, M|323\/323
|-damage|p2a: Dragonite|243\/323|[from] Stealth Rock
|move|p1a: Venusaur|Giga Drain|p2a: Dragonite
|-resisted|p2a: Dragonite
|-damage|p2a: Dragonite|219\/323
|
|turn|22
|
|switch|p1a: Heatran|Heatran, F|298\/340
|-damage|p1a: Heatran|256\/340|[from] Stealth Rock
|-item|p1a: Heatran|Air Balloon
|move|p2a: Dragonite|Outrage|p1a: Heatran
|-resisted|p1a: Heatran
|-damage|p1a: Heatran|98\/340
|-enditem|p1a: Heatran|Air Balloon
|
|turn|23
|
|switch|p1a: Skarmory|Skarmory, M|293\/334
|-damage|p1a: Skarmory|252\/334|[from] Stealth Rock
|move|p2a: Dragonite|Outrage|p1a: Skarmory
|-resisted|p1a: Skarmory
|-damage|p1a: Skarmory|144\/334
|-damage|p2a: Dragonite|166\/323|[from] item: Rocky Helmet|[of] p1a: Skarmory
|
|turn|24
|
|move|p2a: Dragonite|Outrage|p1a: Skarmory
|-resisted|p1a: Skarmory
|-damage|p1a: Skarmory|21\/334
|-damage|p2a: Dragonite|113\/323|[from] item: Rocky Helmet|[of] p1a: Skarmory
|move|p1a: Skarmory|Roost|p1a: Skarmory
|-heal|p1a: Skarmory|188\/334
|
|-end|p2a: Dragonite|rampage
|-start|p2a: Dragonite|confusion
|turn|25
|
|switch|p2a: Gliscor|Gliscor, M|92\/352 tox
|-damage|p2a: Gliscor|48\/352 tox|[from] Stealth Rock
|move|p1a: Skarmory|Roost|p1a: Skarmory
|-heal|p1a: Skarmory|334\/334
|
|-heal|p2a: Gliscor|92\/352 tox|[from] ability: Poison Heal
|turn|26
|
|move|p2a: Gliscor|Roost|p2a: Gliscor
|-heal|p2a: Gliscor|268\/352 tox
|move|p1a: Skarmory|Spikes|p2a: Gliscor
|-sidestart|p2: lolzuk|Spikes
|
|-heal|p2a: Gliscor|312\/352 tox|[from] ability: Poison Heal
|turn|27
|leave|tambien la lluvia
|
|switch|p2a: Excadrill|Excadrill, F|235\/361
|-damage|p2a: Excadrill|224\/361|[from] Stealth Rock
|-damage|p2a: Excadrill|179\/361|[from] Spikes
|-ability|p2a: Excadrill|Mold Breaker
|move|p1a: Skarmory|Whirlwind|p2a: Excadrill
|drag|p2a: Conkeldurr|Conkeldurr, F|351\/351
|-damage|p2a: Conkeldurr|308\/351|[from] Spikes
|-damage|p2a: Conkeldurr|287\/351|[from] Stealth Rock
|
|turn|28
|
|switch|p1a: Venusaur|Venusaur-Mega, M|364\/364
|-damage|p1a: Venusaur|319\/364|[from] Stealth Rock
|switch|p2a: Excadrill|Excadrill, F|179\/361
|-damage|p2a: Excadrill|134\/361|[from] Spikes
|-damage|p2a: Excadrill|123\/361|[from] Stealth Rock
|-ability|p2a: Excadrill|Mold Breaker
|
|turn|29
|
|switch|p1a: Skarmory|Skarmory, M|334\/334
|-damage|p1a: Skarmory|293\/334|[from] Stealth Rock
|move|p2a: Excadrill|Rapid Spin|p1a: Skarmory
|-resisted|p1a: Skarmory
|-damage|p1a: Skarmory|285\/334
|-damage|p2a: Excadrill|63\/361|[from] item: Rocky Helmet|[of] p1a: Skarmory
|-sideend|p2: lolzuk|Spikes|[from] move: Rapid Spin|[of] p2a: Excadrill
|-sideend|p2: lolzuk|Stealth Rock|[from] move: Rapid Spin|[of] p2a: Excadrill
|
|turn|30
|
|switch|p2a: Dragonite|Dragonite, M|113\/323
|move|p1a: Skarmory|Spikes|p2a: Dragonite
|-sidestart|p2: lolzuk|Spikes
|
|turn|31
|
|move|p2a: Dragonite|Fire Punch|p1a: Skarmory
|-supereffective|p1a: Skarmory
|-damage|p1a: Skarmory|95\/334
|-damage|p2a: Dragonite|60\/323|[from] item: Rocky Helmet|[of] p1a: Skarmory
|move|p1a: Skarmory|Roost|p1a: Skarmory
|-heal|p1a: Skarmory|262\/334
|
|turn|32
|
|switch|p1a: Heatran|Heatran, F|98\/340
|-damage|p1a: Heatran|56\/340|[from] Stealth Rock
|move|p2a: Dragonite|Fire Punch|p1a: Heatran
|-start|p1a: Heatran|ability: Flash Fire
|
|turn|33
|join|JEJKEK69
|
|move|p1a: Heatran|Stealth Rock|p2a: Dragonite
|-sidestart|p2: lolzuk|move: Stealth Rock
|move|p2a: Dragonite|Fire Punch|p1a: Heatran
|-immune|p1a: Heatran|[msg]
|
|turn|34
|
|move|p1a: Heatran|Fire Blast|p2a: Dragonite|[miss]
|-miss|p1a: Heatran|p2a: Dragonite
|move|p2a: Dragonite|Fire Punch|p1a: Heatran
|-immune|p1a: Heatran|[msg]
|
|turn|35
|
|move|p1a: Heatran|Fire Blast|p2a: Dragonite
|-resisted|p2a: Dragonite
|-damage|p2a: Dragonite|0 fnt
|faint|p2a: Dragonite
|
|
|switch|p2a: Slowbro|Slowbro, M|257\/394 tox
|-damage|p2a: Slowbro|208\/394 tox|[from] Spikes
|-damage|p2a: Slowbro|159\/394 tox|[from] Stealth Rock
|turn|36
|
|move|p1a: Heatran|Fire Blast|p2a: Slowbro
|-crit|p2a: Slowbro
|-resisted|p2a: Slowbro
|-damage|p2a: Slowbro|0 fnt
|faint|p2a: Slowbro
|
|
|switch|p2a: Conkeldurr|Conkeldurr, F|287\/351
|-damage|p2a: Conkeldurr|266\/351|[from] Stealth Rock
|-damage|p2a: Conkeldurr|223\/351|[from] Spikes
|turn|37
|
|switch|p1a: Venusaur|Venusaur-Mega, M|319\/364
|-damage|p1a: Venusaur|274\/364|[from] Stealth Rock
|move|p2a: Conkeldurr|Mach Punch|p1a: Venusaur
|-resisted|p1a: Venusaur
|-damage|p1a: Venusaur|250\/364
|
|turn|38
|
|move|p1a: Venusaur|Giga Drain|p2a: Conkeldurr
|-crit|p2a: Conkeldurr
|-damage|p2a: Conkeldurr|118\/351
|-heal|p1a: Venusaur|303\/364|[from] drain|[of] p2a: Conkeldurr
|move|p2a: Conkeldurr|Ice Punch|p1a: Venusaur
|-supereffective|p1a: Venusaur
|-damage|p1a: Venusaur|243\/364
|
|turn|39
|
|move|p1a: Venusaur|Giga Drain|p2a: Conkeldurr
|-damage|p2a: Conkeldurr|46\/351
|-heal|p1a: Venusaur|279\/364|[from] drain|[of] p2a: Conkeldurr
|move|p2a: Conkeldurr|Drain Punch|p1a: Venusaur
|-resisted|p1a: Venusaur
|-damage|p1a: Venusaur|226\/364
|-heal|p2a: Conkeldurr|73\/351|[from] drain|[of] p1a: Venusaur
|
|turn|40
|
|move|p1a: Venusaur|Giga Drain|p2a: Conkeldurr
|-damage|p2a: Conkeldurr|0 fnt
|-heal|p1a: Venusaur|263\/364|[from] drain|[of] p2a: Conkeldurr
|faint|p2a: Conkeldurr
|
|
|switch|p2a: Excadrill|Excadrill, F|63\/361
|-damage|p2a: Excadrill|18\/361|[from] Spikes
|-damage|p2a: Excadrill|7\/361|[from] Stealth Rock
|-ability|p2a: Excadrill|Mold Breaker
|turn|41
|
|switch|p1a: Skarmory|Skarmory, M|262\/334
|-damage|p1a: Skarmory|221\/334|[from] Stealth Rock
|move|p2a: Excadrill|Rapid Spin|p1a: Skarmory
|-resisted|p1a: Skarmory
|-damage|p1a: Skarmory|212\/334
|-damage|p2a: Excadrill|0 fnt|[from] item: Rocky Helmet|[of] p1a: Skarmory
|faint|p2a: Excadrill
|
|
|switch|p2a: Pinsir|Pinsir, F|271\/271
|-damage|p2a: Pinsir|238\/271|[from] Spikes
|-damage|p2a: Pinsir|171\/271|[from] Stealth Rock
|turn|42
|
|detailschange|p2a: Pinsir|Pinsir-Mega, F
|message|Pinsir has Mega Evolved into Mega Pinsir!
|move|p2a: Pinsir|Swords Dance|p2a: Pinsir
|-boost|p2a: Pinsir|atk|2
|move|p1a: Skarmory|Whirlwind|p2a: Pinsir
|drag|p2a: Gliscor|Gliscor, M|312\/352 tox
|-damage|p2a: Gliscor|268\/352 tox|[from] Stealth Rock
|
|-heal|p2a: Gliscor|312\/352 tox|[from] ability: Poison Heal
|turn|43
|c|âlolzuk|gg
|c|âAka DH|gg
|
|switch|p2a: Pinsir|Pinsir-Mega, F|171\/271
|-damage|p2a: Pinsir|36\/271|[from] Stealth Rock
|move|p1a: Skarmory|Roost|p1a: Skarmory
|-heal|p1a: Skarmory|334\/334
|
|turn|44
|
|move|p2a: Pinsir|Close Combat|p1a: Skarmory
|-damage|p1a: Skarmory|232\/334
|-damage|p2a: Pinsir|0 fnt|[from] item: Rocky Helmet|[of] p1a: Skarmory
|faint|p2a: Pinsir
|move|p1a: Skarmory|Roost|p1a: Skarmory
|-heal|p1a: Skarmory|334\/334
|
|
|switch|p2a: Gliscor|Gliscor, M|312\/352 tox
|-damage|p2a: Gliscor|268\/352 tox|[from] Stealth Rock
|turn|45
|join|RITP
|-message|lolzuk forfeited.
|
|win|Aka DH
|raw|Ladder updating...
|raw|Aka DH's rating: 1660 &rarr; <strong>1674<\/strong><br \/>(+14 for winning)
|raw|lolzuk's rating: 1544 &rarr; <strong>1530<\/strong><br \/>(-14 for losing)