|join|blackeye
|join|lolzuk
|player|p1|blackeye|101
|player|p2|lolzuk|164
|gametype|singles
|gen|6
|tier|OU
|rated
|clearpoke
|poke|p1|Nidoking, M, shiny
|poke|p1|Galvantula, F
|poke|p1|Empoleon, F
|poke|p1|Noivern, M
|poke|p1|Trevenant, F, shiny
|poke|p1|Scrafty, F
|poke|p2|Heatran, M
|poke|p2|Amoonguss, F
|poke|p2|Blissey, F
|poke|p2|Gliscor, M
|poke|p2|Slowbro, M
|poke|p2|Mawile, M
|rule|Sleep Clause Mod: Limit one foe put to sleep
|rule|Species Clause: Limit one of each Pokemon
|rule|OHKO Clause: OHKO moves are banned
|rule|Moody Clause: Moody is banned
|rule|Evasion Moves Clause: Evasion moves are banned
|rule|Endless Battle Clause: Forcing endless battles is banned.
|rule|HP Percentage Mod: HP is reported as percentages
|teampreview
|
|start
|switch|p1a: Galvantula|Galvantula, F|281\/281
|switch|p2a: Heatran|Heatran, M|386\/386
|turn|1
|
|switch|p1a: Scrafty|Scrafty, F|271\/271
|move|p2a: Heatran|Stealth Rock|p1a: Scrafty
|-sidestart|p1: blackeye|move: Stealth Rock
|
|turn|2
|
|switch|p2a: Gliscor|Gliscor, M|354\/354
|move|p1a: Scrafty|Knock Off|p2a: Gliscor
|-damage|p2a: Gliscor|264\/354
|-enditem|p2a: Gliscor|Toxic Orb|[from] move: Knock Off|[of] p1a: Scrafty
|
|turn|3
|chat|blackeye|muahahahaha
|
|switch|p1a: Empoleon|Empoleon, F|309\/309
|-damage|p1a: Empoleon|290\/309|[from] Stealth Rock
|-item|p1a: Empoleon|Air Balloon
|move|p2a: Gliscor|Toxic|p1a: Empoleon
|-fail|p1a: Empoleon
|
|turn|4
|
|switch|p2a: Amoonguss|Amoonguss, F|432\/432
|move|p1a: Empoleon|Stealth Rock|p2a: Amoonguss
|-sidestart|p2: lolzuk|move: Stealth Rock
|
|turn|5
|
|switch|p1a: Trevenant|Trevenant, F, shiny|374\/374
|-damage|p1a: Trevenant|328\/374|[from] Stealth Rock
|move|p2a: Amoonguss|Spore|p1a: Trevenant
|-fail|p1a: Trevenant
|
|turn|6
|
|move|p1a: Trevenant|Will-O-Wisp|p2a: Amoonguss|[miss]
|-miss|p1a: Trevenant|p2a: Amoonguss
|move|p2a: Amoonguss|Sludge Bomb|p1a: Trevenant
|-damage|p1a: Trevenant|223\/374
|
|turn|7
|
|switch|p2a: Heatran|Heatran, M|386\/386
|-damage|p2a: Heatran|338\/386|[from] Stealth Rock
|move|p1a: Trevenant|Shadow Claw|p2a: Heatran
|-crit|p2a: Heatran
|-damage|p2a: Heatran|239\/386
|
|-heal|p2a: Heatran|263\/386|[from] item: Leftovers
|turn|8
|
|switch|p1a: Scrafty|Scrafty, F|271\/271
|-damage|p1a: Scrafty|255\/271|[from] Stealth Rock
|move|p2a: Heatran|Lava Plume|p1a: Scrafty
|-damage|p1a: Scrafty|165\/271
|
|-heal|p2a: Heatran|287\/386|[from] item: Leftovers
|turn|9
|
|switch|p2a: Gliscor|Gliscor, M|264\/354
|-damage|p2a: Gliscor|220\/354|[from] Stealth Rock
|move|p1a: Scrafty|Drain Punch|p2a: Gliscor
|-resisted|p2a: Gliscor
|-damage|p2a: Gliscor|184\/354
|-heal|p1a: Scrafty|183\/271|[from] drain|[of] p2a: Gliscor
|
|turn|10
|
|switch|p1a: Empoleon|Empoleon, F|290\/309
|-damage|p1a: Empoleon|271\/309|[from] Stealth Rock
|-item|p1a: Empoleon|Air Balloon
|move|p2a: Gliscor|Knock Off|p1a: Empoleon
|-damage|p1a: Empoleon|212\/309
|-enditem|p1a: Empoleon|Air Balloon
|
|turn|11
|
|switch|p2a: Blissey|Blissey, F|714\/714
|-damage|p2a: Blissey|625\/714|[from] Stealth Rock
|move|p1a: Empoleon|Ice Beam|p2a: Blissey
|-damage|p2a: Blissey|550\/714
|-status|p2a: Blissey|frz
|
|-heal|p2a: Blissey|594\/714 frz|[from] item: Leftovers
|turn|12
|
|switch|p2a: Slowbro|Slowbro, M|394\/394
|-damage|p2a: Slowbro|345\/394|[from] Stealth Rock
|move|p1a: Empoleon|Ice Beam|p2a: Slowbro
|-resisted|p2a: Slowbro
|-damage|p2a: Slowbro|304\/394
|-status|p2a: Slowbro|frz
|
|turn|13
|chat|lolzuk|WTF?!
|
|switch|p2a: Blissey|Blissey, F|594\/714
|-damage|p2a: Blissey|505\/714|[from] Stealth Rock
|move|p1a: Empoleon|Ice Beam|p2a: Blissey
|-damage|p2a: Blissey|422\/714
|
|-heal|p2a: Blissey|466\/714|[from] item: Leftovers
|turn|14
|chat|lolzuk|10% chance x2
|
|switch|p1a: Scrafty|Scrafty, F|183\/271
|-damage|p1a: Scrafty|167\/271|[from] Stealth Rock
|move|p2a: Blissey|Heal Bell|p2a: Blissey
|-cureteam|p2a: Blissey|[from] move: HealBell
|
|-heal|p2a: Blissey|510\/714|[from] item: Leftovers
|turn|15
|
|switch|p2a: Gliscor|Gliscor, M|184\/354
|-damage|p2a: Gliscor|140\/354|[from] Stealth Rock
|move|p1a: Scrafty|Dragon Dance|p1a: Scrafty
|-boost|p1a: Scrafty|atk|1
|-boost|p1a: Scrafty|spe|1
|
|turn|16
|
|move|p1a: Scrafty|Knock Off|p2a: Gliscor
|-damage|p2a: Gliscor|44\/354
|move|p2a: Gliscor|Toxic|p1a: Scrafty
|-status|p1a: Scrafty|tox
|-enditem|p1a: Scrafty|Lum Berry|[eat]
|-curestatus|p1a: Scrafty|tox
|
|turn|17
|
|move|p1a: Scrafty|Knock Off|p2a: Gliscor
|-damage|p2a: Gliscor|0 fnt
|faint|p2a: Gliscor
|
|
|switch|p2a: Mawile|Mawile, M|304\/304
|-damage|p2a: Mawile|285\/304|[from] Stealth Rock
|-ability|p2a: Mawile|Intimidate|[of] p1a: Scrafty
|-unboost|p1a: Scrafty|atk|1
|turn|18
|
|switch|p1a: Empoleon|Empoleon, F|212\/309
|-damage|p1a: Empoleon|193\/309|[from] Stealth Rock
|detailschange|p2a: Mawile|Mawile-Mega, M
|message|Mawile has Mega Evolved into Mega Mawile!
|move|p2a: Mawile|Substitute|p2a: Mawile
|-start|p2a: Mawile|Substitute
|-damage|p2a: Mawile|209\/304
|
|turn|19
|
|-singleturn|p2a: Mawile|move: Focus Punch
|move|p2a: Mawile|Focus Punch|p1a: Empoleon
|-supereffective|p1a: Empoleon
|-damage|p1a: Empoleon|0 fnt
|faint|p1a: Empoleon
|
|
|switch|p1a: Noivern|Noivern, M|311\/311
|-damage|p1a: Noivern|234\/311|[from] Stealth Rock
|turn|20
|
|move|p2a: Mawile|Sucker Punch|p1a: Noivern
|-damage|p1a: Noivern|24\/311
|move|p1a: Noivern|Focus Blast|p2a: Mawile
|-damage|p2a: Mawile|57\/304
|-damage|p1a: Noivern|0 fnt|[from] item: Life Orb
|faint|p1a: Noivern
|
|
|switch|p1a: Galvantula|Galvantula, F|281\/281
|-damage|p1a: Galvantula|211\/281|[from] Stealth Rock
|turn|21
|
|move|p1a: Galvantula|Bug Buzz|p2a: Mawile
|-resisted|p2a: Mawile
|-damage|p2a: Mawile|24\/304
|move|p2a: Mawile|Play Rough|p1a: Galvantula
|-damage|p1a: Galvantula|0 fnt
|faint|p1a: Galvantula
|
|
|switch|p1a: Trevenant|Trevenant, F, shiny|223\/374
|-damage|p1a: Trevenant|177\/374|[from] Stealth Rock
|-enditem|p1a: Trevenant|Sitrus Berry|[eat]
|-heal|p1a: Trevenant|270\/374|[from] item: Sitrus Berry
|turn|22
|
|move|p2a: Mawile|Sucker Punch|p1a: Trevenant
|-supereffective|p1a: Trevenant
|-damage|p1a: Trevenant|0 fnt
|faint|p1a: Trevenant
|
|-message|blackeye forfeited.
|
|win|lolzuk
|raw|Ladder updating...
|raw|blackeye's rating: 1383 &rarr; <strong>1360<\/strong><br \/>(-23 for losing)
|raw|lolzuk's rating: 1344 &rarr; <strong>1366<\/strong><br \/>(+22 for winning)
|leave|blackeye
|player|p1
|chat|lolzuk|haha