|join|lolzuk
|join|Celtis3459
|player|p1|lolzuk|209
|player|p2|Celtis3459|266
|gametype|singles
|gen|6
|tier|OU
|rated
|clearpoke
|poke|p1|Pinsir, M
|poke|p1|Conkeldurr, F
|poke|p1|Excadrill, F
|poke|p1|Gliscor, M
|poke|p1|Slowbro, F
|poke|p1|Dragonite, F
|poke|p2|Zapdos, shiny
|poke|p2|Mew, shiny
|poke|p2|Chansey, F, shiny
|poke|p2|Greninja, M, shiny
|poke|p2|Metagross, shiny
|poke|p2|Gothitelle, F, shiny
|rule|Swagger Clause: Swagger is banned
|rule|Baton Pass Clause: Limit one PokÃ©mon knowing Baton Pass
|rule|Sleep Clause Mod: Limit one foe put to sleep
|rule|Species Clause: Limit one of each PokÃ©mon
|rule|OHKO Clause: OHKO moves are banned
|rule|Moody Clause: Moody is banned
|rule|Evasion Moves Clause: Evasion moves are banned
|rule|Endless Battle Clause: Forcing endless battles is banned
|rule|HP Percentage Mod: HP is shown in percentages
|teampreview
|
|start
|switch|p1a: Conkeldurr|Conkeldurr, F|351\/351
|switch|p2a: Mew|Mew, shiny|404\/404
|turn|1
|
|move|p2a: Mew|Knock Off|p1a: Conkeldurr
|-resisted|p1a: Conkeldurr
|-damage|p1a: Conkeldurr|313\/351
|-enditem|p1a: Conkeldurr|Assault Vest|[from] move: Knock Off|[of] p2a: Mew
|move|p1a: Conkeldurr|Knock Off|p2a: Mew
|-supereffective|p2a: Mew
|-damage|p2a: Mew|188\/404
|-enditem|p2a: Mew|Leftovers|[from] move: Knock Off|[of] p1a: Conkeldurr
|
|turn|2
|
|move|p2a: Mew|Roost|p2a: Mew
|-heal|p2a: Mew|390\/404
|move|p1a: Conkeldurr|Knock Off|p2a: Mew
|-supereffective|p2a: Mew
|-damage|p2a: Mew|228\/404
|
|turn|3
|
|switch|p2a: Gothitelle|Gothitelle, F, shiny|301\/301
|move|p1a: Conkeldurr|Knock Off|p2a: Gothitelle
|-supereffective|p2a: Gothitelle
|-damage|p2a: Gothitelle|55\/301
|-enditem|p2a: Gothitelle|Choice Scarf|[from] move: Knock Off|[of] p1a: Conkeldurr
|
|turn|4
|
|move|p1a: Conkeldurr|Mach Punch|p2a: Gothitelle
|-resisted|p2a: Gothitelle
|-damage|p2a: Gothitelle|17\/301
|move|p2a: Gothitelle|Psyshock|p1a: Conkeldurr
|-supereffective|p1a: Conkeldurr
|-damage|p1a: Conkeldurr|137\/351
|
|turn|5
|
|switch|p2a: Zapdos|Zapdos, shiny|384\/384
|-ability|p2a: Zapdos|Pressure
|move|p1a: Conkeldurr|Mach Punch|p2a: Zapdos
|-resisted|p2a: Zapdos
|-damage|p2a: Zapdos|348\/384
|
|-heal|p2a: Zapdos|372\/384|[from] item: Leftovers
|turn|6
|
|switch|p1a: Excadrill|Excadrill, F|361\/361
|-ability|p1a: Excadrill|Mold Breaker
|move|p2a: Zapdos|Thunderbolt|p1a: Excadrill
|-immune|p1a: Excadrill|[msg]
|
|-heal|p2a: Zapdos|384\/384|[from] item: Leftovers
|turn|7
|
|move|p2a: Zapdos|Heat Wave|p1a: Excadrill
|-supereffective|p1a: Excadrill
|-damage|p1a: Excadrill|231\/361
|move|p1a: Excadrill|Rock Slide|p2a: Zapdos
|-supereffective|p2a: Zapdos
|-damage|p2a: Zapdos|224\/384
|
|-heal|p2a: Zapdos|248\/384|[from] item: Leftovers
|turn|8
|
|switch|p1a: Gliscor|Gliscor, M|352\/352
|move|p2a: Zapdos|Heat Wave|p1a: Gliscor
|-damage|p1a: Gliscor|242\/352
|
|-heal|p2a: Zapdos|272\/384|[from] item: Leftovers
|-status|p1a: Gliscor|tox|[from] item: Toxic Orb
|turn|9
|
|switch|p2a: Gothitelle|Gothitelle, F, shiny|17\/301
|switch|p1a: Conkeldurr|Conkeldurr, F|137\/351
|
|turn|10
|
|switch|p2a: Metagross|Metagross, shiny|302\/302
|move|p1a: Conkeldurr|Knock Off|p2a: Metagross
|-supereffective|p2a: Metagross
|-damage|p2a: Metagross|168\/302
|
|turn|11
|
|switch|p2a: Greninja|Greninja, M, shiny|285\/285
|switch|p1a: Slowbro|Slowbro, F|394\/394
|
|turn|12
|
|switch|p1a: Conkeldurr|Conkeldurr, F|137\/351
|move|p2a: Greninja|Dark Pulse|p1a: Conkeldurr
|-start|p2a: Greninja|typechange|Dark|[from] Protean
|-resisted|p1a: Conkeldurr
|-damage|p1a: Conkeldurr|62\/351
|-damage|p2a: Greninja|257\/285|[from] item: Life Orb
|
|turn|13
|
|switch|p2a: Zapdos|Zapdos, shiny|272\/384
|-ability|p2a: Zapdos|Pressure
|move|p1a: Conkeldurr|Mach Punch|p2a: Zapdos
|-resisted|p2a: Zapdos
|-damage|p2a: Zapdos|234\/384
|
|-heal|p2a: Zapdos|258\/384|[from] item: Leftovers
|turn|14
|
|move|p2a: Zapdos|Heat Wave|p1a: Conkeldurr
|-damage|p1a: Conkeldurr|0 fnt
|faint|p1a: Conkeldurr
|
|-heal|p2a: Zapdos|282\/384|[from] item: Leftovers
|
|switch|p1a: Gliscor|Gliscor, M|242\/352 tox
|turn|15
|
|switch|p2a: Gothitelle|Gothitelle, F, shiny|17\/301
|move|p1a: Gliscor|Toxic|p2a: Gothitelle|[miss]
|-miss|p1a: Gliscor|p2a: Gothitelle
|
|-heal|p1a: Gliscor|286\/352 tox|[from] ability: Poison Heal
|turn|16
|c|âlolzuk|ffs
|
|move|p2a: Gothitelle|Trick|p1a: Gliscor
|-activate|p2a: Gothitelle|move: Trick|[of] p1a: Gliscor
|-item|p2a: Gothitelle|Toxic Orb|[from] move: Trick
|move|p1a: Gliscor|Roost|p1a: Gliscor
|-heal|p1a: Gliscor|352\/352 tox
|
|-status|p2a: Gothitelle|tox|[from] item: Toxic Orb
|turn|17
|
|move|p2a: Gothitelle|Rest|p2a: Gothitelle
|-status|p2a: Gothitelle|slp
|-heal|p2a: Gothitelle|301\/301 slp|[silent]
|-status|p2a: Gothitelle|slp|[from] move: Rest
|move|p1a: Gliscor|Stealth Rock|p2a: Gothitelle
|-sidestart|p2: Celtis3459|move: Stealth Rock
|
|turn|18
|
|cant|p2a: Gothitelle|slp
|move|p1a: Gliscor|Earthquake|p2a: Gothitelle
|-damage|p2a: Gothitelle|201\/301 slp
|
|turn|19
|
|cant|p2a: Gothitelle|slp
|move|p1a: Gliscor|Earthquake|p2a: Gothitelle
|-damage|p2a: Gothitelle|99\/301 slp
|
|turn|20
|
|-curestatus|p2a: Gothitelle|slp
|move|p2a: Gothitelle|Calm Mind|p2a: Gothitelle
|-boost|p2a: Gothitelle|spa|1
|-boost|p2a: Gothitelle|spd|1
|move|p1a: Gliscor|Earthquake|p2a: Gothitelle
|-damage|p2a: Gothitelle|0 fnt
|faint|p2a: Gothitelle
|
|
|switch|p2a: Zapdos|Zapdos, shiny|282\/384
|-damage|p2a: Zapdos|186\/384|[from] Stealth Rock
|-ability|p2a: Zapdos|Pressure
|turn|21
|
|move|p2a: Zapdos|Defog|p1a: Gliscor
|-unboost|p1a: Gliscor|evasion|1
|-sideend|p2: Celtis3459|Stealth Rock|[from] move: Defog|[of] p2a: Zapdos
|move|p1a: Gliscor|Toxic|p2a: Zapdos|[miss]
|-miss|p1a: Gliscor|p2a: Zapdos
|
|-heal|p2a: Zapdos|210\/384|[from] item: Leftovers
|turn|22
|c|âCeltis3459|Sorry bro
|c|âlolzuk|WHAT IS THIS
|
|switch|p2a: Greninja|Greninja, M, shiny|257\/285
|move|p1a: Gliscor|Stealth Rock|p2a: Greninja
|-sidestart|p2: Celtis3459|move: Stealth Rock
|
|turn|23
|
|switch|p1a: Slowbro|Slowbro, F|394\/394
|move|p2a: Greninja|Ice Beam|p1a: Slowbro
|-start|p2a: Greninja|typechange|Ice|[from] Protean
|-resisted|p1a: Slowbro
|-damage|p1a: Slowbro|290\/394
|-damage|p2a: Greninja|229\/285|[from] item: Life Orb
|
|-heal|p1a: Slowbro|314\/394|[from] item: Leftovers
|turn|24
|
|switch|p1a: Gliscor|Gliscor, M|352\/352 tox
|move|p2a: Greninja|Ice Beam|p1a: Gliscor
|-supereffective|p1a: Gliscor
|-damage|p1a: Gliscor|0 fnt
|-damage|p2a: Greninja|201\/285|[from] item: Life Orb
|faint|p1a: Gliscor
|
|
|switch|p1a: Excadrill|Excadrill, F|231\/361
|-ability|p1a: Excadrill|Mold Breaker
|turn|25
|
|move|p2a: Greninja|Hydro Pump|p1a: Excadrill
|-start|p2a: Greninja|typechange|Water|[from] Protean
|-supereffective|p1a: Excadrill
|-damage|p1a: Excadrill|0 fnt
|-damage|p2a: Greninja|173\/285|[from] item: Life Orb
|faint|p1a: Excadrill
|
|
|switch|p1a: Slowbro|Slowbro, F|394\/394
|turn|26
|
|move|p2a: Greninja|Dark Pulse|p1a: Slowbro
|-start|p2a: Greninja|typechange|Dark|[from] Protean
|-supereffective|p1a: Slowbro
|-damage|p1a: Slowbro|4\/394
|-damage|p2a: Greninja|145\/285|[from] item: Life Orb
|move|p1a: Slowbro|Scald|p2a: Greninja
|-damage|p2a: Greninja|18\/285
|
|-heal|p1a: Slowbro|28\/394|[from] item: Leftovers
|turn|27
|
|move|p2a: Greninja|Ice Beam|p1a: Slowbro
|-start|p2a: Greninja|typechange|Ice|[from] Protean
|-resisted|p1a: Slowbro
|-damage|p1a: Slowbro|0 fnt
|-damage|p2a: Greninja|0 fnt|[from] item: Life Orb
|faint|p1a: Slowbro
|faint|p2a: Greninja
|
|
|switch|p1a: Pinsir|Pinsir, M|271\/271
|switch|p2a: Zapdos|Zapdos, shiny|210\/384
|-damage|p2a: Zapdos|114\/384|[from] Stealth Rock
|-ability|p2a: Zapdos|Pressure
|turn|28
|
|detailschange|p1a: Pinsir|Pinsir-Mega, M
|message|Pinsir has Mega Evolved into Mega Pinsir!
|move|p1a: Pinsir|Return|p2a: Zapdos
|-resisted|p2a: Zapdos
|-damage|p2a: Zapdos|0 fnt
|faint|p2a: Zapdos
|
|
|switch|p2a: Metagross|Metagross, shiny|168\/302
|-damage|p2a: Metagross|150\/302|[from] Stealth Rock
|turn|29
|
|detailschange|p2a: Metagross|Metagross-Mega, shiny
|message|Metagross has Mega Evolved into Mega Metagross!
|move|p1a: Pinsir|Close Combat|p2a: Metagross
|-damage|p2a: Metagross|26\/302
|-unboost|p1a: Pinsir|def|1
|-unboost|p1a: Pinsir|spd|1
|move|p2a: Metagross|Meteor Mash|p1a: Pinsir
|-damage|p1a: Pinsir|0 fnt
|faint|p1a: Pinsir
|
|
|switch|p1a: Dragonite|Dragonite, F|323\/323
|turn|30
|
|move|p2a: Metagross|Meteor Mash|p1a: Dragonite
|-damage|p1a: Dragonite|193\/323
|move|p1a: Dragonite|Outrage|p2a: Metagross
|-resisted|p2a: Metagross
|-damage|p2a: Metagross|0 fnt
|faint|p2a: Metagross
|
|
|switch|p2a: Mew|Mew, shiny|228\/404
|-damage|p2a: Mew|178\/404|[from] Stealth Rock
|turn|31
|
|move|p2a: Mew|Will-O-Wisp|p1a: Dragonite
|-status|p1a: Dragonite|brn
|move|p1a: Dragonite|Outrage|p2a: Mew
|-damage|p2a: Mew|18\/404
|
|-damage|p1a: Dragonite|153\/323 brn|[from] brn
|turn|32
|
|move|p2a: Mew|Roost|p2a: Mew
|-heal|p2a: Mew|220\/404
|move|p1a: Dragonite|Outrage|p2a: Mew
|-damage|p2a: Mew|73\/404
|
|-end|p1a: Dragonite|rampage
|-start|p1a: Dragonite|confusion
|-damage|p1a: Dragonite|113\/323 brn|[from] brn
|turn|33
|
|move|p2a: Mew|Roost|p2a: Mew
|-heal|p2a: Mew|275\/404
|-activate|p1a: Dragonite|confusion
|-damage|p1a: Dragonite|71\/323 brn|[from] confusion
|
|-damage|p1a: Dragonite|31\/323 brn|[from] brn
|turn|34
|
|move|p2a: Mew|Knock Off|p1a: Dragonite
|-damage|p1a: Dragonite|0 fnt
|-enditem|p1a: Dragonite|Choice Band|[from] move: Knock Off|[of] p2a: Mew
|faint|p1a: Dragonite
|
|win|Celtis3459
|raw|Ladder updating...
|raw|lolzuk's rating: 1530 &rarr; <strong>1505<\/strong><br \/>(-25 for losing)
|raw|Celtis3459's rating: 1434 &rarr; <strong>1460<\/strong><br \/>(+26 for winning)
|c|âCeltis3459|gg
|leave|lolzuk
|player|p1