|join|lolzuk
|join|cruise2datop
|player|p1|lolzuk|209
|player|p2|cruise2datop|1
|gametype|singles
|gen|6
|tier|OU
|rated
|clearpoke
|poke|p1|Excadrill, F
|poke|p1|Pinsir, F
|poke|p1|Tyranitar, F
|poke|p1|Clefable, M
|poke|p1|Keldeo-Resolute
|poke|p1|Breloom, F
|poke|p2|Crawdaunt, F
|poke|p2|Talonflame, F
|poke|p2|Metagross
|poke|p2|Bisharp, M
|poke|p2|Latios, M
|poke|p2|Landorus, M
|rule|Swagger Clause: Swagger is banned
|rule|Baton Pass Clause: Limit one PokÃ©mon knowing Baton Pass
|rule|Sleep Clause Mod: Limit one foe put to sleep
|rule|Species Clause: Limit one of each PokÃ©mon
|rule|OHKO Clause: OHKO moves are banned
|rule|Moody Clause: Moody is banned
|rule|Evasion Moves Clause: Evasion moves are banned
|rule|Endless Battle Clause: Forcing endless battles is banned
|rule|HP Percentage Mod: HP is shown in percentages
|teampreview
|
|start
|switch|p1a: Breloom|Breloom, F|261\/261
|switch|p2a: Talonflame|Talonflame, F|297\/297
|turn|1
|
|move|p2a: Talonflame|U-turn|p1a: Breloom
|-damage|p1a: Breloom|141\/261
|
|switch|p2a: Bisharp|Bisharp, M|271\/271
|move|p1a: Breloom|Spore|p2a: Bisharp
|-status|p2a: Bisharp|slp
|
|turn|2
|
|switch|p1a: Tyranitar|Tyranitar, F|403\/403
|-weather|Sandstorm
|switch|p2a: Metagross|Metagross|301\/301
|
|-weather|Sandstorm|[upkeep]
|turn|3
|
|detailschange|p2a: Metagross|Metagross-Mega
|-mega|p2a: Metagross|Metagross|Metagrossite
|move|p2a: Metagross|Meteor Mash|p1a: Tyranitar
|-supereffective|p1a: Tyranitar
|-damage|p1a: Tyranitar|101\/403
|move|p1a: Tyranitar|Thunder Wave|p2a: Metagross
|-status|p2a: Metagross|par
|
|-weather|Sandstorm|[upkeep]
|-heal|p1a: Tyranitar|126\/403|[from] item: Leftovers
|turn|4
|
|move|p1a: Tyranitar|Stealth Rock|p2a: Metagross
|-sidestart|p2: cruise2datop|move: Stealth Rock
|move|p2a: Metagross|Meteor Mash|p1a: Tyranitar
|-supereffective|p1a: Tyranitar
|-damage|p1a: Tyranitar|0 fnt
|-boost|p2a: Metagross|atk|1
|faint|p1a: Tyranitar
|
|-weather|Sandstorm|[upkeep]
|
|switch|p1a: Excadrill|Excadrill, F|361\/361
|turn|5
|
|move|p1a: Excadrill|Earthquake|p2a: Metagross
|-supereffective|p2a: Metagross
|-damage|p2a: Metagross|0 fnt
|-damage|p1a: Excadrill|325\/361|[from] item: Life Orb
|faint|p2a: Metagross
|
|-weather|Sandstorm|[upkeep]
|
|switch|p2a: Crawdaunt|Crawdaunt, F|329\/329
|-damage|p2a: Crawdaunt|288\/329|[from] Stealth Rock
|turn|6
|c|âcruise2datop|aqua jet is noice off adaptability
|
|move|p1a: Excadrill|Earthquake|p2a: Crawdaunt
|-damage|p2a: Crawdaunt|0 fnt
|-damage|p1a: Excadrill|289\/361|[from] item: Life Orb
|faint|p2a: Crawdaunt
|
|-weather|none
|c|âlolzuk|:O
|c|âlolzuk|you didnt use squa jet?
|-message|cruise2datop forfeited.
|leave|cruise2datop
|
|win|lolzuk
|raw|Ladder updating...
|player|p2
|raw|lolzuk's rating: 1606 &rarr; <strong>1619<\/strong><br \/>(+13 for winning)
|raw|cruise2datop's rating: 1481 &rarr; <strong>1468<\/strong><br \/>(-13 for losing)