|join|lolzuk
|join|IN AGONIZING PAIN
|join|spuun
|join|so hard right now
|join|RIP Thorin
|join|LMay
|join|Fubuki's Revenge
|join|Smash Monkey
|join|Reverend
|join|seba1124
|join|LightSage1331
|join|Grumtastic
|join|DutyFree
|join|m13
|c|âlolzuk|finals :o
|join|ehareh
|player|p1|lolzuk|209
|player|p2|IN AGONIZING PAIN|188
|gametype|singles
|gen|6
|tier|OU
|clearpoke
|poke|p1|Ferrothorn, M
|poke|p1|Heatran, M
|poke|p1|Keldeo
|poke|p1|Starmie
|poke|p1|Talonflame, F
|poke|p1|Lopunny, F
|poke|p2|Gardevoir, F
|poke|p2|Landorus-Therian, M
|poke|p2|Keldeo-Resolute
|poke|p2|Latios, M
|poke|p2|Bisharp, F, shiny
|poke|p2|Klefki, F
|rule|Swagger Clause: Swagger is banned
|rule|Baton Pass Clause: Limit one PokÃ©mon knowing Baton Pass
|rule|Sleep Clause Mod: Limit one foe put to sleep
|rule|Species Clause: Limit one of each PokÃ©mon
|rule|OHKO Clause: OHKO moves are banned
|rule|Moody Clause: Moody is banned
|rule|Evasion Moves Clause: Evasion moves are banned
|rule|Endless Battle Clause: Forcing endless battles is banned
|rule|HP Percentage Mod: HP is shown in percentages
|teampreview
|c| m13|FINAL BITCHES
|join|OKTESTGOTO
|c|âlolzuk|Although I shouldn't be here lol
|join|otopiano
|join|ArchPhantom
|join|Jamel
|join|mastermind15
|join|evileddy1
|join|stockholm negro
|join|bforrester16
|join|pyromaniac 963
|c| m13|good luck in agonizing pain
|join|zach27
|join|Agilis
|join|jeronado
|join|Translucent
|c| m13|good luck lolzuk
|join|zebra.k
|c| m13|have fun you both
|join|thespiritinthesky
|c|âlolzuk|ty
|join|hashtagRjx
|leave|OKTESTGOTO
|join|awetyu
|join|pokemonomekop
|join|Gghhh
|c| Smash Monkey|Try not too be in to much pain
|
|start
|switch|p1a: Keldeo|Keldeo|323\/323
|switch|p2a: Ludwig|Keldeo-Resolute|323\/323
|turn|1
|join|littlelucario
|c| Blaino|no BD naught? such low level play imo
|c| Jamel|lol anyone notice the two megas are the two pokemon used in pokemon hentai etc.
|leave|LMay
|
|switch|p2a: Eeyore|Latios, M|303\/303
|move|p1a: Keldeo|Scald|p2a: Eeyore
|-resisted|p2a: Eeyore
|-damage|p2a: Eeyore|204\/303
|
|turn|2
|c| Blaino|no
|join|Betapf
|c| Smash Monkey|only you...
|c| Grumtastic|i dont look at pokeporn so  thats all you bud
|
|switch|p2a: Ludwig|Keldeo-Resolute|323\/323
|switch|p1a: Ferrothorn|Ferrothorn, M|352\/352
|
|turn|3
|c| LightSage1331|o
|c| Translucent|them predictions tho
|c| DutyFree|Klefki should be named Key kleptomaniac.
|join|Future killer
|
|switch|p1a: Starmie|Starmie|324\/324
|move|p2a: Ludwig|Secret Sword|p1a: Starmie
|-resisted|p1a: Starmie
|-damage|p1a: Starmie|234\/324
|
|-heal|p1a: Starmie|254\/324|[from] item: Leftovers
|turn|4
|join|Spooter
|c| Grumtastic|guys like jamel is what destroyed the sonic fanbase lol
|
|switch|p2a: Eeyore|Latios, M|204\/303
|move|p1a: Starmie|Scald|p2a: Eeyore
|-resisted|p2a: Eeyore
|-damage|p2a: Eeyore|159\/303
|
|-heal|p1a: Starmie|274\/324|[from] item: Leftovers
|turn|5
|join|Skyvex
|c| LightSage1331|Clearly a klefki should be named My Mercedes, or however you spell that company name lol
|c| Jamel|i dont watch pokemon porn its just if u search up gardevoir or lopunny thts a lot of dirty pics
|c| Smash Monkey|sonic had a fanbase?
|c| Blaino|im glad i don't lurk the internet enough to get this
|join|blooper753
|
|switch|p1a: Ferrothorn|Ferrothorn, M|352\/352
|move|p2a: Eeyore|Recover|p2a: Eeyore
|-heal|p2a: Eeyore|303\/303
|
|turn|6
|join|GunnerRohan
|join|thatisnotedible
|join|qwertyuiop12321
|c| Grumtastic|sonic has a toxic perverted fanbase
|c| Blaino|and that isnt really porn jamel. just furfag fanart
|leave|GunnerRohan
|join|JusCuzzInc
|
|switch|p2a: Cassandra|Landorus-Therian, M|367\/367
|-ability|p2a: Cassandra|Intimidate|[of] p1a: Ferrothorn
|-unboost|p1a: Ferrothorn|atk|1
|move|p1a: Ferrothorn|Leech Seed|p2a: Cassandra
|-start|p2a: Cassandra|move: Leech Seed
|
|-damage|p2a: Cassandra|322\/367|[from] Leech Seed|[of] p1a: Ferrothorn
|turn|7
|c| DutyFree|pokemon is porn...latias is a blu flying d.ick
|c| Jamel|u know what i mean .-.
|leave|littlelucario
|c| Blaino|still AIDS just like pokeporn
|
|move|p1a: Ferrothorn|Protect|p1a: Ferrothorn
|-singleturn|p1a: Ferrothorn|Protect
|move|p2a: Cassandra|Stealth Rock|p1a: Ferrothorn
|-sidestart|p1: lolzuk|move: Stealth Rock
|
|-heal|p2a: Cassandra|344\/367|[from] item: Leftovers
|-damage|p2a: Cassandra|299\/367|[from] Leech Seed|[of] p1a: Ferrothorn
|turn|8
|raw|<div class="broadcast-red"><b>Moderated chat was set to +!<\/b><br \/>Only users of rank + and higher can talk.<\/div>
|join|JUmba Wumba
|leave|pokemonomekop
|c|âIN AGONIZING PAIN|shut up u disgusting fucks
|
|switch|p2a: Ludwig|Keldeo-Resolute|323\/323
|move|p1a: Ferrothorn|Spikes|p2a: Ludwig
|-sidestart|p2: IN AGONIZING PAIN|Spikes
|
|turn|9
|join|Jlh40
|leave|mastermind15
|
|switch|p2a: Thomas|Bisharp, F, shiny|291\/291
|-damage|p2a: Thomas|255\/291|[from] Spikes
|switch|p1a: Starmie|Starmie|274\/324
|-damage|p1a: Starmie|234\/324|[from] Stealth Rock
|
|-heal|p1a: Starmie|254\/324|[from] item: Leftovers
|turn|10
|leave|Jlh40
|join|GoOuYourself
|leave|GoOuYourself
|join|only team testing
|join|yiyiddd
|
|move|p1a: Starmie|Scald|p2a: Thomas
|-damage|p2a: Thomas|129\/291
|move|p2a: Thomas|Knock Off|p1a: Starmie
|-supereffective|p1a: Starmie
|-damage|p1a: Starmie|0 fnt
|-enditem|p1a: Starmie|Leftovers|[from] move: Knock Off|[of] p2a: Thomas
|faint|p1a: Starmie
|
|leave|blooper753
|join|pokemonomekop
|join|FortheAchievements
|leave|pokemonomekop
|leave|FortheAchievements
|
|switch|p1a: Lopunny|Lopunny, F|271\/271
|-damage|p1a: Lopunny|238\/271|[from] Stealth Rock
|turn|11
|join|Snorlax's pillow
|
|switch|p2a: Cassandra|Landorus-Therian, M|299\/367
|-ability|p2a: Cassandra|Intimidate|[of] p1a: Lopunny
|-unboost|p1a: Lopunny|atk|1
|detailschange|p1a: Lopunny|Lopunny-Mega, F
|-mega|p1a: Lopunny|Lopunny|Lopunnite
|move|p1a: Lopunny|High Jump Kick|p2a: Cassandra
|-resisted|p2a: Cassandra
|-damage|p2a: Cassandra|239\/367
|
|-heal|p2a: Cassandra|261\/367|[from] item: Leftovers
|turn|12
|
|switch|p2a: Kevin|Klefki, F|318\/318
|-damage|p2a: Kevin|279\/318|[from] Spikes
|move|p1a: Lopunny|Return|p2a: Kevin
|-resisted|p2a: Kevin
|-damage|p2a: Kevin|216\/318
|
|-heal|p2a: Kevin|235\/318|[from] item: Leftovers
|turn|13
|join|Yankmeister
|
|switch|p1a: Ferrothorn|Ferrothorn, M|352\/352
|-damage|p1a: Ferrothorn|330\/352|[from] Stealth Rock
|move|p2a: Kevin|Spikes|p1a: Ferrothorn
|-sidestart|p1: lolzuk|Spikes
|
|-heal|p2a: Kevin|254\/318|[from] item: Leftovers
|-heal|p1a: Ferrothorn|352\/352|[from] item: Leftovers
|turn|14
|leave|Snorlax's pillow
|leave|JUmba Wumba
|leave|jeronado
|
|move|p2a: Kevin|Spikes|p1a: Ferrothorn
|-sidestart|p1: lolzuk|Spikes
|move|p1a: Ferrothorn|Leech Seed|p2a: Kevin
|-start|p2a: Kevin|move: Leech Seed
|
|-heal|p2a: Kevin|273\/318|[from] item: Leftovers
|-damage|p2a: Kevin|234\/318|[from] Leech Seed|[of] p1a: Ferrothorn
|turn|15
|
|move|p2a: Kevin|Spikes|p1a: Ferrothorn
|-sidestart|p1: lolzuk|Spikes
|move|p1a: Ferrothorn|Spikes|p2a: Kevin
|-sidestart|p2: IN AGONIZING PAIN|Spikes
|
|-heal|p2a: Kevin|253\/318|[from] item: Leftovers
|-damage|p2a: Kevin|214\/318|[from] Leech Seed|[of] p1a: Ferrothorn
|turn|16
|
|switch|p2a: Ludwig|Keldeo-Resolute|323\/323
|-damage|p2a: Ludwig|270\/323|[from] Spikes
|move|p1a: Ferrothorn|Gyro Ball|p2a: Ludwig
|-resisted|p2a: Ludwig
|-damage|p2a: Ludwig|185\/323
|
|-heal|p2a: Ludwig|205\/323|[from] item: Leftovers
|turn|17
|
|move|p2a: Ludwig|Secret Sword|p1a: Ferrothorn
|-supereffective|p1a: Ferrothorn
|-damage|p1a: Ferrothorn|148\/352
|move|p1a: Ferrothorn|Gyro Ball|p2a: Ludwig
|-resisted|p2a: Ludwig
|-damage|p2a: Ludwig|113\/323
|
|-heal|p2a: Ludwig|133\/323|[from] item: Leftovers
|-heal|p1a: Ferrothorn|170\/352|[from] item: Leftovers
|turn|18
|leave|ArchPhantom
|
|switch|p1a: Talonflame|Talonflame, F|297\/297
|-damage|p1a: Talonflame|149\/297|[from] Stealth Rock
|move|p2a: Ludwig|Secret Sword|p1a: Talonflame
|-resisted|p1a: Talonflame
|-damage|p1a: Talonflame|55\/297
|
|-heal|p2a: Ludwig|153\/323|[from] item: Leftovers
|turn|19
|join|SwAg-WiZ
|
|switch|p2a: Cassandra|Landorus-Therian, M|261\/367
|-ability|p2a: Cassandra|Intimidate|[of] p1a: Talonflame
|-unboost|p1a: Talonflame|atk|1
|move|p1a: Talonflame|Brave Bird|p2a: Cassandra
|-damage|p2a: Cassandra|150\/367
|-damage|p1a: Talonflame|18\/297|[from] recoil|[of] p2a: Cassandra
|
|-heal|p2a: Cassandra|172\/367|[from] item: Leftovers
|turn|20
|join|pikachuwithswag
|join|ninjatears4u
|
|move|p1a: Talonflame|Brave Bird|p2a: Cassandra
|-damage|p2a: Cassandra|54\/367
|-damage|p1a: Talonflame|0 fnt|[from] recoil|[of] p2a: Cassandra
|faint|p1a: Talonflame
|move|p2a: Cassandra|Stone Edge|p1: Talonflame|[notarget]
|-notarget
|
|-heal|p2a: Cassandra|76\/367|[from] item: Leftovers
|raw|<div class="broadcast-blue"><b>Moderated chat was disabled!<\/b><br \/>Anyone may talk now.<\/div>
|leave|Blaino
|c| DutyFree|gg IAP
|c| Grumtastic|its game he should have seeded
|
|switch|p1a: Lopunny|Lopunny-Mega, F|238\/271
|-damage|p1a: Lopunny|222\/271|[from] Stealth Rock
|-damage|p1a: Lopunny|155\/271|[from] Spikes
|turn|21
|c|âIN AGONIZING PAIN|thanks
|join|blooper753
|c| Grumtastic|keldeo
|c|âlolzuk|he has sub...
|c| DutyFree|yes
|c|âIN AGONIZING PAIN|i dont win yet tho
|
|move|p1a: Lopunny|Return|p2a: Cassandra
|-crit|p2a: Cassandra
|-damage|p2a: Cassandra|0 fnt
|faint|p2a: Cassandra
|
|c| Grumtastic|even with sub
|c| LightSage1331|o
|join|lusty n bad
|c| Grumtastic|it was you best bet
|leave|ehareh
|c| DutyFree|the win came when you send klefki spikes after starmie's death.
|
|switch|p2a: Eeyore|Latios, M|303\/303
|turn|22
|c| LightSage1331|reveal ice punch
|c| Grumtastic|wich wont kill lol
|c| DutyFree|reveal plays rough xD
|
|switch|p1a: Heatran|Heatran, M|385\/385
|-damage|p1a: Heatran|337\/385|[from] Stealth Rock
|-damage|p1a: Heatran|241\/385|[from] Spikes
|move|p2a: Eeyore|Psyshock|p1a: Heatran
|-resisted|p1a: Heatran
|-damage|p1a: Heatran|155\/385
|-damage|p2a: Eeyore|273\/303|[from] item: Life Orb
|
|-heal|p1a: Heatran|179\/385|[from] item: Leftovers
|turn|23
|c| Grumtastic|reveal eq lati
|join|LogicFallacy
|join|Specs Fake-Out
|c| Smash Monkey|oh I hope
|c|âlolzuk|its getting more common
|
|switch|p2a: Kevin|Klefki, F|214\/318
|-damage|p2a: Kevin|161\/318|[from] Spikes
|move|p1a: Heatran|Stealth Rock|p2a: Kevin
|-sidestart|p2: IN AGONIZING PAIN|move: Stealth Rock
|
|-heal|p1a: Heatran|203\/385|[from] item: Leftovers
|-heal|p2a: Kevin|180\/318|[from] item: Leftovers
|turn|24
|c|âlolzuk|coz of gross
|c| Grumtastic|a double draco would have killed heatran
|join|Rooo
|
|move|p2a: Kevin|Thunder Wave|p1a: Heatran
|-status|p1a: Heatran|par
|cant|p1a: Heatran|par
|
|-heal|p2a: Kevin|199\/318|[from] item: Leftovers
|-heal|p1a: Heatran|227\/385 par|[from] item: Leftovers
|turn|25
|join|TheObsessed
|c| Specs Fake-Out|ez
|c| LightSage1331|o
|c|âlolzuk|:\/
|c| Specs Fake-Out|para full para
|c| Translucent|them parahaxs
|c| Specs Fake-Out|always turn 1
|
|switch|p2a: Cecilia|Gardevoir, F|277\/277
|-damage|p2a: Cecilia|231\/277|[from] Spikes
|-damage|p2a: Cecilia|197\/277|[from] Stealth Rock
|-ability|p2a: Cecilia|Flash Fire|[from] ability: Trace|[of] p1a: Heatran
|move|p1a: Heatran|Lava Plume|p2a: Cecilia
|-start|p2a: Cecilia|ability: Flash Fire
|
|-heal|p1a: Heatran|251\/385 par|[from] item: Leftovers
|turn|26
|c| Specs Fake-Out|kek
|c| Grumtastic|kek
|c| LightSage1331|o gg
|c| zebra.k|hue
|c| Translucent|o
|c| pikachuwithswag|nice
|join|tyrek98
|c| Smash Monkey|damn
|c| Translucent|them outplays
|c| JusCuzzInc|cheeky as fuck
|leave|tyrek98
|c| DutyFree|xd
|c| LightSage1331|reveal flash cannnon
|leave|blooper753
|
|detailschange|p2a: Cecilia|Gardevoir-Mega, F
|-mega|p2a: Cecilia|Gardevoir|Gardevoirite
|move|p2a: Cecilia|Focus Blast|p1a: Heatran
|-supereffective|p1a: Heatran
|-damage|p1a: Heatran|0 fnt
|faint|p1a: Heatran
|
|join|Hiye
|c| Reverend|three focus blast misses let's go
|c| Reverend|aw
|c| LightSage1331|nvm dam
|c| Specs Fake-Out|rekt
|join|tyrek98
|leave|tyrek98
|c| Specs Fake-Out|so uuhhh
|c| Grumtastic|wow it keeps ff
|
|switch|p1a: Keldeo|Keldeo|323\/323
|-damage|p1a: Keldeo|303\/323|[from] Stealth Rock
|-damage|p1a: Keldeo|223\/323|[from] Spikes
|turn|27
|c| Specs Fake-Out|yeah dude
|join|blooper753
|join|tyrek98
|c| Specs Fake-Out|so if you had hp fire
|c| Specs Fake-Out|rip ferro
|leave|tyrek98
|join|Ken Valbrandur
|c| JusCuzzInc|Focus Blast.
|c| JusCuzzInc|rip ferro
|leave|Gghhh
|c| Specs Fake-Out|nah
|c| LightSage1331|Focus Miss*
|c| Specs Fake-Out|you miss
|c|âIN AGONIZING PAIN|y did u send tht inn
|
|move|p1a: Keldeo|Hydro Pump|p2a: Cecilia
|-damage|p2a: Cecilia|0 fnt
|faint|p2a: Cecilia
|
|c| LightSage1331|bop
|c| JusCuzzInc|Hidden Power Fire would be cool tho.
|join|tyrek98
|c| seba1124|HAHa
|leave|bforrester16
|c| Grumtastic|ferro can also live a focus
|c| Translucent|ooo thats why
|
|switch|p2a: Eeyore|Latios, M|273\/303
|-damage|p2a: Eeyore|236\/303|[from] Stealth Rock
|turn|28
|leave|tyrek98
|c| Grumtastic|hpfire oneshots though
|join|I'm Bi...sharp
|c| Agilis|Watch this Ice Plate Icy Wind.
|c| JusCuzzInc|psyshock sweep?
|
|move|p2a: Eeyore|Psyshock|p1a: Keldeo
|-supereffective|p1a: Keldeo
|-damage|p1a: Keldeo|0 fnt
|-damage|p2a: Eeyore|206\/303|[from] item: Life Orb
|faint|p1a: Keldeo
|
|c| Agilis|lol
|
|switch|p1a: Lopunny|Lopunny-Mega, F|155\/271
|-damage|p1a: Lopunny|139\/271|[from] Stealth Rock
|-damage|p1a: Lopunny|72\/271|[from] Spikes
|turn|29
|join|kankuro1954
|c| LightSage1331|um
|c| pikachuwithswag|is it gg?
|
|move|p1a: Lopunny|High Jump Kick|p2a: Eeyore
|-resisted|p2a: Eeyore
|-damage|p2a: Eeyore|50\/303
|move|p2a: Eeyore|Psyshock|p1a: Lopunny
|-supereffective|p1a: Lopunny
|-damage|p1a: Lopunny|0 fnt
|-damage|p2a: Eeyore|20\/303|[from] item: Life Orb
|faint|p1a: Lopunny
|
|c|âlolzuk|damn
|c|âIN AGONIZING PAIN|g dog
|c| LightSage1331|yyep
|c| Rooo|rly+
|c| pikachuwithswag|gg
|c| Agilis|Going Klefki was best play imo
|c|âlolzuk|thouygt you'd go to klefki
|c| RIP Thorin|now it is
|c|âIN AGONIZING PAIN|no need
|c|âlolzuk|gg
|c| Agilis|lol wouldnt matter.
|c| DutyFree|it was since long
|
|switch|p1a: Ferrothorn|Ferrothorn, M|170\/352
|-damage|p1a: Ferrothorn|148\/352|[from] Stealth Rock
|-damage|p1a: Ferrothorn|60\/352|[from] Spikes
|turn|30
|c| LightSage1331|gg tho
|c| JusCuzzInc|eeyore aint scared
|leave|LightSage1331
|c| Agilis|Agonizing is that a joke?
|c| Specs Fake-Out|drop dat muhfuckin draco
|c| Agilis|That was your best play on many levels.
|join|tyrek98
|c|âIN AGONIZING PAIN|i dont need latios
|c| pyromaniac 963|how?
|leave|tyrek98
|join|altei
|c| Specs Fake-Out|keldeo
|
|move|p2a: Eeyore|Psyshock|p1a: Ferrothorn
|-resisted|p1a: Ferrothorn
|-damage|p1a: Ferrothorn|0 fnt
|-damage|p2a: Eeyore|0 fnt|[from] item: Life Orb
|faint|p1a: Ferrothorn
|faint|p2a: Eeyore
|
|win|IN AGONIZING PAIN
|c| JusCuzzInc|casual psyshock for knock out
|leave|Rooo
|c|âlolzuk|gg
|leave|zebra.k
|c| Agilis|True, but Klef was safe.
|c| pikachuwithswag|gg
|c|âIN AGONIZING PAIN|gg
|leave|blooper753
|leave|Agilis
|leave|pyromaniac 963
|leave|Hiye
|leave|Specs Fake-Out
|c| JusCuzzInc|gg
|leave|pikachuwithswag
|leave|Smash Monkey
|leave|thatisnotedible
|leave|hashtagRjx
|leave|kankuro1954
|leave|ninjatears4u
|leave|TheObsessed
|leave|evileddy1
|leave|JusCuzzInc
|leave|stockholm negro
|leave|Reverend
|leave|DutyFree
|leave|only team testing
|leave|otopiano
|leave|I'm Bi...sharp
|join|ChallengeBlue
|leave|Future killer
|join|khkjhj
|leave|ChallengeBlue
|leave|seba1124
|leave|thespiritinthesky