|join|Aim for the top
|join|TimeTravel_2
|player|p1|Aim for the top|2
|player|p2|TimeTravel_2|1
|gametype|singles
|gen|6
|tier|OU
|rated
|clearpoke
|poke|p1|Mew
|poke|p1|Charizard, M
|poke|p1|Ferrothorn, M
|poke|p1|Latios, M
|poke|p1|Gliscor, F
|poke|p1|Clefable, M
|poke|p2|Garchomp, M
|poke|p2|Bisharp, F
|poke|p2|Breloom, M
|poke|p2|Charizard, F
|poke|p2|Azumarill, F
|poke|p2|Latias, F
|rule|Swagger Clause: Swagger is banned
|rule|Baton Pass Clause: Limit one PokÃ©mon knowing Baton Pass
|rule|Sleep Clause Mod: Limit one foe put to sleep
|rule|Species Clause: Limit one of each PokÃ©mon
|rule|OHKO Clause: OHKO moves are banned
|rule|Moody Clause: Moody is banned
|rule|Evasion Moves Clause: Evasion moves are banned
|rule|Endless Battle Clause: Forcing endless battles is banned
|rule|HP Percentage Mod: HP is shown in percentages
|teampreview
|
|start
|switch|p1a: Mew|Mew|404\/404
|switch|p2a: Garchomp|Garchomp, M|358\/358
|turn|1
|
|switch|p2a: Charizard|Charizard, F|359\/359
|move|p1a: Mew|Will-O-Wisp|p2a: Charizard
|-fail|p2a: Charizard
|
|turn|2
|
|switch|p1a: Clefable|Clefable, M|392\/392
|move|p2a: Charizard|Dragon Dance|p2a: Charizard
|-boost|p2a: Charizard|atk|1
|-boost|p2a: Charizard|spe|1
|
|turn|3
|
|move|p2a: Charizard|Earthquake|p1a: Clefable
|-damage|p1a: Clefable|311\/392
|move|p1a: Clefable|Thunder Wave|p2a: Charizard
|-status|p2a: Charizard|par
|
|-heal|p1a: Clefable|335\/392|[from] item: Leftovers
|turn|4
|
|move|p1a: Clefable|Wish|p1a: Clefable
|cant|p2a: Charizard|par
|
|-heal|p1a: Clefable|359\/392|[from] item: Leftovers
|turn|5
|
|move|p1a: Clefable|Moonblast|p2a: Charizard
|-resisted|p2a: Charizard
|-damage|p2a: Charizard|293\/359 par
|-unboost|p2a: Charizard|spa|1
|move|p2a: Charizard|Dragon Claw|p1a: Clefable
|-immune|p1a: Clefable|[msg]
|
|-heal|p1a: Clefable|392\/392|[from] move: Wish|[wisher] Clefable
|turn|6
|
|move|p1a: Clefable|Moonblast|p2a: Charizard
|-resisted|p2a: Charizard
|-damage|p2a: Charizard|236\/359 par
|move|p2a: Charizard|Dragon Dance|p2a: Charizard
|-boost|p2a: Charizard|atk|1
|-boost|p2a: Charizard|spe|1
|
|turn|7
|
|move|p1a: Clefable|Moonblast|p2a: Charizard
|-resisted|p2a: Charizard
|-damage|p2a: Charizard|176\/359 par
|move|p2a: Charizard|Earthquake|p1a: Clefable
|-damage|p1a: Clefable|317\/392
|
|-heal|p1a: Clefable|341\/392|[from] item: Leftovers
|turn|8
|
|move|p1a: Clefable|Moonblast|p2a: Charizard
|-resisted|p2a: Charizard
|-damage|p2a: Charizard|110\/359 par
|move|p2a: Charizard|Roost|p2a: Charizard
|-heal|p2a: Charizard|290\/359 par
|
|-heal|p1a: Clefable|365\/392|[from] item: Leftovers
|turn|9
|
|move|p1a: Clefable|Wish|p1a: Clefable
|move|p2a: Charizard|Earthquake|p1a: Clefable
|-damage|p1a: Clefable|295\/392
|
|-heal|p1a: Clefable|319\/392|[from] item: Leftovers
|turn|10
|
|move|p1a: Clefable|Moonblast|p2a: Charizard
|-resisted|p2a: Charizard
|-damage|p2a: Charizard|226\/359 par
|cant|p2a: Charizard|par
|
|-heal|p1a: Clefable|392\/392|[from] move: Wish|[wisher] Clefable
|turn|11
|
|move|p1a: Clefable|Moonblast|p2a: Charizard
|-resisted|p2a: Charizard
|-damage|p2a: Charizard|159\/359 par
|move|p2a: Charizard|Dragon Dance|p2a: Charizard
|-boost|p2a: Charizard|atk|1
|-boost|p2a: Charizard|spe|1
|
|turn|12
|
|move|p2a: Charizard|Roost|p2a: Charizard
|-heal|p2a: Charizard|339\/359 par
|move|p1a: Clefable|Moonblast|p2a: Charizard
|-resisted|p2a: Charizard
|-damage|p2a: Charizard|273\/359 par
|-unboost|p2a: Charizard|spa|1
|
|turn|13
|
|move|p2a: Charizard|Dragon Dance|p2a: Charizard
|-boost|p2a: Charizard|atk|1
|-boost|p2a: Charizard|spe|1
|move|p1a: Clefable|Wish|p1a: Clefable
|
|turn|14
|
|move|p2a: Charizard|Dragon Claw|p1a: Clefable
|-immune|p1a: Clefable|[msg]
|move|p1a: Clefable|Moonblast|p2a: Charizard
|-resisted|p2a: Charizard
|-damage|p2a: Charizard|206\/359 par
|-unboost|p2a: Charizard|spa|1
|
|turn|15
|
|move|p2a: Charizard|Earthquake|p1a: Clefable
|-damage|p1a: Clefable|318\/392
|move|p1a: Clefable|Thunder Wave|p2a: Charizard
|-fail|p2a: Charizard|par
|
|-heal|p1a: Clefable|342\/392|[from] item: Leftovers
|turn|16
|
|cant|p2a: Charizard|par
|move|p1a: Clefable|Thunder Wave|p2a: Charizard
|-fail|p2a: Charizard|par
|
|-heal|p1a: Clefable|366\/392|[from] item: Leftovers
|turn|17
|
|move|p2a: Charizard|Dragon Dance|p2a: Charizard
|-boost|p2a: Charizard|atk|1
|-boost|p2a: Charizard|spe|1
|move|p1a: Clefable|Thunder Wave|p2a: Charizard
|-fail|p2a: Charizard|par
|
|-heal|p1a: Clefable|390\/392|[from] item: Leftovers
|turn|18
|
|cant|p2a: Charizard|par
|move|p1a: Clefable|Thunder Wave|p2a: Charizard
|-fail|p2a: Charizard|par
|
|-heal|p1a: Clefable|392\/392|[from] item: Leftovers
|turn|19
|
|cant|p2a: Charizard|par
|move|p1a: Clefable|Thunder Wave|p2a: Charizard
|-fail|p2a: Charizard|par
|
|turn|20
|
|move|p2a: Charizard|Earthquake|p1a: Clefable
|-damage|p1a: Clefable|311\/392
|move|p1a: Clefable|Thunder Wave|p2a: Charizard
|-fail|p2a: Charizard|par
|
|-heal|p1a: Clefable|335\/392|[from] item: Leftovers
|turn|21
|
|cant|p2a: Charizard|par
|move|p1a: Clefable|Thunder Wave|p2a: Charizard
|-fail|p2a: Charizard|par
|
|-heal|p1a: Clefable|359\/392|[from] item: Leftovers
|turn|22
|
|move|p2a: Charizard|Dragon Dance|p2a: Charizard
|-boost|p2a: Charizard|atk|1
|-boost|p2a: Charizard|spe|1
|move|p1a: Clefable|Thunder Wave|p2a: Charizard
|-fail|p2a: Charizard|par
|
|-heal|p1a: Clefable|383\/392|[from] item: Leftovers
|turn|23
|
|move|p2a: Charizard|Earthquake|p1a: Clefable
|-damage|p1a: Clefable|312\/392
|move|p1a: Clefable|Moonblast|p2a: Charizard
|-resisted|p2a: Charizard
|-damage|p2a: Charizard|140\/359 par
|
|-heal|p1a: Clefable|336\/392|[from] item: Leftovers
|turn|24
|
|move|p2a: Charizard|Roost|p2a: Charizard
|-heal|p2a: Charizard|320\/359 par
|move|p1a: Clefable|Moonblast|p2a: Charizard
|-resisted|p2a: Charizard
|-damage|p2a: Charizard|259\/359 par
|
|-heal|p1a: Clefable|360\/392|[from] item: Leftovers
|turn|25
|c|âAim for the top|are you enjoying your time?
|
|move|p2a: Charizard|Roost|p2a: Charizard
|-heal|p2a: Charizard|359\/359 par
|move|p1a: Clefable|Moonblast|p2a: Charizard
|-resisted|p2a: Charizard
|-damage|p2a: Charizard|296\/359 par
|-unboost|p2a: Charizard|spa|1
|
|-heal|p1a: Clefable|384\/392|[from] item: Leftovers
|turn|26
|
|move|p2a: Charizard|Dragon Claw|p1a: Clefable
|-immune|p1a: Clefable|[msg]
|move|p1a: Clefable|Moonblast|p2a: Charizard
|-resisted|p2a: Charizard
|-damage|p2a: Charizard|229\/359 par
|
|-heal|p1a: Clefable|392\/392|[from] item: Leftovers
|turn|27
|
|move|p1a: Clefable|Protect|p1a: Clefable
|-singleturn|p1a: Clefable|Protect
|move|p2a: Charizard|Roost|p2a: Charizard
|-heal|p2a: Charizard|359\/359 par
|
|turn|28
|
|move|p2a: Charizard|Earthquake|p1a: Clefable
|-damage|p1a: Clefable|315\/392
|move|p1a: Clefable|Thunder Wave|p2a: Charizard
|-fail|p2a: Charizard|par
|
|-heal|p1a: Clefable|339\/392|[from] item: Leftovers
|turn|29
|
|move|p2a: Charizard|Earthquake|p1a: Clefable
|-damage|p1a: Clefable|269\/392
|move|p1a: Clefable|Thunder Wave|p2a: Charizard
|-fail|p2a: Charizard|par
|
|-heal|p1a: Clefable|293\/392|[from] item: Leftovers
|turn|30
|
|move|p2a: Charizard|Dragon Dance|p2a: Charizard
|-fail|p2a: Charizard
|move|p1a: Clefable|Wish|p1a: Clefable
|
|-heal|p1a: Clefable|317\/392|[from] item: Leftovers
|turn|31
|
|move|p2a: Charizard|Dragon Dance|p2a: Charizard
|-fail|p2a: Charizard
|move|p1a: Clefable|Thunder Wave|p2a: Charizard
|-fail|p2a: Charizard|par
|
|-heal|p1a: Clefable|392\/392|[from] move: Wish|[wisher] Clefable
|turn|32
|
|move|p2a: Charizard|Dragon Dance|p2a: Charizard
|-fail|p2a: Charizard
|move|p1a: Clefable|Thunder Wave|p2a: Charizard
|-fail|p2a: Charizard|par
|
|turn|33
|
|move|p2a: Charizard|Dragon Dance|p2a: Charizard
|-fail|p2a: Charizard
|move|p1a: Clefable|Thunder Wave|p2a: Charizard
|-fail|p2a: Charizard|par
|
|turn|34
|
|move|p2a: Charizard|Dragon Dance|p2a: Charizard
|-fail|p2a: Charizard
|move|p1a: Clefable|Moonblast|p2a: Charizard
|-resisted|p2a: Charizard
|-damage|p2a: Charizard|292\/359 par
|
|turn|35
|
|move|p2a: Charizard|Dragon Dance|p2a: Charizard
|-fail|p2a: Charizard
|move|p1a: Clefable|Moonblast|p2a: Charizard
|-resisted|p2a: Charizard
|-damage|p2a: Charizard|226\/359 par
|
|turn|36
|
|move|p2a: Charizard|Dragon Dance|p2a: Charizard
|-fail|p2a: Charizard
|move|p1a: Clefable|Wish|p1a: Clefable
|
|turn|37
|
|move|p1a: Clefable|Protect|p1a: Clefable
|-singleturn|p1a: Clefable|Protect
|move|p2a: Charizard|Earthquake|p1a: Clefable
|-activate|p1a: Clefable|Protect
|
|turn|38
|
|cant|p2a: Charizard|par
|move|p1a: Clefable|Thunder Wave|p2a: Charizard
|-fail|p2a: Charizard|par
|
|turn|39
|
|move|p2a: Charizard|Dragon Dance|p2a: Charizard
|-fail|p2a: Charizard
|move|p1a: Clefable|Moonblast|p2a: Charizard
|-resisted|p2a: Charizard
|-damage|p2a: Charizard|166\/359 par
|
|turn|40
|
|move|p2a: Charizard|Roost|p2a: Charizard
|-heal|p2a: Charizard|346\/359 par
|move|p1a: Clefable|Wish|p1a: Clefable
|
|turn|41
|c|âAim for the top|what exactly are you gaining in this
|
|move|p1a: Clefable|Protect|p1a: Clefable
|-singleturn|p1a: Clefable|Protect
|cant|p2a: Charizard|par
|
|turn|42
|
|cant|p2a: Charizard|par
|move|p1a: Clefable|Thunder Wave|p2a: Charizard
|-fail|p2a: Charizard|par
|
|turn|43
|
|move|p2a: Charizard|Dragon Dance|p2a: Charizard
|-fail|p2a: Charizard
|move|p1a: Clefable|Thunder Wave|p2a: Charizard
|-fail|p2a: Charizard|par
|
|turn|44
|
|switch|p1a: Ferrothorn|Ferrothorn, M|352\/352
|move|p2a: Charizard|Dragon Dance|p2a: Charizard
|-fail|p2a: Charizard
|
|turn|45
|
|switch|p1a: Clefable|Clefable, M|392\/392
|cant|p2a: Charizard|par
|
|turn|46
|
|move|p2a: Charizard|Earthquake|p1a: Clefable
|-damage|p1a: Clefable|316\/392
|move|p1a: Clefable|Thunder Wave|p2a: Charizard
|-fail|p2a: Charizard|par
|
|-heal|p1a: Clefable|340\/392|[from] item: Leftovers
|turn|47
|
|move|p2a: Charizard|Dragon Dance|p2a: Charizard
|-fail|p2a: Charizard
|move|p1a: Clefable|Thunder Wave|p2a: Charizard
|-fail|p2a: Charizard|par
|
|-heal|p1a: Clefable|364\/392|[from] item: Leftovers
|turn|48
|
|cant|p2a: Charizard|par
|move|p1a: Clefable|Thunder Wave|p2a: Charizard
|-fail|p2a: Charizard|par
|
|-heal|p1a: Clefable|388\/392|[from] item: Leftovers
|turn|49
|
|cant|p2a: Charizard|par
|move|p1a: Clefable|Thunder Wave|p2a: Charizard
|-fail|p2a: Charizard|par
|
|-heal|p1a: Clefable|392\/392|[from] item: Leftovers
|turn|50
|
|cant|p2a: Charizard|par
|move|p1a: Clefable|Thunder Wave|p2a: Charizard
|-fail|p2a: Charizard|par
|
|turn|51
|
|cant|p2a: Charizard|par
|move|p1a: Clefable|Thunder Wave|p2a: Charizard
|-fail|p2a: Charizard|par
|
|turn|52
|
|switch|p1a: Latios|Latios, M|301\/301
|move|p2a: Charizard|Dragon Dance|p2a: Charizard
|-fail|p2a: Charizard
|
|turn|53
|
|switch|p1a: Clefable|Clefable, M|392\/392
|move|p2a: Charizard|Dragon Claw|p1a: Clefable
|-immune|p1a: Clefable|[msg]
|
|turn|54
|
|move|p1a: Clefable|Protect|p1a: Clefable
|-singleturn|p1a: Clefable|Protect
|cant|p2a: Charizard|par
|
|turn|55
|
|switch|p2a: Garchomp|Garchomp, M|358\/358
|switch|p1a: Ferrothorn|Ferrothorn, M|352\/352
|
|turn|56
|
|move|p2a: Garchomp|Swords Dance|p2a: Garchomp
|-boost|p2a: Garchomp|atk|2
|move|p1a: Ferrothorn|Stealth Rock|p2a: Garchomp
|-sidestart|p2: TimeTravel_2|move: Stealth Rock
|
|turn|57
|
|move|p2a: Garchomp|Earthquake|p1a: Ferrothorn
|-damage|p1a: Ferrothorn|135\/352
|move|p1a: Ferrothorn|Leech Seed|p2a: Garchomp
|-start|p2a: Garchomp|move: Leech Seed
|
|-heal|p1a: Ferrothorn|157\/352|[from] item: Leftovers
|-damage|p2a: Garchomp|314\/358|[from] Leech Seed|[of] p1a: Ferrothorn
|-heal|p1a: Ferrothorn|201\/352|[silent]
|turn|58
|
|switch|p1a: Clefable|Clefable, M|392\/392
|move|p2a: Garchomp|Stealth Rock|p1a: Clefable
|-sidestart|p1: Aim for the top|move: Stealth Rock
|
|-damage|p2a: Garchomp|270\/358|[from] Leech Seed|[of] p1a: Clefable
|turn|59
|
|switch|p2a: Charizard|Charizard, F|346\/359 par
|-damage|p2a: Charizard|167\/359 par|[from] Stealth Rock
|move|p1a: Clefable|Moonblast|p2a: Charizard
|-resisted|p2a: Charizard
|-damage|p2a: Charizard|104\/359 par
|-unboost|p2a: Charizard|spa|1
|
|turn|60
|
|move|p1a: Clefable|Moonblast|p2a: Charizard
|-resisted|p2a: Charizard
|-damage|p2a: Charizard|44\/359 par
|-unboost|p2a: Charizard|spa|1
|move|p2a: Charizard|Roost|p2a: Charizard
|-heal|p2a: Charizard|224\/359 par
|
|turn|61
|
|switch|p1a: Gliscor|Gliscor, F|352\/352
|-damage|p1a: Gliscor|308\/352|[from] Stealth Rock
|cant|p2a: Charizard|par
|
|-status|p1a: Gliscor|tox|[from] item: Toxic Orb
|turn|62
|
|switch|p2a: Latias|Latias, F|301\/301
|-damage|p2a: Latias|264\/301|[from] Stealth Rock
|move|p1a: Gliscor|Knock Off|p2a: Latias
|-supereffective|p2a: Latias
|-damage|p2a: Latias|114\/301
|-enditem|p2a: Latias|Life Orb|[from] move: Knock Off|[of] p1a: Gliscor
|
|-heal|p1a: Gliscor|352\/352 tox|[from] ability: Poison Heal
|turn|63
|
|move|p2a: Latias|Defog|p1a: Gliscor
|-unboost|p1a: Gliscor|evasion|1
|-sideend|p1: Aim for the top|Stealth Rock|[from] move: Defog|[of] p1a: Gliscor
|-sideend|p2: TimeTravel_2|Stealth Rock|[from] move: Defog|[of] p2a: Latias
|move|p1a: Gliscor|Knock Off|p2a: Latias
|-supereffective|p2a: Latias
|-damage|p2a: Latias|12\/301
|
|turn|64
|
|move|p2a: Latias|Draco Meteor|p1a: Gliscor
|-damage|p1a: Gliscor|172\/352 tox
|-unboost|p2a: Latias|spa|2
|move|p1a: Gliscor|Knock Off|p2a: Latias
|-supereffective|p2a: Latias
|-damage|p2a: Latias|0 fnt
|faint|p2a: Latias
|
|-heal|p1a: Gliscor|216\/352 tox|[from] ability: Poison Heal
|
|switch|p2a: Azumarill|Azumarill, F|342\/342
|turn|65
|
|move|p1a: Gliscor|Knock Off|p2a: Azumarill
|-resisted|p2a: Azumarill
|-damage|p2a: Azumarill|302\/342
|-enditem|p2a: Azumarill|Sitrus Berry|[from] move: Knock Off|[of] p1a: Gliscor
|move|p2a: Azumarill|Belly Drum|p2a: Azumarill
|-damage|p2a: Azumarill|131\/342
|-setboost|p2a: Azumarill|atk|6|[from] move: Belly Drum
|
|-heal|p1a: Gliscor|260\/352 tox|[from] ability: Poison Heal
|turn|66
|
|switch|p1a: Ferrothorn|Ferrothorn, M|201\/352
|move|p2a: Azumarill|Aqua Jet|p1a: Ferrothorn
|-resisted|p1a: Ferrothorn
|-damage|p1a: Ferrothorn|93\/352
|-damage|p2a: Azumarill|89\/342|[from] ability: Iron Barbs|[of] p1a: Ferrothorn
|
|-heal|p1a: Ferrothorn|115\/352|[from] item: Leftovers
|turn|67
|
|switch|p1a: Clefable|Clefable, M|392\/392
|move|p2a: Azumarill|Play Rough|p1a: Clefable
|-damage|p1a: Clefable|226\/392
|
|-heal|p1a: Clefable|250\/392|[from] item: Leftovers
|turn|68
|
|move|p2a: Azumarill|Play Rough|p1a: Clefable
|-damage|p1a: Clefable|70\/392
|move|p1a: Clefable|Moonblast|p2a: Azumarill
|-damage|p2a: Azumarill|0 fnt
|faint|p2a: Azumarill
|
|-heal|p1a: Clefable|94\/392|[from] item: Leftovers
|
|switch|p2a: Garchomp|Garchomp, M|270\/358
|turn|69
|
|switch|p1a: Latios|Latios, M|301\/301
|move|p2a: Garchomp|Earthquake|p1a: Latios
|-immune|p1a: Latios|[msg]
|
|turn|70
|
|switch|p2a: Charizard|Charizard, F|224\/359 par
|move|p1a: Latios|Draco Meteor|p2a: Charizard
|-damage|p2a: Charizard|0 fnt
|-unboost|p1a: Latios|spa|2
|-damage|p1a: Latios|271\/301|[from] item: Life Orb
|faint|p2a: Charizard
|
|
|switch|p2a: Bisharp|Bisharp, F|271\/271
|turn|71
|
|move|p2a: Bisharp|Sucker Punch|p1a: Latios
|-supereffective|p1a: Latios
|-damage|p1a: Latios|0 fnt
|faint|p1a: Latios
|
|
|switch|p1a: Mew|Mew|404\/404
|turn|72
|
|switch|p2a: Garchomp|Garchomp, M|270\/358
|move|p1a: Mew|Will-O-Wisp|p2a: Garchomp
|-status|p2a: Garchomp|brn
|
|-damage|p2a: Garchomp|226\/358 brn|[from] brn
|turn|73
|
|switch|p1a: Ferrothorn|Ferrothorn, M|115\/352
|move|p2a: Garchomp|Stealth Rock|p1a: Ferrothorn
|-sidestart|p1: Aim for the top|move: Stealth Rock
|
|-heal|p1a: Ferrothorn|137\/352|[from] item: Leftovers
|-damage|p2a: Garchomp|182\/358 brn|[from] brn
|turn|74
|
|switch|p2a: Breloom|Breloom, M|262\/262
|move|p1a: Ferrothorn|Stealth Rock|p2a: Breloom
|-sidestart|p2: TimeTravel_2|move: Stealth Rock
|
|-heal|p1a: Ferrothorn|159\/352|[from] item: Leftovers
|turn|75
|
|switch|p1a: Mew|Mew|404\/404
|-damage|p1a: Mew|354\/404|[from] Stealth Rock
|move|p2a: Breloom|Swords Dance|p2a: Breloom
|-boost|p2a: Breloom|atk|2
|
|-heal|p1a: Mew|379\/404|[from] item: Leftovers
|turn|76
|
|move|p1a: Mew|Will-O-Wisp|p2a: Breloom
|-status|p2a: Breloom|brn
|move|p2a: Breloom|Spore|p1a: Mew
|-status|p1a: Mew|slp
|
|-heal|p1a: Mew|404\/404 slp|[from] item: Leftovers
|-damage|p2a: Breloom|230\/262 brn|[from] brn
|turn|77
|
|switch|p1a: Charizard|Charizard, M|359\/359
|-damage|p1a: Charizard|180\/359|[from] Stealth Rock
|move|p2a: Breloom|Bullet Seed|p1a: Charizard
|-resisted|p1a: Charizard
|-damage|p1a: Charizard|159\/359
|-resisted|p1a: Charizard
|-damage|p1a: Charizard|139\/359
|-resisted|p1a: Charizard
|-damage|p1a: Charizard|117\/359
|-hitcount|p1a: Charizard|3
|
|-damage|p2a: Breloom|198\/262 brn|[from] brn
|turn|78
|
|detailschange|p1a: Charizard|Charizard-Mega-X, M
|message|Charizard has Mega Evolved into Mega Charizard!
|move|p2a: Breloom|Mach Punch|p1a: Charizard
|-damage|p1a: Charizard|26\/359
|move|p1a: Charizard|Roost|p1a: Charizard
|-heal|p1a: Charizard|206\/359
|
|-damage|p2a: Breloom|166\/262 brn|[from] brn
|turn|79
|
|switch|p2a: Garchomp|Garchomp, M|182\/358 brn
|-damage|p2a: Garchomp|160\/358 brn|[from] Stealth Rock
|move|p1a: Charizard|Dragon Claw|p2a: Garchomp
|-supereffective|p2a: Garchomp
|-damage|p2a: Garchomp|0 fnt
|-damage|p1a: Charizard|162\/359|[from] ability: Rough Skin|[of] p2a: Garchomp
|faint|p2a: Garchomp
|
|
|switch|p2a: Bisharp|Bisharp, F|271\/271
|-damage|p2a: Bisharp|255\/271|[from] Stealth Rock
|turn|80
|
|move|p1a: Charizard|Roost|p1a: Charizard
|-heal|p1a: Charizard|342\/359
|move|p2a: Bisharp|Swords Dance|p2a: Bisharp
|-boost|p2a: Bisharp|atk|2
|
|turn|81
|
|move|p2a: Bisharp|Sucker Punch|p1a: Charizard
|-damage|p1a: Charizard|84\/359
|move|p1a: Charizard|Flare Blitz|p2a: Bisharp
|-supereffective|p2a: Bisharp
|-damage|p2a: Bisharp|0 fnt
|-damage|p1a: Charizard|0 fnt|[from] recoil|[of] p2a: Bisharp
|faint|p2a: Bisharp
|faint|p1a: Charizard
|
|
|switch|p2a: Breloom|Breloom, M|166\/262 brn
|-damage|p2a: Breloom|150\/262 brn|[from] Stealth Rock
|switch|p1a: Ferrothorn|Ferrothorn, M|159\/352
|-damage|p1a: Ferrothorn|137\/352|[from] Stealth Rock
|turn|82
|c|âAim for the top|gg
|c|âAim for the top|you need support
|
|move|p2a: Breloom|Swords Dance|p2a: Breloom
|-boost|p2a: Breloom|atk|2
|move|p1a: Ferrothorn|Gyro Ball|p2a: Breloom
|-damage|p2a: Breloom|0 fnt
|faint|p2a: Breloom
|
|win|Aim for the top
|raw|Ladder updating...
|raw|Aim for the top's rating: 1734 &rarr; <strong>1754<\/strong><br \/>(+20 for winning)
|raw|TimeTravel_2's rating: 1748 &rarr; <strong>1727<\/strong><br \/>(-21 for losing)
|leave|TimeTravel_2
|player|p2