|join|Aim for the Top
|join|Lord Exodia
|player|p1|Aim for the Top|1
|player|p2|Lord Exodia|248
|gametype|singles
|gen|6
|tier|OU
|rated
|clearpoke
|poke|p1|Mew
|poke|p1|Charizard, M
|poke|p1|Ferrothorn, M
|poke|p1|Latios, M
|poke|p1|Gliscor, F
|poke|p1|Clefable, M
|poke|p2|Rotom-Wash
|poke|p2|Landorus, M
|poke|p2|Charizard, M
|poke|p2|Thundurus, M
|poke|p2|Azumarill, F
|poke|p2|Garchomp, M
|rule|Swagger Clause: Swagger is banned
|rule|Baton Pass Clause: Limit one PokÃ©mon knowing Baton Pass
|rule|Sleep Clause Mod: Limit one foe put to sleep
|rule|Species Clause: Limit one of each PokÃ©mon
|rule|OHKO Clause: OHKO moves are banned
|rule|Moody Clause: Moody is banned
|rule|Evasion Moves Clause: Evasion moves are banned
|rule|Endless Battle Clause: Forcing endless battles is banned
|rule|HP Percentage Mod: HP is shown in percentages
|teampreview
|
|start
|switch|p1a: Mew|Mew|404\/404
|switch|p2a: Charizard|Charizard, M|297\/297
|turn|1
|
|detailschange|p2a: Charizard|Charizard-Mega-Y, M
|message|Charizard has Mega Evolved into Mega Charizard!
|-weather|SunnyDay
|move|p2a: Charizard|Fire Blast|p1a: Mew
|-damage|p1a: Mew|127\/404
|-status|p1a: Mew|brn
|move|p1a: Mew|Soft-Boiled|p1a: Mew
|-heal|p1a: Mew|329\/404 brn
|
|-weather|SunnyDay|[upkeep]
|-heal|p1a: Mew|354\/404 brn|[from] item: Leftovers
|-damage|p1a: Mew|304\/404 brn|[from] brn
|turn|2
|
|switch|p1a: Latios|Latios, M|301\/301
|move|p2a: Charizard|Fire Blast|p1a: Latios
|-resisted|p1a: Latios
|-damage|p1a: Latios|136\/301
|
|-weather|SunnyDay|[upkeep]
|turn|3
|
|switch|p2a: Azumarill|Azumarill, F|389\/389
|move|p1a: Latios|Psyshock|p2a: Azumarill
|-damage|p2a: Azumarill|154\/389
|-damage|p1a: Latios|106\/301|[from] item: Life Orb
|
|-weather|SunnyDay|[upkeep]
|turn|4
|
|switch|p2a: Garchomp|Garchomp, M|357\/357
|move|p1a: Latios|Psyshock|p2a: Garchomp
|-damage|p2a: Garchomp|170\/357
|-damage|p1a: Latios|76\/301|[from] item: Life Orb
|
|-weather|SunnyDay|[upkeep]
|turn|5
|
|move|p2a: Garchomp|Fire Blast|p1a: Latios
|-resisted|p1a: Latios
|-damage|p1a: Latios|26\/301
|move|p1a: Latios|Psyshock|p2a: Garchomp
|-damage|p2a: Garchomp|0 fnt
|-damage|p1a: Latios|0 fnt|[from] item: Life Orb
|faint|p2a: Garchomp
|faint|p1a: Latios
|
|-weather|none
|
|switch|p2a: Landorus|Landorus, M|319\/319
|switch|p1a: Charizard|Charizard, M|359\/359
|turn|6
|
|switch|p1a: Gliscor|Gliscor, F|352\/352
|move|p2a: Landorus|Psychic|p1a: Gliscor
|-damage|p1a: Gliscor|203\/352
|
|-status|p1a: Gliscor|tox|[from] item: Toxic Orb
|turn|7
|
|move|p2a: Landorus|Stealth Rock|p1a: Gliscor
|-sidestart|p1: Aim for the Top|move: Stealth Rock
|move|p1a: Gliscor|Knock Off|p2a: Landorus
|-damage|p2a: Landorus|241\/319
|-enditem|p2a: Landorus|Life Orb|[from] move: Knock Off|[of] p1a: Gliscor
|
|-heal|p1a: Gliscor|247\/352 tox|[from] ability: Poison Heal
|turn|8
|
|move|p2a: Landorus|Psychic|p1a: Gliscor
|-damage|p1a: Gliscor|132\/352 tox
|move|p1a: Gliscor|Toxic|p2a: Landorus
|-status|p2a: Landorus|tox
|
|-damage|p2a: Landorus|222\/319 tox|[from] psn
|-heal|p1a: Gliscor|176\/352 tox|[from] ability: Poison Heal
|turn|9
|
|switch|p2a: Charizard|Charizard-Mega-Y, M|297\/297
|-weather|SunnyDay
|move|p1a: Gliscor|Toxic|p2a: Charizard
|-status|p2a: Charizard|tox
|
|-weather|SunnyDay|[upkeep]
|-damage|p2a: Charizard|279\/297 tox|[from] psn
|-heal|p1a: Gliscor|220\/352 tox|[from] ability: Poison Heal
|turn|10
|
|move|p1a: Gliscor|Protect|p1a: Gliscor
|-singleturn|p1a: Gliscor|Protect
|move|p2a: Charizard|Fire Blast|p1a: Gliscor
|-activate|p1a: Gliscor|Protect
|
|-weather|SunnyDay|[upkeep]
|-damage|p2a: Charizard|243\/297 tox|[from] psn
|-heal|p1a: Gliscor|264\/352 tox|[from] ability: Poison Heal
|turn|11
|
|switch|p1a: Mew|Mew|304\/404 brn
|-damage|p1a: Mew|254\/404 brn|[from] Stealth Rock
|move|p2a: Charizard|Fire Blast|p1a: Mew
|-damage|p1a: Mew|0 fnt
|faint|p1a: Mew
|
|-weather|SunnyDay|[upkeep]
|-damage|p2a: Charizard|189\/297 tox|[from] psn
|
|switch|p1a: Charizard|Charizard, M|359\/359
|-damage|p1a: Charizard|180\/359|[from] Stealth Rock
|turn|12
|
|detailschange|p1a: Charizard|Charizard-Mega-X, M
|message|Charizard has Mega Evolved into Mega Charizard!
|move|p2a: Charizard|Earthquake|p1a: Charizard
|-supereffective|p1a: Charizard
|-damage|p1a: Charizard|26\/359
|move|p1a: Charizard|Roost|p1a: Charizard
|-heal|p1a: Charizard|206\/359
|
|-weather|SunnyDay|[upkeep]
|-damage|p2a: Charizard|117\/297 tox|[from] psn
|turn|13
|
|switch|p2a: Rotom-Wash|Rotom-Wash|241\/241
|move|p1a: Charizard|Roost|p1a: Charizard
|-heal|p1a: Charizard|359\/359
|
|-weather|none
|turn|14
|
|move|p2a: Rotom-Wash|Hydro Pump|p1a: Charizard|[miss]
|-miss|p2a: Rotom-Wash|p1a: Charizard
|move|p1a: Charizard|Dragon Dance|p1a: Charizard
|-boost|p1a: Charizard|atk|1
|-boost|p1a: Charizard|spe|1
|
|turn|15
|
|move|p2a: Rotom-Wash|Hydro Pump|p1a: Charizard
|-damage|p1a: Charizard|158\/359
|move|p1a: Charizard|Dragon Claw|p2a: Rotom-Wash
|-damage|p2a: Rotom-Wash|0 fnt
|faint|p2a: Rotom-Wash
|
|
|switch|p2a: Azumarill|Azumarill, F|154\/389
|turn|16
|
|move|p2a: Azumarill|Aqua Jet|p1a: Charizard
|-damage|p1a: Charizard|85\/359
|move|p1a: Charizard|Roost|p1a: Charizard
|-heal|p1a: Charizard|265\/359
|
|turn|17
|
|move|p2a: Azumarill|Aqua Jet|p1a: Charizard
|-damage|p1a: Charizard|186\/359
|move|p1a: Charizard|Flare Blitz|p2a: Azumarill
|-resisted|p2a: Azumarill
|-damage|p2a: Azumarill|0 fnt
|-damage|p1a: Charizard|135\/359|[from] recoil|[of] p2a: Azumarill
|faint|p2a: Azumarill
|
|
|switch|p2a: Thundurus|Thundurus, M|299\/299
|turn|18
|
|move|p1a: Charizard|Dragon Claw|p2a: Thundurus
|-damage|p2a: Thundurus|0 fnt
|faint|p2a: Thundurus
|
|
|switch|p2a: Landorus|Landorus, M|222\/319 tox
|turn|19
|
|move|p1a: Charizard|Dragon Claw|p2a: Landorus
|-damage|p2a: Landorus|0 fnt
|faint|p2a: Landorus
|
|c|âAim for the Top|GG
|
|switch|p2a: Charizard|Charizard-Mega-Y, M|117\/297 tox
|-weather|SunnyDay
|turn|20
|c|âLord Exodia|hax
|c|âLord Exodia|hax
|c|âLord Exodia|hax
|c|âAim for the Top|there were none lol
|c|âLord Exodia|solo asi ganas
|
|move|p1a: Charizard|Dragon Claw|p2a: Charizard
|-damage|p2a: Charizard|0 fnt
|faint|p2a: Charizard
|
|win|Aim for the Top
|raw|Ladder updating...
|c|âAim for the Top|oh no
|raw|Aim for the Top's rating: 1693 &rarr; <strong>1706<\/strong><br \/>(+13 for winning)
|raw|Lord Exodia's rating: 1554 &rarr; <strong>1542<\/strong><br \/>(-12 for losing)
|leave|Lord Exodia
|player|p2
|c|âAim for the Top|stay scrub 