|join|Aim for the top
|join|andrewmon
|player|p1|Aim for the top|169
|player|p2|andrewmon|253
|gametype|singles
|gen|6
|tier|OU
|rated
|clearpoke
|poke|p1|Metagross
|poke|p1|Keldeo
|poke|p1|Bisharp, M
|poke|p1|Clefable, M
|poke|p1|Latias, F
|poke|p1|Landorus-Therian, M
|poke|p2|Charizard, M
|poke|p2|Sylveon, F
|poke|p2|Gengar, M
|poke|p2|Excadrill, M
|poke|p2|Dugtrio, M
|poke|p2|Tyranitar, M
|rule|Swagger Clause: Swagger is banned
|rule|Baton Pass Clause: Limit one PokÃ©mon knowing Baton Pass
|rule|Sleep Clause Mod: Limit one foe put to sleep
|rule|Species Clause: Limit one of each PokÃ©mon
|rule|OHKO Clause: OHKO moves are banned
|rule|Moody Clause: Moody is banned
|rule|Evasion Moves Clause: Evasion moves are banned
|rule|Endless Battle Clause: Forcing endless battles is banned
|rule|HP Percentage Mod: HP is shown in percentages
|teampreview
|
|start
|switch|p1a: Landorus-Therian|Landorus-Therian, M|319\/319
|switch|p2a: Charizard|Charizard, M|335\/335
|-ability|p1a: Landorus-Therian|Intimidate|[of] p2a: Charizard
|-unboost|p2a: Charizard|atk|1
|turn|1
|c|âandrewmon|i think im gonna crate a pokemon theme song titled "I HAte Lando!"
|c|âAim for the top|sorry mate i needed a scarfer
|
|switch|p2a: Excadrill|Excadrill, M|361\/361
|move|p1a: Landorus-Therian|U-turn|p2a: Excadrill
|-resisted|p2a: Excadrill
|-damage|p2a: Excadrill|287\/361
|
|switch|p1a: Keldeo|Keldeo|323\/323
|
|turn|2
|
|switch|p2a: Sylveon|Sylveon, F|394\/394
|move|p1a: Keldeo|Scald|p2a: Sylveon
|-damage|p2a: Sylveon|219\/394
|
|-heal|p2a: Sylveon|243\/394|[from] item: Leftovers
|turn|3
|
|switch|p1a: Bisharp|Bisharp, M|287\/287
|move|p2a: Sylveon|Wish|p2a: Sylveon
|
|-heal|p2a: Sylveon|267\/394|[from] item: Leftovers
|turn|4
|
|move|p2a: Sylveon|Protect|p2a: Sylveon
|-singleturn|p2a: Sylveon|Protect
|move|p1a: Bisharp|Knock Off|p2a: Sylveon
|-activate|p2a: Sylveon|Protect
|
|-heal|p2a: Sylveon|394\/394|[from] move: Wish|[wisher] Sylveon
|turn|5
|
|switch|p2a: Charizard|Charizard, M|335\/335
|move|p1a: Bisharp|Knock Off|p2a: Charizard
|-damage|p2a: Charizard|233\/335
|
|turn|6
|
|switch|p1a: Landorus-Therian|Landorus-Therian, M|319\/319
|-ability|p1a: Landorus-Therian|Intimidate|[of] p2a: Charizard
|-unboost|p2a: Charizard|atk|1
|detailschange|p2a: Charizard|Charizard-Mega-Y, M
|-mega|p2a: Charizard|Charizard|Charizardite Y
|-weather|SunnyDay
|move|p2a: Charizard|Will-O-Wisp|p1a: Landorus-Therian
|-status|p1a: Landorus-Therian|brn
|
|-weather|SunnyDay|[upkeep]
|-damage|p1a: Landorus-Therian|280\/319 brn|[from] brn
|turn|7
|
|switch|p2a: Sylveon|Sylveon, F|394\/394
|move|p1a: Landorus-Therian|Stone Edge|p2a: Sylveon
|-damage|p2a: Sylveon|330\/394
|
|-weather|SunnyDay|[upkeep]
|-heal|p2a: Sylveon|354\/394|[from] item: Leftovers
|-damage|p1a: Landorus-Therian|241\/319 brn|[from] brn
|turn|8
|
|switch|p1a: Metagross|Metagross|301\/301
|move|p2a: Sylveon|Wish|p2a: Sylveon
|
|-weather|SunnyDay|[upkeep]
|-heal|p2a: Sylveon|378\/394|[from] item: Leftovers
|turn|9
|
|switch|p2a: Charizard|Charizard-Mega-Y, M|233\/335
|detailschange|p1a: Metagross|Metagross-Mega
|-mega|p1a: Metagross|Metagross|Metagrossite
|move|p1a: Metagross|Meteor Mash|p2a: Charizard
|-resisted|p2a: Charizard
|-damage|p2a: Charizard|133\/335
|
|-weather|SunnyDay|[upkeep]
|-heal|p2a: Charizard|330\/335|[from] move: Wish|[wisher] Sylveon
|turn|10
|
|switch|p1a: Latias|Latias, F|301\/301
|move|p2a: Charizard|Flamethrower|p1a: Latias
|-resisted|p1a: Latias
|-damage|p1a: Latias|203\/301
|-status|p1a: Latias|brn
|
|-weather|none
|-damage|p1a: Latias|166\/301 brn|[from] brn
|turn|11
|
|switch|p1a: Metagross|Metagross-Mega|301\/301
|switch|p2a: Tyranitar|Tyranitar, M|341\/341
|-weather|Sandstorm
|
|-weather|Sandstorm|[upkeep]
|turn|12
|
|switch|p2a: Charizard|Charizard-Mega-Y, M|330\/335
|-weather|SunnyDay
|move|p1a: Metagross|Meteor Mash|p2a: Charizard
|-crit|p2a: Charizard
|-resisted|p2a: Charizard
|-damage|p2a: Charizard|183\/335
|
|-weather|SunnyDay|[upkeep]
|turn|13
|
|move|p1a: Metagross|Zen Headbutt|p2a: Charizard
|-damage|p2a: Charizard|0 fnt
|faint|p2a: Charizard
|
|-weather|SunnyDay|[upkeep]
|c|âandrewmon|that fucking cirt, and then the high dmg roll!!!!
|c|âandrewmon|u gotta be kidding me!
|c|âAim for the top|252 Atk Tough Claws Metagross Zen Headbutt vs. 0 HP \/ 4 Def Mega Charizard Y: 219-258 (73.7 - 86.8%) -- guaranteed 2HKO
|c|âAim for the top|high damage roll wut?
|c|âandrewmon|252 Atk Tough Claws Metagross Zen Headbutt vs. 152 HP \/ 200+ Def Mega Charizard Y: 168-198 (50.1 - 59.1%) -- guaranteed 2HKO
|
|switch|p2a: Dugtrio|Dugtrio, M|212\/212
|turn|14
|
|move|p2a: Dugtrio|Earthquake|p1a: Metagross
|-supereffective|p1a: Metagross
|-damage|p1a: Metagross|131\/301
|move|p1a: Metagross|Grass Knot|p2a: Dugtrio
|-supereffective|p2a: Dugtrio
|-damage|p2a: Dugtrio|40\/212
|
|-weather|SunnyDay|[upkeep]
|turn|15
|
|move|p2a: Dugtrio|Earthquake|p1a: Metagross
|-supereffective|p1a: Metagross
|-damage|p1a: Metagross|0 fnt
|faint|p1a: Metagross
|
|-weather|SunnyDay|[upkeep]
|c|âAim for the top|hahaha
|c|âAim for the top|gimme a break
|c|âAim for the top|how much special attack do you have?
|c|âandrewmon|well mid dmg roll
|
|switch|p1a: Landorus-Therian|Landorus-Therian, M|241\/319 brn
|-ability|p1a: Landorus-Therian|Intimidate|[of] p2a: Dugtrio
|-unboost|p2a: Dugtrio|atk|1
|turn|16
|c|âandrewmon|but that crit def mattered
|
|switch|p2a: Sylveon|Sylveon, F|378\/394
|move|p1a: Landorus-Therian|U-turn|p2a: Sylveon
|-resisted|p2a: Sylveon
|-damage|p2a: Sylveon|357\/394
|
|switch|p1a: Bisharp|Bisharp, M|287\/287
|
|-weather|none
|-heal|p2a: Sylveon|381\/394|[from] item: Leftovers
|turn|17
|
|switch|p2a: Dugtrio|Dugtrio, M|40\/212
|move|p1a: Bisharp|Iron Head|p2a: Dugtrio
|-crit|p2a: Dugtrio
|-damage|p2a: Dugtrio|0 fnt
|faint|p2a: Dugtrio
|
|
|switch|p2a: Excadrill|Excadrill, M|287\/361
|turn|18
|
|switch|p1a: Landorus-Therian|Landorus-Therian, M|241\/319 brn
|-ability|p1a: Landorus-Therian|Intimidate|[of] p2a: Excadrill
|-unboost|p2a: Excadrill|atk|1
|move|p2a: Excadrill|Earthquake|p1a: Landorus-Therian
|-immune|p1a: Landorus-Therian|[msg]
|
|-damage|p1a: Landorus-Therian|202\/319 brn|[from] brn
|turn|19
|
|switch|p2a: Gengar|Gengar, M|272\/272
|move|p1a: Landorus-Therian|U-turn|p2a: Gengar
|-resisted|p2a: Gengar
|-damage|p2a: Gengar|257\/272
|
|switch|p1a: Bisharp|Bisharp, M|287\/287
|
|-heal|p2a: Gengar|272\/272|[from] item: Black Sludge
|turn|20
|
|move|p2a: Gengar|Substitute|p2a: Gengar
|-start|p2a: Gengar|Substitute
|-damage|p2a: Gengar|204\/272
|move|p1a: Bisharp|Pursuit|p2a: Gengar
|-supereffective|p2a: Gengar
|-end|p2a: Gengar|Substitute
|
|-heal|p2a: Gengar|221\/272|[from] item: Black Sludge
|turn|21
|
|move|p2a: Gengar|Will-O-Wisp|p1a: Bisharp
|-status|p1a: Bisharp|brn
|move|p1a: Bisharp|Knock Off|p2a: Gengar
|-supereffective|p2a: Gengar
|-damage|p2a: Gengar|0 fnt
|-enditem|p2a: Gengar|Black Sludge|[from] move: Knock Off|[of] p1a: Bisharp
|faint|p2a: Gengar
|
|-damage|p1a: Bisharp|252\/287 brn|[from] brn
|
|switch|p2a: Excadrill|Excadrill, M|287\/361
|turn|22
|
|switch|p2a: Sylveon|Sylveon, F|381\/394
|move|p1a: Bisharp|Knock Off|p2a: Sylveon
|-resisted|p2a: Sylveon
|-damage|p2a: Sylveon|336\/394
|-enditem|p2a: Sylveon|Leftovers|[from] move: Knock Off|[of] p1a: Bisharp
|
|-damage|p1a: Bisharp|217\/287 brn|[from] brn
|turn|23
|
|move|p1a: Bisharp|Iron Head|p2a: Sylveon
|-supereffective|p2a: Sylveon
|-damage|p2a: Sylveon|190\/394
|cant|p2a: Sylveon|flinch
|
|-damage|p1a: Bisharp|182\/287 brn|[from] brn
|turn|24
|c|âAim for the top|who the fuck runs 200+ def charizard y
|
|move|p1a: Bisharp|Iron Head|p2a: Sylveon
|-supereffective|p2a: Sylveon
|-damage|p2a: Sylveon|52\/394
|move|p2a: Sylveon|Wish|p2a: Sylveon
|
|-damage|p1a: Bisharp|147\/287 brn|[from] brn
|turn|25
|
|switch|p1a: Latias|Latias, F|166\/301 brn
|move|p2a: Sylveon|Protect|p2a: Sylveon
|-fail|p2a: Sylveon
|
|-heal|p2a: Sylveon|249\/394|[from] move: Wish|[wisher] Sylveon
|-damage|p1a: Latias|129\/301 brn|[from] brn
|turn|26
|
|move|p1a: Latias|Healing Wish|p1a: Latias
|faint|p1a: Latias
|move|p2a: Sylveon|Wish|p2a: Sylveon
|
|
|switch|p1a: Bisharp|Bisharp, M|147\/287 brn
|-heal|p1a: Bisharp|287\/287|[from] move: Healing Wish
|turn|27
|
|switch|p2a: Excadrill|Excadrill, M|287\/361
|move|p1a: Bisharp|Iron Head|p2a: Excadrill
|-resisted|p2a: Excadrill
|-damage|p2a: Excadrill|181\/361
|
|-heal|p2a: Excadrill|361\/361|[from] move: Wish|[wisher] Sylveon
|turn|28
|
|switch|p1a: Landorus-Therian|Landorus-Therian, M|202\/319 brn
|-ability|p1a: Landorus-Therian|Intimidate|[of] p2a: Excadrill
|-unboost|p2a: Excadrill|atk|1
|move|p2a: Excadrill|Iron Head|p1a: Landorus-Therian
|-damage|p1a: Landorus-Therian|97\/319 brn
|
|-damage|p1a: Landorus-Therian|58\/319 brn|[from] brn
|turn|29
|
|switch|p2a: Sylveon|Sylveon, F|249\/394
|move|p1a: Landorus-Therian|Earthquake|p2a: Sylveon
|-damage|p2a: Sylveon|155\/394
|
|-damage|p1a: Landorus-Therian|19\/319 brn|[from] brn
|turn|30
|
|move|p1a: Landorus-Therian|Earthquake|p2a: Sylveon
|-damage|p2a: Sylveon|59\/394
|move|p2a: Sylveon|Wish|p2a: Sylveon
|
|-damage|p1a: Landorus-Therian|0 fnt|[from] brn
|faint|p1a: Landorus-Therian
|
|switch|p1a: Bisharp|Bisharp, M|287\/287
|turn|31
|
|move|p2a: Sylveon|Protect|p2a: Sylveon
|-singleturn|p2a: Sylveon|Protect
|move|p1a: Bisharp|Knock Off|p2a: Sylveon
|-activate|p2a: Sylveon|Protect
|
|-heal|p2a: Sylveon|256\/394|[from] move: Wish|[wisher] Sylveon
|turn|32
|
|switch|p2a: Tyranitar|Tyranitar, M|341\/341
|-weather|Sandstorm
|move|p1a: Bisharp|Knock Off|p2a: Tyranitar
|-resisted|p2a: Tyranitar
|-damage|p2a: Tyranitar|256\/341
|-enditem|p2a: Tyranitar|Smooth Rock|[from] move: Knock Off|[of] p1a: Bisharp
|
|-weather|Sandstorm|[upkeep]
|turn|33
|
|move|p2a: Tyranitar|Pursuit|p1a: Bisharp
|-resisted|p1a: Bisharp
|-damage|p1a: Bisharp|254\/287
|move|p1a: Bisharp|Iron Head|p2a: Tyranitar
|-supereffective|p2a: Tyranitar
|-damage|p2a: Tyranitar|0 fnt
|faint|p2a: Tyranitar
|
|-weather|Sandstorm|[upkeep]
|
|switch|p2a: Excadrill|Excadrill, M|361\/361
|turn|34
|
|move|p1a: Bisharp|Sucker Punch|p2a: Excadrill
|-damage|p2a: Excadrill|127\/361
|move|p2a: Excadrill|Earthquake|p1a: Bisharp
|-crit|p1a: Bisharp
|-supereffective|p1a: Bisharp
|-damage|p1a: Bisharp|0 fnt
|faint|p1a: Bisharp
|
|-weather|Sandstorm|[upkeep]
|
|switch|p1a: Clefable|Clefable, M|394\/394
|turn|35
|
|move|p2a: Excadrill|Iron Head|p1a: Clefable
|-supereffective|p1a: Clefable
|-damage|p1a: Clefable|154\/394
|move|p1a: Clefable|Fire Blast|p2a: Excadrill
|-crit|p2a: Excadrill
|-supereffective|p2a: Excadrill
|-damage|p2a: Excadrill|0 fnt
|faint|p2a: Excadrill
|
|-weather|Sandstorm|[upkeep]
|-heal|p1a: Clefable|178\/394|[from] item: Leftovers
|
|switch|p2a: Sylveon|Sylveon, F|256\/394
|turn|36
|
|move|p2a: Sylveon|Hyper Voice|p1a: Clefable
|-crit|p1a: Clefable
|-damage|p1a: Clefable|0 fnt
|faint|p1a: Clefable
|
|-weather|Sandstorm|[upkeep]
|-damage|p2a: Sylveon|232\/394|[from] Sandstorm
|
|switch|p1a: Keldeo|Keldeo|323\/323
|turn|37
|
|move|p1a: Keldeo|Scald|p2a: Sylveon
|-damage|p2a: Sylveon|58\/394
|-status|p2a: Sylveon|brn
|move|p2a: Sylveon|Hyper Voice|p1a: Keldeo
|-supereffective|p1a: Keldeo
|-damage|p1a: Keldeo|0 fnt
|faint|p1a: Keldeo
|
|win|andrewmon
|raw|Ladder updating...
|raw|Aim for the top's rating: 1693 &rarr; <strong>1669<\/strong><br \/>(-24 for losing)
|raw|andrewmon's rating: 1609 &rarr; <strong>1634<\/strong><br \/>(+25 for winning)
|c|âAim for the top|gg
|c|âandrewmon|gg
|leave|Aim for the top
|player|p1